ticker,dimension,calendardate,datekey,reportperiod,lastupdated,accoci,assets,assetsavg,assetsc,assetsnc,assetturnover,bvps,capex,cashneq,cashnequsd,cor,consolinc,currentratio,de,debt,debtc,debtnc,debtusd,deferredrev,depamor,deposits,divyield,dps,ebit,ebitda,ebitdamargin,ebitdausd,ebitusd,ebt,eps,epsdil,epsusd,equity,equityavg,equityusd,ev,evebit,evebitda,fcf,fcfps,fxusd,gp,grossmargin,intangibles,intexp,invcap,invcapavg,inventory,investments,investmentsc,investmentsnc,liabilities,liabilitiesc,liabilitiesnc,marketcap,ncf,ncfbus,ncfcommon,ncfdebt,ncfdiv,ncff,ncfi,ncfinv,ncfo,ncfx,netinc,netinccmn,netinccmnusd,netincdis,netincnci,netmargin,opex,opinc,payables,payoutratio,pb,pe,pe1,ppnenet,prefdivis,price,ps,ps1,receivables,retearn,revenue,revenueusd,rnd,roa,roe,roic,ros,sbcomp,sgna,sharefactor,sharesbas,shareswa,shareswadil,sps,tangibles,taxassets,taxexp,taxliabilities,tbvps,workingcapital
ABMD,MRY,2011-12-31,2011-03-31,2011-03-31,2018-02-06,745000,131588000,124458000,84737000,46851000,0.813,2.813,-1804000,5831000,5831000,21977000,-11755000,3.793,0.256,0,0,0,0,1982000,3948000,0,0.0,0.0,-10863000,-6915000,-0.068,-6915000,-10863000,-10863000,-0.32,-0.32,-0.32,104743000,101720000,104743000,545814359,-50,-78.932,-230000,-0.006,1.0,79174000,0.783,40578000,0,62836000,62591750,7505000,54481000,54481000,0,26845000,22343000,4502000,550007359,1043000,456000,1374000,0,0,1374000,-2352000,-1004000,1574000,447000,-11755000,-11755000,-11755000,0,0,-0.116,90359000,-11185000,6283000,0.0,5.251,-46.789,-45.406,6273000,0,14.53,5.437,5.339,15376000,-274770000,101151000,101151000,26677000,-0.094,-0.116,-0.174,-0.107,5421000,62287000,1.0,37853225,37167000,37167000,2.722,91010000,0,892000,4010000,2.445,62394000
ABMD,MRY,2012-12-31,2012-03-31,2012-03-31,2018-02-06,-1765000,153911000,139321000,110539000,43372000,0.907,3.252,-1745000,5990000,5990000,24507000,1495000,4.931,0.219,0,0,0,0,3025000,4336000,0,0.0,0.0,2543000,6879000,0.054,6879000,2543000,2543000,0.04,0.04,0.04,126297000,116664250,126297000,860186346,338,125.045,1889000,0.049,1.0,101868000,0.806,36846000,0,88660000,78277000,11142000,71233000,71233000,0,27614000,22415000,5199000,865278346,159000,0,14680000,0,0,14680000,-17480000,-15735000,3634000,-675000,1495000,1495000,1495000,0,0,0.012,100348000,1520000,6910000,0.0,6.851,578.782,554.75,6378000,0,22.19,6.847,6.738,20458000,-273275000,126375000,126375000,27159000,0.011,0.013,0.032,0.02,7773000,71711000,1.0,38994067,38374000,40172000,3.293,117065000,0,1048000,4799000,3.015,88124000
ABMD,MRY,2013-12-31,2013-03-31,2013-03-31,2018-02-06,-3737000,169999000,163939000,116605000,53394000,0.965,3.564,-2836000,9451000,9451000,31596000,15014000,4.31,0.24,0,0,0,0,4198000,2723000,0,0.0,0.0,16862000,19585000,0.124,19585000,16862000,16862000,0.38,0.37,0.38,137080000,136079250,137080000,709117238,42,36.207,23563000,0.602,1.0,126528000,0.8,35410000,0,98082000,98932500,14930000,78662000,67256000,11406000,32919000,27056000,5863000,719874238,3461000,0,-11554000,0,0,-11811000,-10265000,-7429000,26399000,-862000,15014000,15014000,15014000,0,0,0.095,109985000,16543000,7696000,0.0,5.251,47.947,49.132,6549000,0,18.67,4.553,4.618,22946000,-258261000,158124000,158124000,25647000,0.092,0.11,0.17,0.107,9501000,84227000,1.0,38557806,39113000,41052000,4.043,134589000,0,1848000,5554000,3.5,89549000
ABMD,MRY,2014-12-31,2014-03-31,2014-03-31,2018-02-06,-730000,205407000,187563500,117966000,87441000,0.979,4.23,-2761000,20916000,20916000,37322000,7351000,3.879,0.22,0,0,0,0,4766000,2508000,0,0.0,0.0,8530000,11038000,0.06,11038000,8530000,8530000,0.19,0.18,0.19,168353000,155204750,168353000,1014229475,118,91.885,20705000,0.526,1.0,146321000,0.797,37990000,0,116090000,107893750,13948000,97424000,55663000,41761000,37054000,30411000,6643000,1036861475,11465000,0,10057000,0,0,9632000,-22272000,-19511000,23466000,639000,7351000,7351000,7351000,0,0,0.04,137958000,8363000,7746000,0.0,6.159,141.05,137.053,6889000,0,26.04,5.646,5.577,24357000,-250910000,183643000,183643000,30707000,0.039,0.047,0.079,0.046,11218000,107251000,1.0,39818029,39334000,41606000,4.669,167417000,0,1179000,6415000,4.207,87555000
ABMD,MRY,2015-12-31,2015-03-31,2015-03-31,2018-02-06,-17330000,338367000,250217500,185039000,153328000,0.92,7.084,-5188000,22401000,22401000,39945000,113688000,4.706,0.161,0,0,0,0,7036000,2770000,0,0.0,0.0,28765000,31535000,0.137,31535000,28765000,28765000,2.8,2.65,2.8,291560000,208291500,291560000,2922940158,101,92.689,38102000,0.938,1.0,190366000,0.827,31534000,0,245113000,159628500,16774000,123553000,109557000,13996000,46807000,39319000,7488000,2942418158,1485000,-15697000,11722000,0,0,9523000,-49863000,-28978000,43290000,-1465000,113688000,113688000,113688000,0,0,0.494,161700000,28666000,10389000,0.0,10.092,25.882,25.564,9127000,0,71.58,12.776,12.628,31828000,-137222000,230311000,230311000,35973000,0.454,0.546,0.18,0.125,15914000,125727000,1.0,41106708,40632000,42858000,5.668,306833000,80306000,-84923000,795000,7.455,145720000
ABMD,MRY,2016-12-31,2016-03-31,2016-03-31,2018-02-06,-14540000,423931000,385242250,288392000,135539000,0.855,8.685,-15624000,48231000,48231000,50419000,38147000,6.197,0.15,0,0,0,0,8778000,3277000,0,0.0,0.0,65838000,69115000,0.21,69115000,65838000,65838000,0.9,0.85,0.9,368775000,338362750,368775000,3970259532,60,57.444,61171000,1.449,1.0,279124000,0.847,33003000,0,296156000,265023750,26740000,164822000,163822000,1000000,55156000,46541000,8615000,4023485532,25830000,0,10906000,0,0,7160000,-57710000,-42086000,76795000,-415000,38147000,38147000,38147000,0,0,0.116,214020000,65104000,9381000,0.0,10.91,105.473,105.344,23184000,0,94.81,12.209,12.142,42821000,-99075000,329543000,329543000,49759000,0.099,0.113,0.248,0.2,25486000,164261000,1.0,42437354,42204000,44895000,7.808,390928000,58534000,27691000,832000,9.207,241851000
ABMD,MRY,2017-12-31,2017-03-31,2017-03-31,2018-02-06,-20606000,550414000,488897000,326958000,223456000,0.911,10.374,-50415000,39040000,39040000,70627000,52116000,4.697,0.218,16338000,799000,15539000,16338000,10495000,6202000,0,0.0,0.0,91343000,97545000,0.219,97545000,91343000,91343000,1.21,1.17,1.21,452071000,411304750,452071000,5406576368,59,55.426,64701000,1.496,1.0,374677000,0.841,31045000,0,427050000,365491250,34931000,238051000,190908000,47143000,98343000,69617000,28726000,5451125368,-9191000,0,12380000,-446000,0,3867000,-126333000,-75918000,115116000,-1841000,52116000,52116000,52116000,0,0,0.117,284539000,90138000,20620000,0.0,12.058,104.596,103.471,87777000,0,125.2,12.241,12.157,54055000,-46959000,445304000,445304000,66386000,0.107,0.127,0.25,0.205,20828000,218153000,1.0,43539340,43238000,44658000,10.299,519369000,34723000,39227000,783000,11.918,257341000
