ticker,dimension,calendardate,datekey,reportperiod,lastupdated,accoci,assets,assetsavg,assetsc,assetsnc,assetturnover,bvps,capex,cashneq,cashnequsd,cor,consolinc,currentratio,de,debt,debtc,debtnc,debtusd,deferredrev,depamor,deposits,divyield,dps,ebit,ebitda,ebitdamargin,ebitdausd,ebitusd,ebt,eps,epsdil,epsusd,equity,equityavg,equityusd,ev,evebit,evebitda,fcf,fcfps,fxusd,gp,grossmargin,intangibles,intexp,invcap,invcapavg,inventory,investments,investmentsc,investmentsnc,liabilities,liabilitiesc,liabilitiesnc,marketcap,ncf,ncfbus,ncfcommon,ncfdebt,ncfdiv,ncff,ncfi,ncfinv,ncfo,ncfx,netinc,netinccmn,netinccmnusd,netincdis,netincnci,netmargin,opex,opinc,payables,payoutratio,pb,pe,pe1,ppnenet,prefdivis,price,ps,ps1,receivables,retearn,revenue,revenueusd,rnd,roa,roe,roic,ros,sbcomp,sgna,sharefactor,sharesbas,shareswa,shareswadil,sps,tangibles,taxassets,taxexp,taxliabilities,tbvps,workingcapital
ACM,MRY,2011-12-31,2011-09-30,2011-09-30,2018-05-09,-187574000,5789328000,5740339250,2990066000,2799262000,1.4,20.106,-77991000,456940000,456940000,7570672000,284090000,1.648,1.451,1162469000,17746000,1144723000,1162469000,324899000,110306000,0,0.0,0.0,417941000,528247000,0.066,528247000,417941000,375890000,2.35,2.33,2.35,2339711000,2360317000,2339711000,2925166979,6,5.537,54021000,0.46,1.0,466702000,0.058,2205470000,42051000,2474941000,2529516500,0,71124000,0,71124000,3394191000,1814446000,1579745000,2110642979,-155917000,-386504000,-145744000,223257000,0,137460000,-421917000,42578000,132012000,-3472000,275800000,275798000,275798000,0,8290000,0.034,90298000,376404000,679111000,0.0,0.902,7.653,7.519,323826000,2000,17.67,0.263,0.258,2380181000,826946000,8037374000,8037374000,0,0.048,0.117,0.165,0.052,-36311000,90298000,1.0,119447820,117396000,118345000,68.464,3583858000,135336000,100090000,0,30.798,1175620000
ACM,MRY,2012-12-31,2012-09-30,2012-09-30,2018-05-09,-179173000,5664568000,5884013750,3147293000,2517275000,1.397,19.729,-62874000,593776000,593776000,7796321000,-56933000,1.514,1.586,1069732000,162591000,907141000,1069732000,320296000,102974000,0,0.0,0.0,62575000,165549000,0.02,165549000,62575000,15849000,-0.52,-0.52,-0.52,2169464000,2367837500,2169464000,3064580204,48,18.512,370478000,3.312,1.0,421859000,0.051,1872325000,46726000,2189797000,2445251750,0,91049000,0,91049000,3440080000,2078402000,1361678000,2392707204,136836000,-12770000,-141450000,-96135000,0,-237614000,-73773000,1871000,433352000,14871000,-58567000,-58567000,-58567000,0,1634000,-0.007,416903000,4956000,761211000,0.0,1.103,-40.854,-40.692,325917000,0,21.16,0.291,0.288,2395881000,606089000,8218180000,8218180000,0,-0.01,-0.025,0.026,0.008,25297000,80903000,1.0,113076900,111875000,111875000,73.459,3792243000,143820000,74416000,12641000,34.487,1068891000
ACM,MRY,2013-12-31,2013-09-30,2013-09-30,2018-05-09,-261299000,5665623000,5674540000,3131602000,2534021000,1.437,20.621,-52117000,600677000,600677000,7703507000,243196000,1.525,1.777,1173325000,84265000,1089060000,1173325000,322486000,94406000,0,0.0,0.0,376558000,470964000,0.058,470964000,376558000,331821000,2.38,2.35,2.38,2021443000,2023155000,2021443000,3793270831,10,8.054,356481000,3.543,1.0,449988000,0.055,1894903000,44737000,2289819000,2339685500,0,106422000,0,106422000,3591529000,2053549000,1537980000,3152142831,6901000,-63103000,-359707000,95466000,0,-254373000,-139490000,-24270000,408598000,-7834000,239243000,239243000,239243000,0,3953000,0.029,97318000,352670000,725389000,0.0,1.559,13.175,13.139,270672000,0,31.27,0.387,0.386,2342262000,472155000,8153495000,8153495000,0,0.042,0.118,0.161,0.046,30857000,97318000,1.0,100804056,100618000,101942000,81.034,3770720000,163427000,92578000,6127000,38.467,1078053000
ACM,MRY,2014-12-31,2014-09-30,2014-09-30,2018-05-09,-356602000,6123377000,5839954500,3434113000,2689264000,1.431,22.288,-62852000,574188000,574188000,7953607000,232764000,1.398,1.761,1003978000,64413000,939565000,1003978000,379574000,95394000,0,0.0,0.0,352720000,448114000,0.054,448114000,352720000,311878000,2.36,2.33,2.36,2186517000,2130121000,2186517000,3890717368,11,8.682,297773000,3.063,1.0,403176000,0.048,2027576000,40842000,2069822000,2197383250,0,142901000,0,142901000,3850897000,2455769000,1395128000,3357439368,-26489000,-82671000,-7621000,-167165000,0,-233757000,-142796000,2727000,360625000,-10561000,229854000,229854000,229854000,0,2910000,0.028,108218000,294958000,1047155000,0.0,1.536,14.607,14.301,281979000,0,33.75,0.402,0.393,2654976000,677181000,8356783000,8356783000,0,0.039,0.108,0.161,0.042,33690000,80908000,1.0,99479685,97226000,98657000,85.952,4095801000,145451000,82024000,844000,41.749,978344000
ACM,MRY,2015-12-31,2015-09-30,2015-09-30,2018-05-09,-635100000,14014298000,14129924500,6246085000,7768213000,1.273,22.16,-69426000,683893000,683893000,17454692000,-71233000,1.292,3.047,4606938000,160411000,4446527000,4606938000,653877000,599265000,0,0.0,0.0,64545000,663810000,0.037,663810000,64545000,-235082000,-1.04,-1.04,-1.04,3407748000,3465614750,3407748000,8320289550,128,12.534,695007000,4.646,1.0,535188000,0.03,6480130000,299627000,6621161000,7135787500,0,321625000,0,321625000,10383355000,4836052000,5547303000,4153131550,109705000,-3310862000,13521000,3023449000,0,2719764000,-3345728000,34560000,764433000,-28764000,-154845000,-154845000,-154845000,0,83612000,-0.009,512415000,22773000,1853993000,0.0,1.219,-26.821,-26.452,699322000,0,27.51,0.231,0.229,4841450000,522336000,17989880000,17989880000,0,-0.011,-0.045,0.009,0.004,82210000,113975000,1.0,150968068,149605000,149605000,120.249,7534168000,331760000,-80237000,230037000,48.994,1410033000
ACM,MRY,2016-12-31,2016-09-30,2016-09-30,2018-05-09,-857582000,13669936000,13766720250,6000771000,7669165000,1.265,21.539,-136764000,692145000,692145000,16768001000,163472000,1.131,3.005,4068481000,366324000,3702157000,4068481000,631928000,398730000,0,0.0,0.0,316354000,715084000,0.041,715084000,316354000,58192000,0.62,0.62,0.62,3366921000,3422946000,3366921000,8236555790,26,11.518,677391000,4.377,1.0,642824000,0.037,6303282000,258162000,5438234000,5970103000,0,330485000,0,330485000,10117447000,5304756000,4812691000,4569335790,8252000,-37382000,12246000,-493736000,0,-637979000,-162615000,11531000,814155000,-5309000,96109000,96109000,96109000,0,67363000,0.006,328730000,314094000,1910915000,0.0,1.357,47.543,47.952,644992000,0,29.73,0.262,0.264,4531460000,618445000,17410825000,17410825000,0,0.007,0.028,0.053,0.018,73406000,115088000,1.0,153694443,154772000,156073000,112.493,7366654000,218573000,-37917000,23871000,47.125,696015000
ACM,MRY,2017-12-31,2017-09-30,2017-09-30,2018-05-09,-700661000,14396956000,13845808750,6682222000,7714734000,1.315,25.368,-78459000,802362000,802362000,17519682000,421476000,1.198,2.548,3844109000,142000000,3702109000,3844109000,902812000,278631000,0,0.0,0.0,578406000,857037000,0.047,857037000,578406000,347096000,2.18,2.13,2.18,3996126000,3656887250,3996126000,8867007891,15,10.346,618195000,3.97,1.0,683720000,0.038,6407977000,231310000,5452347000,5572785750,0,364223000,0,364223000,10182270000,5578379000,4603891000,5768522891,110217000,-125152000,9893000,-297561000,0,-386490000,-202711000,900000,696654000,2764000,339390000,339390000,339390000,0,82086000,0.019,172018000,511702000,2249872000,0.0,1.444,16.997,16.885,621357000,0,36.81,0.317,0.315,5127743000,961640000,18203402000,18203402000,0,0.025,0.093,0.104,0.032,83774000,133309000,1.0,156710755,155728000,159135000,116.892,7988979000,226730000,7706000,58691000,50.715,1103843000
