ticker,dimension,calendardate,datekey,reportperiod,lastupdated,accoci,assets,assetsavg,assetsc,assetsnc,assetturnover,bvps,capex,cashneq,cashnequsd,cor,consolinc,currentratio,de,debt,debtc,debtnc,debtusd,deferredrev,depamor,deposits,divyield,dps,ebit,ebitda,ebitdamargin,ebitdausd,ebitusd,ebt,eps,epsdil,epsusd,equity,equityavg,equityusd,ev,evebit,evebitda,fcf,fcfps,fxusd,gp,grossmargin,intangibles,intexp,invcap,invcapavg,inventory,investments,investmentsc,investmentsnc,liabilities,liabilitiesc,liabilitiesnc,marketcap,ncf,ncfbus,ncfcommon,ncfdebt,ncfdiv,ncff,ncfi,ncfinv,ncfo,ncfx,netinc,netinccmn,netinccmnusd,netincdis,netincnci,netmargin,opex,opinc,payables,payoutratio,pb,pe,pe1,ppnenet,prefdivis,price,ps,ps1,receivables,retearn,revenue,revenueusd,rnd,roa,roe,roic,ros,sbcomp,sgna,sharefactor,sharesbas,shareswa,shareswadil,sps,tangibles,taxassets,taxexp,taxliabilities,tbvps,workingcapital
ADBE,MRY,2011-12-31,2011-12-02,2011-12-02,2018-03-28,29950000,8991183000,8533420250,3771451000,5219732000,0.494,11.766,-210294000,989500000,989500000,437873000,832847000,3.015,0.555,1514308000,9212000,1505096000,1514308000,531705000,270205000,0,0.0,0.0,1102182000,1372387000,0.325,1372387000,1102182000,1035230000,1.67,1.65,1.67,5783113000,5540473250,5783113000,14055359710,12,10.242,1333020000,2.68,1.0,3778385000,0.896,4394743000,66952000,3870469000,3897951750,0,2129431000,1922192000,207239000,3208070000,1250779000,1957291000,13308186710,239609000,-259046000,-550261000,-10046000,0,-550358000,-757402000,-288062000,1543314000,4055000,832847000,832847000,832847000,0,0,0.198,2679086000,1099299000,86660000,0.0,2.301,15.979,16.234,527828000,0,27.11,3.156,3.199,634373000,6528735000,4216258000,4216258000,738053000,0.098,0.15,0.283,0.261,276154000,1800427000,1.0,490895858,497469000,503921000,8.475,4596440000,91963000,202383000,381194000,9.351,2520672000
ADBE,MRY,2012-12-31,2012-11-30,2012-11-30,2018-03-28,30712000,10040229000,9542195500,4397066000,5643163000,0.461,13.468,-271076000,1425052000,1425052000,483782000,832775000,3.457,0.506,1508155000,11217000,1496938000,1508155000,619565000,299766000,0,0.0,0.0,1186281000,1486047000,0.337,1486047000,1186281000,1118794000,1.68,1.66,1.68,6665182000,6297455750,6665182000,17482434432,14,11.764,1228504000,2.483,1.0,3919895000,0.89,4678295000,67487000,4173285000,4046829250,0,2320540000,2113301000,207239000,3375047000,1271752000,2103295000,17133840432,435552000,-353195000,-235726000,-9000000,0,-234723000,-834662000,-210391000,1499580000,5357000,832775000,832775000,832775000,0,0,0.189,2739704000,1180191000,49759000,0.0,2.571,20.574,20.601,664302000,0,34.61,3.891,3.888,617233000,7003003000,4403677000,4403677000,742823000,0.087,0.132,0.293,0.269,271658000,1951141000,1.0,495054621,494731000,502721000,8.901,5361934000,125243000,286019000,535794000,10.834,3125314000
ADBE,MRY,2013-12-31,2013-11-29,2013-11-29,2018-03-28,46103000,10380298000,10265133500,4045929000,6334369000,0.395,13.466,-164098000,834556000,834556000,586557000,289985000,2.652,0.544,1513973000,14676000,1499297000,1513973000,828812000,321227000,0,0.0,0.0,423649000,744876000,0.184,744876000,423649000,356141000,0.58,0.56,0.58,6724634000,6823008250,6724634000,29084348313,68,39.046,987588000,1.97,1.0,3468683000,0.855,5377235000,67508000,4156832000,4303754500,0,2546435000,2339196000,207239000,3655664000,1525648000,2130016000,28383602313,-590496000,-704589000,-599224000,-533000,0,-559138000,-1177803000,-309116000,1151686000,-5241000,289985000,289985000,289985000,0,0,0.072,3045960000,422723000,62096000,0.0,4.221,97.88,97.897,659774000,0,56.78,6.999,7.02,599820000,6928964000,4055240000,4055240000,826631000,0.028,0.043,0.098,0.104,313658000,2140578000,1.0,499887325,501372000,513476000,8.088,5003063000,102247000,66156000,518401000,10.019,2520281000
ADBE,MRY,2014-12-31,2014-11-28,2014-11-28,2018-03-28,-8094000,10785829000,10474397500,4602328000,6183501000,0.396,13.603,-148332000,1117400000,1117400000,622080000,268395000,1.845,0.592,1514315000,603229000,911086000,1514315000,1155324000,313590000,0,0.0,0.0,421108000,734698000,0.177,734698000,421108000,361376000,0.54,0.53,0.54,6775905000,6688734000,6775905000,37352007236,88,50.84,1139150000,2.288,1.0,3524985000,0.85,5191624000,59732000,3496685000,3551634250,0,2702530000,2622091000,80439000,4009924000,2494435000,1515489000,36747080236,282844000,-29802000,-545834000,-14684000,0,-507283000,-490707000,-312573000,1287482000,-6648000,268395000,268395000,268395000,0,0,0.065,3112300000,412685000,68377000,0.0,5.423,136.914,136.444,785123000,0,73.68,8.861,8.845,591800000,6924294000,4147065000,4147065000,844353000,0.026,0.04,0.119,0.102,333691000,2195640000,1.0,498738874,497867000,508480000,8.33,5594205000,95279000,92981000,491981000,11.231,2107893000
ADBE,MRY,2015-12-31,2015-11-27,2015-11-27,2018-03-28,-169080000,11726472000,11352168000,4821892000,6904580000,0.422,14.049,-127157000,876560000,876560000,744317000,629551000,2.178,0.675,1907231000,0,1907231000,1907231000,1485294000,339473000,0,0.0,0.0,937965000,1277438000,0.266,1277438000,937965000,873781000,1.26,1.24,1.26,7001580000,6760508750,7001580000,47051137997,50,36.832,1342345000,2.691,1.0,4051194000,0.845,5876888000,64184000,4666699000,4455007000,0,3191963000,3111524000,80439000,4724892000,2213556000,2511336000,45974335997,-240840000,-826004000,-460730000,378263000,0,-200687000,-1488358000,-535197000,1469502000,-21297000,629551000,629551000,629551000,0,0,0.131,3148099000,903095000,93307000,0.0,6.566,73.027,73.151,787421000,0,92.17,9.587,9.586,672006000,7253431000,4795511000,4795511000,862730000,0.055,0.093,0.211,0.196,267706000,2216720000,1.0,498799349,498764000,507164000,9.615,5849584000,0,244230000,470503000,11.737,2608336000
ADBE,MRY,2016-12-31,2016-12-02,2016-12-02,2018-03-28,-173602000,12697246000,12294538000,5839774000,6857472000,0.476,14.978,-203805000,1011315000,1011315000,819908000,1168782000,2.077,0.71,1892200000,0,1892200000,1892200000,2014750000,331535000,0,0.0,0.0,1505580000,1837115000,0.314,1837115000,1505580000,1435138000,2.35,2.32,2.35,7424835000,7258148500,7424835000,50737369704,33,27.618,1995923000,4.005,1.0,5034522000,0.86,5820879000,70442000,4945617000,4959170000,0,3830424000,3749985000,80439000,5272411000,2811635000,2460776000,49588450704,134755000,-48427000,-929303000,-108000,0,-1090706000,-960033000,-707801000,2199728000,-14234000,1168782000,1168782000,1168782000,0,0,0.2,3540920000,1493602000,88024000,0.0,6.679,42.427,42.438,816264000,0,99.73,8.47,8.489,833033000,8114517000,5854430000,5854430000,975987000,0.095,0.161,0.304,0.257,274807000,2486399000,1.0,497227020,498345000,504299000,11.748,6876367000,0,266356000,440403000,13.872,3028139000
ADBE,MRY,2017-12-31,2017-12-01,2017-12-01,2018-03-28,-111821000,14535556000,13713013500,7247813000,7287743000,0.532,17.191,-178122000,2306072000,2306072000,1010491000,1693954000,2.055,0.718,1881421000,0,1881421000,1881421000,2494542000,325997000,0,0.0,0.0,2212043000,2538040000,0.348,2538040000,2212043000,2137641000,3.43,3.38,3.43,8459869000,8005747750,8459869000,88607797873,40,34.912,2734731000,5.54,1.0,6291014000,0.862,6207219000,74402000,4376229000,4562318750,0,3513702000,3513702000,0,6075687000,3527457000,2548230000,88493129873,1294757000,-459626000,-941649000,-1960000,0,-1183735000,-442877000,194871000,2912853000,8516000,1693954000,1693954000,1693954000,0,0,0.232,4122919000,2168095000,113538000,0.0,10.46,52.241,52.338,936976000,0,179.52,12.12,12.137,1217968000,9573870000,7301505000,7301505000,1224059000,0.124,0.212,0.485,0.303,451451000,2822298000,1.0,492943014,493632000,501123000,14.791,8328337000,0,443687000,467225000,16.924,3720356000
