ticker,dimension,calendardate,datekey,reportperiod,lastupdated,accoci,assets,assetsavg,assetsc,assetsnc,assetturnover,bvps,capex,cashneq,cashnequsd,cor,consolinc,currentratio,de,debt,debtc,debtnc,debtusd,deferredrev,depamor,deposits,divyield,dps,ebit,ebitda,ebitdamargin,ebitdausd,ebitusd,ebt,eps,epsdil,epsusd,equity,equityavg,equityusd,ev,evebit,evebitda,fcf,fcfps,fxusd,gp,grossmargin,intangibles,intexp,invcap,invcapavg,inventory,investments,investmentsc,investmentsnc,liabilities,liabilitiesc,liabilitiesnc,marketcap,ncf,ncfbus,ncfcommon,ncfdebt,ncfdiv,ncff,ncfi,ncfinv,ncfo,ncfx,netinc,netinccmn,netinccmnusd,netincdis,netincnci,netmargin,opex,opinc,payables,payoutratio,pb,pe,pe1,ppnenet,prefdivis,price,ps,ps1,receivables,retearn,revenue,revenueusd,rnd,roa,roe,roic,ros,sbcomp,sgna,sharefactor,sharesbas,shareswa,shareswadil,sps,tangibles,taxassets,taxexp,taxliabilities,tbvps,workingcapital
ADEP,MRY,2011-12-31,2011-06-30,2011-06-30,2017-04-23,768000,37135000,34285250,29473000,7662000,1.677,2.091,-818000,8627000,8627000,32604000,-6764000,2.33,0.973,4297000,0,4297000,4297000,132000,1063000,0,0.0,0.0,-6687000,-5624000,-0.098,-5624000,-6687000,-6820000,-0.77,-0.77,-0.77,18822000,18855000,18822000,36331828,-5,-6.46,-662000,-0.075,1.0,24901000,0.433,5119000,133000,15034000,14761750,9547000,0,0,0,18313000,12652000,5661000,39536828,9000,-1462000,226000,2846000,0,2917000,-2280000,0,156000,-784000,-6764000,-6764000,-6764000,0,0,-0.118,31409000,-6508000,8165000,0.0,2.101,-5.845,-5.273,1769000,0,4.06,0.688,0.621,10883000,-155281000,57505000,57505000,8209000,-0.197,-0.359,-0.453,-0.116,3075000,22189000,1.0,9738135,8802000,8802000,6.533,32016000,0,-56000,1442000,3.557,16821000
ADEP,MRY,2012-12-31,2012-06-30,2012-06-30,2017-04-23,-56000,36161000,36248500,29095000,7066000,1.827,1.933,-1002000,8722000,8722000,38219000,-3723000,1.714,0.971,5946000,5500000,446000,5946000,280000,1359000,0,0.0,0.0,-3849000,-2490000,-0.038,-2490000,-3849000,-4119000,-0.4,-0.4,-0.4,18344000,17380250,18344000,42596749,-11,-17.107,-4916000,-0.524,1.0,28000000,0.423,4653000,270000,11760000,13458250,7954000,0,0,0,17817000,16972000,845000,42302749,95000,-508000,3413000,1604000,0,4885000,-1510000,0,-3914000,634000,-3723000,-3723000,-3723000,0,0,-0.056,31137000,-3137000,6183000,0.0,2.306,-11.363,-10.875,2292000,0,4.35,0.639,0.617,11905000,-159004000,66219000,66219000,8714000,-0.103,-0.214,-0.286,-0.058,1296000,20701000,1.0,9724770,9386000,9386000,7.055,31508000,0,-396000,479000,3.321,12123000
ADEP,MRY,2013-12-31,2013-06-30,2013-06-30,2017-04-23,265000,30033000,31707500,25734000,4299000,1.476,0.946,41000,6274000,6274000,27696000,-10025000,2.1,1.325,284000,0,284000,284000,1314000,1378000,0,0.0,0.0,-10274000,-8896000,-0.19,-8896000,-10274000,-10345000,-0.99,-0.99,-0.99,9580000,11578250,9580000,35963165,-3,-4.043,-4671000,-0.448,1.0,19120000,0.408,2533000,71000,9256000,10136250,8135000,0,0,0,12693000,12254000,439000,42351165,-2448000,0,512000,-5559000,0,2305000,41000,0,-4712000,-82000,-10025000,-10348000,-10348000,0,0,-0.221,29496000,-10376000,7069000,0.0,4.421,-4.093,-3.929,1525000,323000,3.89,0.905,0.867,10848000,-169029000,46816000,46816000,7634000,-0.326,-0.894,-1.014,-0.219,836000,18958000,1.0,10887189,10437000,10437000,4.486,27500000,0,-320000,155000,2.717,13480000
ADEP,MRY,2014-12-31,2014-06-30,2014-06-30,2017-04-23,150000,33070000,30980500,29609000,3461000,1.857,1.547,-223000,7794000,7794000,30920000,-339000,2.399,0.64,130000,0,130000,130000,644000,1095000,0,0.0,0.0,64000,1159000,0.02,1159000,64000,10000,-0.07,-0.07,-0.07,20167000,15461250,20167000,130424571,2037,112.532,731000,0.062,1.0,26620000,0.463,2289000,54000,10774000,11038250,10296000,0,0,0,12903000,12343000,560000,136922571,1326000,0,1792000,-8000,0,1251000,-417000,0,954000,-462000,-339000,-781000,-781000,0,0,-0.014,26967000,-347000,7709000,0.0,6.789,-175.317,-149.857,1082000,442000,10.49,2.38,2.136,10974000,-169368000,57540000,57540000,6758000,-0.025,-0.051,0.006,0.001,2022000,19806000,1.0,13052676,11718000,11718000,4.91,30781000,0,349000,440000,2.361,17266000
ADEP,MRY,2015-12-31,2015-06-30,2015-06-30,2017-04-23,-221000,33757000,29872250,30022000,3735000,1.814,1.778,-531000,8586000,8586000,31441000,-5009000,3.211,0.4,6000,0,6000,6000,142000,1030000,0,0.0,0.0,-5282000,-4252000,-0.078,-4252000,-5282000,-5329000,-0.38,-0.38,-0.38,24111000,19962500,24111000,93815160,-17,-22.064,-8674000,-0.657,1.0,22754000,0.42,2045000,47000,13783000,13476750,10419000,0,0,0,9646000,9349000,297000,94844160,908000,0,8400000,0,0,8400000,-415000,0,-8143000,1066000,-5009000,-5009000,-5009000,0,0,-0.092,27574000,-4820000,5447000,0.0,3.934,-18.935,-18.947,1396000,0,7.2,1.75,1.754,10585000,-174377000,54195000,54195000,7365000,-0.168,-0.251,-0.392,-0.097,924000,19705000,1.0,13172800,13205000,13205000,4.104,31712000,0,-320000,291000,2.339,20673000
