ticker,dimension,calendardate,datekey,reportperiod,lastupdated,accoci,assets,assetsavg,assetsc,assetsnc,assetturnover,bvps,capex,cashneq,cashnequsd,cor,consolinc,currentratio,de,debt,debtc,debtnc,debtusd,deferredrev,depamor,deposits,divyield,dps,ebit,ebitda,ebitdamargin,ebitdausd,ebitusd,ebt,eps,epsdil,epsusd,equity,equityavg,equityusd,ev,evebit,evebitda,fcf,fcfps,fxusd,gp,grossmargin,intangibles,intexp,invcap,invcapavg,inventory,investments,investmentsc,investmentsnc,liabilities,liabilitiesc,liabilitiesnc,marketcap,ncf,ncfbus,ncfcommon,ncfdebt,ncfdiv,ncff,ncfi,ncfinv,ncfo,ncfx,netinc,netinccmn,netinccmnusd,netincdis,netincnci,netmargin,opex,opinc,payables,payoutratio,pb,pe,pe1,ppnenet,prefdivis,price,ps,ps1,receivables,retearn,revenue,revenueusd,rnd,roa,roe,roic,ros,sbcomp,sgna,sharefactor,sharesbas,shareswa,shareswadil,sps,tangibles,taxassets,taxexp,taxliabilities,tbvps,workingcapital
ADI,MRY,2011-12-31,2011-10-29,2011-10-29,2018-02-28,-26169000,5277635000,5071580000,4386348000,891287000,0.59,12.698,-122996000,1405100000,1405100000,1006779000,867394000,8.355,0.391,886376000,14500000,871876000,886376000,233249000,118219000,0,0.025,0.94,1087093000,1205312000,0.403,1205312000,1087093000,1067947000,2.9,2.81,2.9,3795413000,3614388750,3795413000,10821254584,9,8.978,777533000,2.597,1.0,1986541000,0.664,287287000,19146000,3946619000,3475604750,295081000,2190313000,2187362000,2951000,1482222000,525005000,957217000,11288809584,335100000,-3988000,-113092000,487115000,-281626000,138612000,-703738000,-570159000,900529000,-303000,867394000,867394000,867394000,-6500000,0,0.29,914516000,1072025000,113056000,0.324,2.974,13.015,13.0,478839000,0,37.7,3.771,3.771,348416000,3482334000,2993320000,2993320000,505570000,0.171,0.24,0.313,0.363,7422000,406707000,1.0,299437920,299417000,308236000,9.997,4990348000,141818000,200553000,7844000,16.695,3861343000
ADI,MRY,2012-12-31,2012-11-03,2012-11-03,2018-02-28,-64394000,5620347000,5441823250,4696185000,924162000,0.496,13.853,-132176000,528833000,528833000,960141000,651236000,8.944,0.349,821598000,14500000,807098000,821598000,238541000,109833000,0,0.029,1.15,839955000,949788000,0.352,949788000,839955000,813533000,2.18,2.13,2.18,4165359000,3990385000,4165359000,12297311713,14,12.947,682366000,2.284,1.0,1741001000,0.645,312605000,26422000,5075428000,4772152500,313723000,3373361000,3371545000,1816000,1454988000,525079000,929909000,11902420713,-876267000,-24158000,30684000,-56500000,-344701000,-349627000,-1339690000,-1181994000,814542000,-1492000,651236000,651236000,651236000,0,0,0.241,916953000,824048000,117034000,0.528,2.857,18.277,18.266,500867000,0,39.82,4.406,4.404,339881000,3788869000,2701142000,2701142000,511835000,0.12,0.163,0.176,0.311,41270000,396519000,1.0,298905593,298761000,306191000,9.041,5307742000,142490000,162297000,7227000,17.652,4171106000
ADI,MRY,2013-12-31,2013-11-02,2013-11-02,2018-02-28,-80546000,6381750000,6019555000,5472425000,909325000,0.438,15.239,-123074000,392089000,392089000,941278000,673487000,9.592,0.346,872241000,0,872241000,872241000,247428000,110416000,0,0.027,1.32,842425000,952841000,0.362,952841000,842425000,815323000,2.19,2.14,2.19,4739576000,4541799750,4739576000,15847251025,18,16.632,789271000,2.565,1.0,1692411000,0.643,312664000,27102000,5978726000,5442489000,283337000,4294639000,4290823000,3816000,1642174000,570512000,1071662000,15435215025,-136744000,97525000,245748000,40982000,-405955000,-100557000,-949926000,-918720000,912345000,1394000,673487000,673487000,673487000,0,0,0.256,939336000,753075000,119994000,0.603,3.257,22.918,22.685,508171000,0,49.68,5.861,5.805,325144000,4056401000,2633689000,2633689000,513035000,0.112,0.148,0.155,0.32,40715000,396233000,1.0,310692734,307763000,314041000,8.558,6069086000,164916000,141836000,51527000,19.514,4901913000
ADI,MRY,2014-12-31,2014-11-01,2014-11-01,2018-02-28,-168526000,6859690000,7206893500,3811886000,3047804000,0.398,15.21,-177913000,569233000,569233000,1034585000,629320000,5.376,0.442,872789000,0,872789000,872789000,278435000,141970000,0,0.029,1.45,764129000,906099000,0.316,906099000,764129000,729345000,2.01,1.98,2.01,4757897000,4873063000,4757897000,15873847342,20,17.519,693689000,2.215,1.0,1830188000,0.639,2313840000,34784000,4140350000,5161832000,367927000,2310632000,2297235000,13397000,2101793000,709056000,1392737000,15591238342,177144000,-1945887000,-156232000,0,-454225000,-576610000,-114751000,2021104000,871602000,-3097000,629320000,629320000,629320000,0,0,0.22,1077704000,752484000,138967000,0.721,3.277,24.775,24.687,622422000,0,49.62,5.442,5.425,396605000,4231496000,2864773000,2864773000,559686000,0.087,0.129,0.148,0.267,28581000,454676000,1.0,314212784,313195000,318027000,9.147,4545850000,162816000,100025000,298561000,14.532,3102830000
ADI,MRY,2015-12-31,2015-10-31,2015-10-31,2018-02-28,-50851000,7058777000,7015777250,4079548000,2979229000,0.49,16.216,-153960000,884353000,884353000,1175830000,696878000,3.663,0.391,869935000,374594000,495341000,869935000,300087000,222240000,0,0.026,1.57,837144000,1059384000,0.308,1059384000,837144000,810114000,2.23,2.2,2.23,5072959000,4977134500,5072959000,19173830292,22,18.099,753838000,2.411,1.0,2259262000,0.658,2220043000,27030000,3710731000,3984023000,412314000,2162057000,2144575000,17482000,1985818000,1113585000,872233000,18858127292,315120000,-7065000,-104322000,0,-491059000,-571603000,-17125000,152175000,907798000,-3950000,696878000,696878000,696878000,0,0,0.203,1428421000,830841000,174247000,0.704,3.717,27.061,26.96,644110000,0,60.12,5.49,5.472,466527000,4437315000,3435092000,3435092000,637459000,0.099,0.14,0.21,0.244,43874000,478972000,1.0,313674772,312660000,316872000,10.987,4838734000,164462000,113236000,242438000,15.468,2965963000
ADI,MRY,2016-12-31,2016-10-29,2016-10-29,2018-02-28,-73814000,7970278000,7705926000,4974863000,2995415000,0.444,16.779,-127397000,921132000,921132000,1194236000,861664000,6.354,0.543,1732177000,0,1732177000,1732177000,351538000,209790000,0,0.026,1.66,1045678000,1255468000,0.367,1255468000,1045678000,956921000,2.79,2.76,2.79,5165618000,5004378500,5165618000,20161923735,19,16.059,1153498000,3.736,1.0,2227173000,0.651,2228484000,88757000,5769905000,5403630500,376555000,3156598000,3134661000,21937000,2804660000,782934000,2021726000,19533835735,36779000,-83170000,-308565000,857175000,-513180000,-22917000,-1218270000,-989183000,1280895000,-2929000,861664000,861664000,861664000,0,0,0.252,1199061000,1028112000,171439000,0.595,3.782,22.67,22.771,636116000,0,63.53,5.709,5.733,477609000,4785799000,3421409000,3421409000,653816000,0.112,0.172,0.194,0.306,52968000,461438000,1.0,307474197,308736000,312308000,11.082,5741794000,42410000,95257000,114031000,18.651,4191929000
ADI,MRY,2017-12-31,2017-10-28,2017-10-28,2018-02-28,-61359000,21141294000,19770585750,2351338000,18789956000,0.258,27.608,-204098000,1047838000,1047838000,2045907000,727259000,1.473,1.081,7851084000,300000000,7551084000,7851084000,473972000,584059000,0,0.019,1.77,1079325000,1663384000,0.326,1663384000,1079325000,828485000,2.09,2.07,2.09,10161540000,8839366500,10161540000,40825636021,37,24.544,908494000,2.623,1.0,3061596000,0.599,17536880000,250840000,8811328000,8737048750,550816000,24838000,0,24838000,10979754000,1596332000,9383422000,33534975021,126706000,-9632568000,86769000,6106164000,-602119000,5628578000,-6618014000,3234494000,1112592000,3550000,727259000,727259000,727259000,0,0,0.142,2006462000,1055134000,236629000,0.847,3.3,46.111,43.641,1107304000,0,91.21,6.566,6.186,688953000,4910939000,5107503000,5107503000,968602000,0.037,0.082,0.124,0.211,62415000,691046000,1.0,367667745,346371000,350484000,14.746,3604414000,35844000,101226000,1811171000,9.793,755006000
