ticker,dimension,calendardate,datekey,reportperiod,lastupdated,accoci,assets,assetsavg,assetsc,assetsnc,assetturnover,bvps,capex,cashneq,cashnequsd,cor,consolinc,currentratio,de,debt,debtc,debtnc,debtusd,deferredrev,depamor,deposits,divyield,dps,ebit,ebitda,ebitdamargin,ebitdausd,ebitusd,ebt,eps,epsdil,epsusd,equity,equityavg,equityusd,ev,evebit,evebitda,fcf,fcfps,fxusd,gp,grossmargin,intangibles,intexp,invcap,invcapavg,inventory,investments,investmentsc,investmentsnc,liabilities,liabilitiesc,liabilitiesnc,marketcap,ncf,ncfbus,ncfcommon,ncfdebt,ncfdiv,ncff,ncfi,ncfinv,ncfo,ncfx,netinc,netinccmn,netinccmnusd,netincdis,netincnci,netmargin,opex,opinc,payables,payoutratio,pb,pe,pe1,ppnenet,prefdivis,price,ps,ps1,receivables,retearn,revenue,revenueusd,rnd,roa,roe,roic,ros,sbcomp,sgna,sharefactor,sharesbas,shareswa,shareswadil,sps,tangibles,taxassets,taxexp,taxliabilities,tbvps,workingcapital
AG,MRY,2011-12-31,2011-12-31,2011-12-31,2018-03-29,0,443312000,350471500,137572000,305740000,0.701,3.395,-95926000,91184000,91184000,82227000,103574000,4.936,0.264,15261000,5436000,9825000,15261000,0,15735000,0,0.0,0.0,138800000,154535000,0.629,154535000,138800000,137537000,1.0,0.96,1.0,350598000,281026500,350598000,1688939266,12,10.929,31603000,0.306,1.0,163287000,0.665,0,1263000,339520000,272782500,14661000,4865000,4865000,0,92714000,27869000,64845000,1726322456,50402000,0,0,393000,0,26918000,-104045000,0,127529000,-381000,103574000,103574000,103574000,0,0,0.422,22835000,140452000,22433000,0.0,4.924,16.668,16.84,286905000,0,16.84,7.031,7.084,15593000,49450000,245514000,245514000,0,0.296,0.369,0.509,0.565,5948000,16452000,1.0,102513210,103276935,107368050,2.377,443312000,18065000,33963000,48897000,4.292,109703000
AG,MRY,2012-12-31,2012-12-31,2012-12-31,2018-03-29,0,813031000,628171500,172917000,640114000,0.393,5.358,-175134000,111591000,111591000,105152000,88898000,3.021,0.37,73881000,15455000,58426000,73881000,0,25980000,0,0.0,0.0,113282000,139262000,0.563,139262000,113282000,110989000,0.8,0.79,0.8,593525000,472061500,593525000,2055480221,18,14.76,-38975000,-0.352,1.0,142025000,0.575,24591000,2293000,693500000,516510000,23641000,7237000,7237000,0,219506000,57230000,162276000,2131403221,19506000,8614000,0,-8000000,0,56325000,-172978000,-5105000,136159000,901000,88898000,88898000,88898000,0,0,0.36,35632000,106393000,37398000,0.0,3.591,23.976,25.238,593153000,0,20.19,8.623,9.048,19598000,138348000,247177000,247177000,0,0.142,0.188,0.219,0.458,10646000,21774000,1.0,105567272,110775284,112859088,2.231,788440000,21283000,22091000,98536000,7.117,115687000
AG,MRY,2013-12-31,2013-12-31,2013-12-31,2018-03-29,0,854952000,833991500,109533000,745419000,0.301,4.881,-178742000,54765000,54765000,158995000,-38232000,1.428,0.498,80506000,33867000,46639000,80506000,0,43919000,0,0.0,0.0,28663000,72582000,0.289,72582000,28663000,26193000,-0.33,-0.33,-0.33,570745000,582135000,570745000,1106507032,38,15.245,-44470000,-0.38,1.0,92318000,0.367,0,2470000,803970000,748735000,26785000,4177000,4177000,0,284207000,76723000,207484000,1144217032,-56134000,0,-2403000,-14778000,0,-1741000,-188665000,23000,134272000,-692000,-38232000,-38232000,-38232000,0,0,-0.152,68703000,23615000,34534000,0.0,2.005,-29.928,-29.697,739766000,0,9.8,4.553,4.56,22045000,98495000,251313000,251313000,0,-0.046,-0.066,0.038,0.114,14518000,24855000,1.0,116756840,116935325,116935325,2.149,854952000,0,64425000,142944000,7.311,32810000
AG,MRY,2014-12-31,2014-12-31,2014-12-31,2018-03-29,0,771342000,813147000,75352000,695990000,0.302,4.432,-104276000,40345000,40345000,215309000,-61448000,0.963,0.482,82859000,37757000,45102000,82859000,2000,61163000,0,0.0,0.0,-73560000,-12397000,-0.051,-12397000,-73560000,-80937000,-0.52,-0.52,-0.52,520533000,545639000,520533000,613205696,-8,-49.464,-10893000,-0.093,1.0,30164000,0.123,0,7377000,735634000,769802000,17649000,5832000,2460000,3372000,250809000,78222000,172587000,587464696,-13552000,0,478000,-16007000,0,-1176000,-105759000,0,93383000,-868000,-61448000,-61448000,-61448000,0,0,-0.25,128663000,-98499000,40358000,0.0,1.129,-9.56,-9.654,689701000,0,5.02,2.393,2.402,13561000,36605000,245473000,245473000,0,-0.076,-0.113,-0.096,-0.3,7320000,19393000,1.0,117024840,117444276,117444276,2.09,771342000,0,-19489000,110366000,6.568,-2870000
AG,MRY,2015-12-31,2015-12-31,2015-12-31,2018-03-29,0,789700000,780521000,104785000,684915000,0.281,4.219,-56937000,51018000,51018000,210713000,-108424000,1.175,0.45,63193000,44453000,18740000,63193000,2231000,75822000,0,0.0,0.0,-120442000,-44620000,-0.203,-44620000,-120442000,-126252000,-0.84,-0.84,-0.84,544719000,532626000,544719000,427048472,-3,-9.571,-843000,-0.007,1.0,8731000,0.04,0,5810000,712674000,724154000,22204000,5701000,5701000,0,244981000,89201000,155780000,384534472,11629000,28202000,22968000,-11755000,0,-15782000,-28683000,388000,56094000,-956000,-108424000,-108424000,-108424000,0,0,-0.494,132405000,-123674000,41899000,0.0,0.706,-3.547,-3.893,647078000,0,3.27,1.752,1.924,24491000,-71819000,219444000,219444000,0,-0.139,-0.204,-0.166,-0.549,4926000,17004000,1.0,117594640,129117653,129117653,1.7,789700000,34353000,-17828000,120732000,6.116,15584000
AG,MRY,2016-12-31,2016-12-31,2016-12-31,2018-03-29,0,857175000,823437500,180199000,676976000,0.338,3.865,-62460000,129049000,129049000,228874000,8601000,3.635,0.379,52124000,18456000,33668000,52124000,2539000,80352000,0,0.0,0.0,33454000,113806000,0.409,113806000,33454000,25491000,0.05,0.05,0.05,621701000,583210000,621701000,1199313255,35,10.538,37552000,0.233,1.0,49203000,0.177,0,7963000,730678000,721676000,20254000,13688000,13688000,0,235474000,49572000,185902000,1187138255,78252000,0,65087000,18268000,0,44826000,-66586000,-3605000,100012000,-221000,8601000,8601000,8601000,0,0,0.031,22150000,27053000,28194000,0.0,1.91,138.023,152.6,628047000,0,7.63,4.269,4.414,16473000,-63218000,278077000,278077000,0,0.01,0.015,0.046,0.12,4403000,17747000,1.0,155588238,160874038,164257563,1.729,857175000,48146000,16890000,138561000,5.328,130627000
AG,MRY,2017-12-31,2017-12-31,2017-12-31,2018-03-29,0,781441000,819308000,170658000,610783000,0.308,3.524,-75512000,118141000,118141000,236310000,-53272000,3.139,0.342,41074000,16618000,24456000,41074000,2190000,78077000,0,0.0,0.0,-71030000,7047000,0.028,7047000,-71030000,-75301000,-0.32,-0.32,-0.32,582485000,602093000,582485000,1031545961,-14,146.381,-5061000,-0.031,1.0,15978000,0.063,0,4271000,649999000,690338500,18858000,11326000,11326000,0,198956000,54375000,144581000,1108470961,-14129000,0,5740000,-11613000,0,-8652000,-75928000,0,70451000,3221000,-53272000,-53272000,-53272000,0,0,-0.211,91288000,-75310000,35567000,0.0,1.903,-20.808,-21.063,566198000,0,6.74,4.394,4.416,20362000,-116490000,252288000,252288000,0,-0.065,-0.088,-0.103,-0.282,8295000,17493000,1.0,164461567,165293893,165293893,1.526,781441000,44209000,-22029000,103394000,4.728,116283000
