ticker,dimension,calendardate,datekey,reportperiod,lastupdated,accoci,assets,assetsavg,assetsc,assetsnc,assetturnover,bvps,capex,cashneq,cashnequsd,cor,consolinc,currentratio,de,debt,debtc,debtnc,debtusd,deferredrev,depamor,deposits,divyield,dps,ebit,ebitda,ebitdamargin,ebitdausd,ebitusd,ebt,eps,epsdil,epsusd,equity,equityavg,equityusd,ev,evebit,evebitda,fcf,fcfps,fxusd,gp,grossmargin,intangibles,intexp,invcap,invcapavg,inventory,investments,investmentsc,investmentsnc,liabilities,liabilitiesc,liabilitiesnc,marketcap,ncf,ncfbus,ncfcommon,ncfdebt,ncfdiv,ncff,ncfi,ncfinv,ncfo,ncfx,netinc,netinccmn,netinccmnusd,netincdis,netincnci,netmargin,opex,opinc,payables,payoutratio,pb,pe,pe1,ppnenet,prefdivis,price,ps,ps1,receivables,retearn,revenue,revenueusd,rnd,roa,roe,roic,ros,sbcomp,sgna,sharefactor,sharesbas,shareswa,shareswadil,sps,tangibles,taxassets,taxexp,taxliabilities,tbvps,workingcapital
AGX,MRY,2011-12-31,2012-01-31,2012-01-31,2018-04-11,0,205252000,163242250,180577000,24675000,0.869,7.428,-1738000,156524000,156524000,118748000,8970000,1.732,1.03,0,0,0,0,68004000,789000,0,0.034,0.5,13828000,14617000,0.103,14617000,13828000,13828000,0.68,0.67,0.68,101264000,99131750,101264000,59670056,4,4.082,76977000,5.655,1.0,23102000,0.163,21050000,0,-76601000,-42186250,0,0,0,0,104289000,104279000,10000,197718056,73232000,2528000,531000,0,-6804000,-6273000,790000,0,78715000,0,9272000,9272000,9272000,-1562000,-302000,0.065,11186000,11916000,29524000,0.735,1.953,21.324,21.324,2761000,0,14.5,1.394,1.391,18834000,8944000,141850000,141850000,0,0.057,0.094,-0.328,0.097,637000,11186000,1.0,13635728,13612000,13792000,10.421,184202000,1555000,4556000,0,13.511,76298000
AGX,MRY,2012-12-31,2013-01-31,2013-01-31,2018-04-11,0,234724000,239965250,204108000,30616000,1.161,8.667,-7263000,175142000,175142000,228500000,21817000,1.766,0.956,0,0,0,0,73359000,765000,0,0.032,0.6,36785000,37550000,0.135,37550000,36785000,36785000,1.69,1.65,1.69,120917000,113266750,120917000,65966462,1,1.757,23571000,1.71,1.0,50135000,0.18,20807000,0,-76771000,-91949750,0,0,0,0,115556000,115546000,10000,262022462,18618000,0,2676000,0,-8359000,-4953000,-7263000,0,30834000,0,23265000,23265000,23265000,0,-1448000,0.083,14755000,35380000,32699000,0.355,2.167,11.263,11.124,9468000,0,18.8,0.94,0.93,26057000,23850000,278635000,278635000,0,0.097,0.205,-0.4,0.132,1316000,14755000,1.0,13937365,13784000,14116000,20.214,213917000,1644000,13520000,10000,15.332,88562000
AGX,MRY,2013-12-31,2014-01-31,2014-01-31,2018-04-11,0,323306000,254022000,298559000,24747000,0.895,10.991,-1136000,272209000,272209000,148607000,43344000,1.807,1.059,0,0,0,0,134736000,792000,0,0.026,0.75,66116000,66908000,0.294,66908000,66116000,66116000,2.85,2.78,2.85,156308000,142584250,156308000,196988218,2,2.944,97271000,6.912,1.0,78848000,0.347,20564000,0,-134704000,-77925750,0,0,0,0,165529000,165237000,292000,403338218,97067000,8915000,3794000,0,-10640000,-6669000,5329000,0,98407000,0,40125000,40125000,40125000,0,3219000,0.176,12918000,65930000,22589000,0.263,2.58,10.052,9.968,4183000,0,28.41,1.773,1.758,24418000,53335000,227455000,227455000,0,0.158,0.281,-0.848,0.291,1536000,12918000,1.0,14197051,14072000,14427000,16.164,302742000,178000,25991000,292000,21.287,133322000
AGX,MRY,2014-12-31,2015-01-31,2015-01-31,2018-04-11,0,391193000,396547000,364354000,26839000,0.966,12.737,-2936000,333691000,333691000,299507000,43455000,1.691,1.166,0,0,0,0,161564000,794000,0,0.023,0.7,51357000,52151000,0.136,52151000,51357000,51357000,2.11,2.05,2.11,185472000,174044750,185472000,80872822,1,1.551,90393000,6.263,1.0,83603000,0.218,20321000,0,-178251000,-182038500,0,1786000,1786000,0,216241000,215432000,809000,441893822,61482000,0,5389000,0,-10166000,-28297000,-3550000,-614000,93329000,0,30445000,30445000,30445000,0,13010000,0.079,19470000,64133000,37691000,0.332,2.383,14.514,14.412,6518000,0,30.41,1.153,1.146,27785000,73614000,383110000,383110000,0,0.077,0.175,-0.282,0.134,2017000,19470000,1.0,14531201,14433000,14823000,26.544,370872000,0,20912000,1010000,25.468,148922000
AGX,MRY,2015-12-31,2016-01-31,2016-01-31,2018-04-11,-565000,409791000,388746000,350612000,59179000,1.063,14.733,-3118000,160909000,160909000,313810000,50204000,1.868,0.86,0,0,0,0,105863000,1310000,0,0.023,0.7,61647000,62957000,0.152,62957000,61647000,61647000,2.46,2.42,2.46,218516000,208564500,218516000,269735246,4,4.284,-36150000,-2.45,1.0,99465000,0.241,46749000,0,14421000,-19754750,0,114098000,114098000,0,187936000,187712000,224000,446573246,-172782000,-17381000,1732000,0,-10378000,-8646000,-130539000,-110040000,-33032000,-565000,36345000,36345000,36345000,0,13859000,0.088,25060000,74405000,46395000,0.285,2.044,12.287,12.244,12308000,0,30.12,1.081,1.076,68263000,99581000,413275000,413275000,0,0.093,0.174,-3.121,0.149,2374000,25060000,1.0,14826469,14757000,15024000,28.005,363042000,0,25302000,224000,24.477,162900000
AGX,MRY,2016-12-31,2017-01-31,2017-01-31,2018-04-11,-762000,644488000,535922750,587949000,56539000,1.26,19.009,-2811000,167198000,167198000,528336000,77426000,1.676,1.207,0,0,0,0,209241000,3206000,0,0.014,1.0,107434000,110640000,0.164,110640000,107434000,107434000,4.67,4.5,4.67,291632000,261505250,291632000,958047588,8,8.659,256233000,17.007,1.0,146711000,0.217,43094000,0,83472000,48064250,0,355796000,355796000,0,351919000,350724000,1195000,1128822588,6289000,0,15901000,0,-15260000,-8859000,-243811000,-241000000,259044000,-85000,70328000,70328000,70328000,0,7098000,0.104,34457000,112254000,101944000,0.214,3.871,16.051,15.792,13112000,0,73.75,1.672,1.646,58028000,154649000,675047000,675047000,0,0.131,0.269,2.235,0.159,2344000,32478000,1.0,15306069,15066000,15625000,44.806,601394000,241000,37106000,1195000,39.199,237225000
AGX,MRY,2017-12-31,2018-01-31,2018-01-31,2018-04-11,1422000,603393000,664148000,545751000,57642000,1.344,23.012,-4826000,122107000,122107000,743490000,72346000,2.237,0.685,0,0,0,0,108388000,3811000,0,0.023,1.0,112290000,116101000,0.13,116101000,112290000,112290000,4.64,4.56,4.64,358085000,341417000,358085000,528216148,4,4.55,-77619000,-5.001,1.0,149325000,0.167,41478000,0,195822000,154810750,0,311908000,311908000,0,245265000,243986000,1279000,677924148,-45091000,0,3155000,0,-15548000,-13622000,38674000,43500000,-72793000,2650000,72011000,72011000,72011000,0,335000,0.081,42348000,106977000,100238000,0.216,1.893,9.414,9.397,15299000,0,43.6,0.759,0.758,99327000,211112000,892815000,892815000,0,0.108,0.211,0.725,0.126,4651000,41764000,1.0,15548719,15522000,15780000,57.519,561915000,439000,40279000,1279000,36.11,301765000
