ticker,dimension,calendardate,datekey,reportperiod,lastupdated,accoci,assets,assetsavg,assetsc,assetsnc,assetturnover,bvps,capex,cashneq,cashnequsd,cor,consolinc,currentratio,de,debt,debtc,debtnc,debtusd,deferredrev,depamor,deposits,divyield,dps,ebit,ebitda,ebitdamargin,ebitdausd,ebitusd,ebt,eps,epsdil,epsusd,equity,equityavg,equityusd,ev,evebit,evebitda,fcf,fcfps,fxusd,gp,grossmargin,intangibles,intexp,invcap,invcapavg,inventory,investments,investmentsc,investmentsnc,liabilities,liabilitiesc,liabilitiesnc,marketcap,ncf,ncfbus,ncfcommon,ncfdebt,ncfdiv,ncff,ncfi,ncfinv,ncfo,ncfx,netinc,netinccmn,netinccmnusd,netincdis,netincnci,netmargin,opex,opinc,payables,payoutratio,pb,pe,pe1,ppnenet,prefdivis,price,ps,ps1,receivables,retearn,revenue,revenueusd,rnd,roa,roe,roic,ros,sbcomp,sgna,sharefactor,sharesbas,shareswa,shareswadil,sps,tangibles,taxassets,taxexp,taxliabilities,tbvps,workingcapital
AKS,MRY,2011-12-31,2011-12-31,2011-12-31,2018-04-30,2700000,4449900000,4524400000,1274400000,3175500000,1.43,3.523,-101100000,42000000,42000000,6036800000,-160100000,1.121,10.483,900700000,250700000,650000000,900700000,0,200500000,0,0.024,0.2,-202100000,-1600000,0.0,-1600000,-202100000,-249600000,-1.41,-1.41,-1.41,388500000,573650000,388500000,1798065850,-8,-1123.791,-281600000,-2.554,1.0,431200000,0.067,37100000,47500000,4134400000,4091575000,418700000,156800000,0,156800000,4072700000,1137100000,2935600000,910865850,-174800000,-320400000,0,239200000,-22000000,425900000,-420200000,0,-180500000,0,-155600000,-155600000,-155600000,0,-4500000,-0.024,632500000,-201300000,583600000,-0.142,2.345,-5.854,-5.858,2170200000,0,8.26,0.141,0.141,564200000,-1366000000,6468000000,6468000000,0,-0.034,-0.271,-0.049,-0.031,0,215400000,1.0,110274316,110274316,,58.654,4412800000,933000000,-94000000,0,40.017,137300000
AKS,MRY,2012-12-31,2012-12-31,2012-12-31,2018-04-30,1100000,3903100000,4104025000,1442700000,2460400000,1.446,-4.567,-45500000,227000000,227000000,5539100000,-998600000,1.776,-7.904,1411900000,700000,1411200000,1411900000,0,209000000,0,0.022,0.1,-150600000,58400000,0.01,58400000,-150600000,-237300000,-9.06,-9.06,-9.06,-505300000,-235875000,-505300000,1854001376,-12,31.747,-316300000,-2.859,1.0,394600000,0.067,0,86700000,4275600000,4237175000,609200000,150000000,0,150000000,3994100000,812400000,3181700000,508901376,185000000,-79200000,96400000,527000000,-11000000,574400000,-118600000,0,-270800000,0,-1027300000,-1027300000,-1027300000,0,28700000,-0.173,522700000,-128100000,538300000,-0.011,-1.007,-0.495,-0.508,2012300000,0,4.6,0.086,0.086,473900000,-2404300000,5933700000,5933700000,0,-0.25,4.355,-0.036,-0.025,0,208700000,1.0,110630734,110630734,,53.635,3903100000,73200000,790000000,0,35.28,630300000
AKS,MRY,2013-12-31,2013-12-31,2013-12-31,2018-04-30,323400000,3605700000,3762725000,1273200000,2332500000,1.48,-1.621,-63600000,45300000,45300000,5107800000,17400000,1.531,-15.443,1507000000,800000,1506200000,1507000000,0,209200000,0,0.0,0.0,70200000,279400000,0.05,279400000,70200000,-57200000,-0.34,-0.34,-0.34,-221000000,-496100000,-221000000,2653391649,37,9.497,-173800000,-1.275,1.0,462600000,0.083,0,127400000,4236000000,4236000000,586600000,214100000,0,214100000,3413000000,831400000,2581600000,1117991649,-181700000,-50000000,0,91100000,0,27000000,-98500000,0,-110200000,0,-46800000,-46800000,-46800000,0,64200000,-0.008,326800000,135800000,601800000,0.0,-5.059,-23.889,-24.118,1880100000,0,8.2,0.201,0.201,525200000,-2451100000,5570400000,5570400000,0,-0.012,0.094,0.017,0.013,0,205300000,1.0,136340445,136340445,,40.857,3605700000,69600000,-10400000,0,26.446,441800000
AKS,MRY,2014-12-31,2014-12-31,2014-12-31,2018-04-30,-204400000,4828000000,4283850000,1958000000,2870000000,1.519,-2.781,-81100000,70200000,70200000,6007700000,-34100000,1.74,-9.959,2422000000,0,2422000000,2422000000,0,222300000,0,0.0,0.0,55500000,277800000,0.043,277800000,55500000,-89200000,-0.65,-0.65,-0.65,-492500000,-319150000,-492500000,3428624009,61,12.342,-403900000,-2.281,1.0,498000000,0.077,0,144700000,6054600000,5338325000,1172100000,388700000,0,388700000,4905000000,1125200000,3779800000,1051824009,24900000,-790300000,345300000,925800000,0,1205500000,-857800000,0,-322800000,0,-96900000,-96900000,-96900000,0,62800000,-0.015,358600000,139400000,803100000,0.0,-2.136,-10.855,-9.138,2213200000,0,5.94,0.162,0.162,644300000,-2548000000,6505700000,6505700000,0,-0.023,0.304,0.01,0.009,0,247200000,1.0,177074749,177074749,,36.74,4828000000,0,7700000,0,27.265,832800000
AKS,MRY,2015-12-31,2015-12-31,2015-12-31,2018-04-30,-187200000,4084400000,4306600000,1806200000,2278200000,1.554,-5.497,-99000000,56600000,56600000,6032000000,-446200000,1.732,-4.787,2354100000,0,2354100000,2354100000,0,237200000,0,0.0,0.0,-272600000,-35400000,-0.005,-35400000,-272600000,-445600000,-2.86,-2.86,-2.86,-977600000,-881800000,-977600000,2694685023,-9,-76.121,101300000,0.57,1.0,660900000,0.099,0,173000000,5339300000,5590750000,1226300000,0,0,0,4680000000,1042600000,3637400000,398385023,-13600000,14000000,0,-69100000,0,-166400000,-47500000,25000000,200300000,0,-509000000,-509000000,-509000000,0,62800000,-0.076,574200000,86700000,703400000,0.0,-0.408,-0.783,-0.783,2086500000,0,2.24,0.06,0.06,444900000,-3057000000,6692900000,6692900000,0,-0.118,0.577,-0.049,-0.041,0,261900000,1.0,177850457,177850457,,37.632,4084400000,0,63400000,0,22.965,763600000
AKS,MRY,2016-12-31,2016-12-31,2016-12-31,2018-04-30,-63500000,4036000000,3965600000,1823700000,2212300000,1.483,-1.142,-127600000,173200000,173200000,5064700000,58200000,2.108,-14.416,1837900000,0,1837900000,1837900000,0,235000000,0,0.0,0.0,159300000,394300000,0.067,394300000,159300000,-4600000,-0.03,-0.03,-0.03,-272200000,-647375000,-272200000,4375432820,27,11.097,177000000,0.743,1.0,817800000,0.139,32800000,163900000,4802600000,4967225000,1113900000,0,0,0,3924000000,865300000,3058700000,2432732820,116600000,0,600400000,-583200000,0,-62700000,-125300000,0,304600000,0,-7800000,-7800000,-7800000,0,66000000,-0.001,587600000,230200000,589900000,0.0,-8.937,-311.889,-340.333,2014400000,0,10.21,0.414,0.414,442000000,-3064800000,5882500000,5882500000,0,-0.002,0.012,0.032,0.027,0,277200000,1.0,238269620,238269620,,24.688,4003200000,0,3200000,0,16.801,958400000
AKS,MRY,2017-12-31,2017-12-31,2017-12-31,2018-04-30,-50200000,4474800000,4261025000,2071100000,2403700000,1.427,-0.142,-152500000,38000000,38000000,5359700000,67600000,2.069,-93.592,2110100000,0,2110100000,2110100000,0,250100000,0,0.0,0.0,141500000,391600000,0.064,391600000,141500000,-10800000,0.02,0.02,0.02,-44600000,-154325000,-44600000,3811111885,26,9.732,46300000,0.147,1.0,720800000,0.119,0,152300000,5545900000,5025600000,1385000000,0,0,0,4174200000,1001000000,3173200000,1782211885,-135200000,-360400000,0,256300000,0,174700000,-508700000,0,198800000,0,6200000,6200000,6200000,0,61400000,0.001,500800000,220000000,690400000,0.0,-39.96,287.454,283.0,1986200000,0,5.66,0.293,0.293,517800000,-2877000000,6080500000,6080500000,0,0.001,-0.04,0.028,0.023,0,282900000,1.0,314878425,314878425,,19.311,4474800000,0,-17000000,0,14.211,1070100000
