ticker,dimension,calendardate,datekey,reportperiod,lastupdated,accoci,assets,assetsavg,assetsc,assetsnc,assetturnover,bvps,capex,cashneq,cashnequsd,cor,consolinc,currentratio,de,debt,debtc,debtnc,debtusd,deferredrev,depamor,deposits,divyield,dps,ebit,ebitda,ebitdamargin,ebitdausd,ebitusd,ebt,eps,epsdil,epsusd,equity,equityavg,equityusd,ev,evebit,evebitda,fcf,fcfps,fxusd,gp,grossmargin,intangibles,intexp,invcap,invcapavg,inventory,investments,investmentsc,investmentsnc,liabilities,liabilitiesc,liabilitiesnc,marketcap,ncf,ncfbus,ncfcommon,ncfdebt,ncfdiv,ncff,ncfi,ncfinv,ncfo,ncfx,netinc,netinccmn,netinccmnusd,netincdis,netincnci,netmargin,opex,opinc,payables,payoutratio,pb,pe,pe1,ppnenet,prefdivis,price,ps,ps1,receivables,retearn,revenue,revenueusd,rnd,roa,roe,roic,ros,sbcomp,sgna,sharefactor,sharesbas,shareswa,shareswadil,sps,tangibles,taxassets,taxexp,taxliabilities,tbvps,workingcapital
AMSC,MRY,2011-12-31,2011-03-31,2011-03-31,2018-02-05,3817000,441209000,472303750,319805000,121404000,0.607,58.151,-40862000,129349000,129349000,308183000,-186284000,2.203,0.507,0,0,0,0,12485000,11300000,0,0.0,0.0,-171161000,-159861000,-0.558,-159861000,-171161000,-170331000,-39.5,-39.5,-39.5,292855000,341088000,292855000,1086498522,-6,-6.797,-63683000,-13.52,1.0,-21580000,-0.075,7054000,-830000,159626000,202965750,25828000,116126000,116126000,0,148354000,145180000,3174000,1260952522,36189000,-9765000,163058000,0,0,163058000,-104833000,-53075000,-22821000,785000,-186284000,-186284000,-186284000,0,0,-0.65,156403000,-177983000,90273000,0.0,4.306,-6.769,-6.296,96494000,0,248.7,4.4,4.087,15259000,-597173000,286603000,286603000,32517000,-0.394,-0.546,-0.843,-0.597,13443000,72382000,1.0,5070175,4710300,4710300,60.846,434155000,6324000,15953000,6324000,86.209,174625000
AMSC,MRY,2012-12-31,2012-03-31,2012-03-31,2018-02-05,2027000,255056000,312452250,143571000,111485000,0.245,32.329,-10895000,60905000,60905000,82882000,-136827000,1.663,0.547,0,0,0,0,21276000,15455000,0,0.0,0.0,-135701000,-120246000,-1.571,-120246000,-135701000,-135458000,-26.9,-26.9,-26.9,164879000,203978000,164879000,141845920,-1,-1.18,-151937000,-29.884,1.0,-6339000,-0.083,3772000,-243000,104056000,108635250,29256000,5304000,5304000,0,90177000,86323000,3854000,212039920,-77504000,-22351000,328000,0,0,57000,63337000,110117000,-141042000,144000,-136827000,-136827000,-136827000,0,0,-1.788,109549000,-115888000,37582000,0.0,1.286,-1.55,-1.532,90828000,0,41.2,2.77,2.737,18999000,-734000000,76543000,76543000,27271000,-0.438,-0.671,-1.249,-1.773,9864000,72118000,1.0,5146600,5084200,5084200,15.055,251284000,3332000,1369000,3332000,49.27,57248000
AMSC,MRY,2013-12-31,2013-03-31,2013-03-31,2018-02-05,1112000,216754000,237141000,120185000,96569000,0.369,22.191,-1294000,50199000,50199000,71937000,-66131000,1.507,0.732,18016000,8768000,9248000,18016000,31145000,13054000,0,0.0,0.0,-51447000,-38393000,-0.439,-38393000,-51447000,-66395000,-12.46,-12.46,-12.46,125118000,140282250,125118000,119914960,-2,-3.123,-46565000,-8.774,1.0,15482000,0.177,2749000,14948000,102065000,112493250,33473000,0,0,0,91636000,79757000,11879000,153631960,-7036000,0,291000,30972000,0,31221000,7353000,5276000,-45271000,-339000,-66131000,-66131000,-66131000,0,0,-0.756,73223000,-57741000,31578000,0.0,1.228,-2.323,-2.143,74626000,0,26.7,1.757,1.621,18864000,-800131000,87419000,87419000,15325000,-0.279,-0.471,-0.457,-0.589,8138000,49652000,1.0,5754006,5307000,5307000,16.472,214005000,5354000,-264000,5444000,37.956,40428000
AMSC,MRY,2014-12-31,2014-03-31,2014-03-31,2018-02-05,1839000,168509000,178399500,83281000,85228000,0.472,16.33,-224000,49421000,49421000,72858000,-56258000,1.741,0.501,12620000,6240000,6380000,12620000,10446000,10615000,0,0.0,0.0,-45745000,-35130000,-0.418,-35130000,-45745000,-55406000,-8.98,-8.98,-8.98,112259000,113702250,112259000,90684836,-1,-2.581,-13491000,-2.154,1.0,11259000,0.134,1995000,9661000,81891000,94956000,20694000,0,0,0,56250000,47822000,8428000,109704836,3871000,0,7626000,5227000,0,12796000,4009000,0,-13267000,333000,-56258000,-56258000,-56258000,0,0,-0.669,52688000,-41429000,21764000,0.0,0.977,-1.95,-1.793,64574000,0,16.1,1.304,1.199,7556000,-856389000,84117000,84117000,12173000,-0.315,-0.495,-0.482,-0.544,10696000,37230000,1.0,6813965,6262000,6262000,13.433,166514000,7724000,852000,7761000,24.222,35459000
AMSC,MRY,2015-12-31,2015-03-31,2015-03-31,2018-02-05,-308000,133825000,151804750,64551000,69274000,0.465,8.661,-719000,24548000,24548000,67442000,-48656000,1.367,0.675,7633000,3756000,3877000,7633000,13775000,9554000,0,0.0,0.0,-46958000,-37404000,-0.53,-37404000,-46958000,-48840000,-5.74,-5.74,-5.74,79893000,86542750,79893000,32616051,0,-0.872,-33395000,-3.939,1.0,3088000,0.044,1422000,1882000,68256000,66335000,20596000,0,0,0,53932000,47232000,6700000,61645051,-22624000,0,9218000,-5873000,0,8783000,1809000,0,-32676000,-540000,-48656000,-48656000,-48656000,0,0,-0.69,55605000,-52517000,21615000,0.0,0.772,-1.267,-1.122,56097000,0,6.44,0.874,0.774,9879000,-905045000,70530000,70530000,11878000,-0.321,-0.562,-0.708,-0.666,5936000,29217000,1.0,9572213,8477000,8477000,8.32,132403000,7766000,-184000,7843000,14.354,17319000
AMSC,MRY,2016-12-31,2016-03-31,2016-03-31,2018-02-05,660000,135318000,137082000,83341000,51977000,0.7,6.163,-1154000,40721000,40721000,74041000,-23139000,2.032,0.62,3991000,2624000,1367000,3991000,21269000,7972000,0,0.0,0.0,-19711000,-11739000,-0.122,-11739000,-19711000,-20748000,-1.76,-1.76,-1.76,83549000,87706000,83549000,73979928,-3,-6.302,-5713000,-0.434,1.0,21982000,0.229,854000,1037000,56727000,59678750,18512000,0,0,0,51769000,41007000,10762000,106721928,18840000,0,22312000,-4000000,0,18202000,4873000,3092000,-4559000,324000,-23139000,-23139000,-23139000,0,0,-0.241,42100000,-20118000,23156000,0.0,1.277,-4.612,-4.318,49778000,0,7.6,1.111,1.043,19264000,-928184000,96023000,96023000,12303000,-0.169,-0.264,-0.33,-0.205,3248000,28861000,1.0,14042359,13178000,13178000,7.287,134464000,96000,2391000,63000,9.919,42334000
AMSC,MRY,2017-12-31,2017-03-31,2017-03-31,2018-02-05,-503000,100244000,113072250,55700000,44544000,0.665,4.309,-627000,27744000,27744000,64352000,-27373000,1.729,0.664,1481000,1481000,0,1481000,21954000,7519000,0,0.0,0.0,-25848000,-18329000,-0.244,-18329000,-25848000,-26231000,-1.98,-1.98,-1.98,60226000,65977750,60226000,73004097,-2,-3.983,-11842000,-0.858,1.0,10843000,0.144,301000,383000,41463000,46428250,17462000,0,0,0,40018000,32217000,7801000,97549097,-12546000,0,0,-3167000,0,-1130000,192000,325000,-11215000,-393000,-27373000,-27373000,-27373000,0,0,-0.364,38385000,-27542000,14490000,0.0,1.62,-3.564,-3.465,43438000,0,6.86,1.297,1.259,7956000,-955557000,75195000,75195000,12540000,-0.242,-0.415,-0.557,-0.344,2892000,25688000,1.0,14219985,13804000,13804000,5.447,99943000,407000,1142000,125000,7.15,23483000
