ticker,dimension,calendardate,datekey,reportperiod,lastupdated,accoci,assets,assetsavg,assetsc,assetsnc,assetturnover,bvps,capex,cashneq,cashnequsd,cor,consolinc,currentratio,de,debt,debtc,debtnc,debtusd,deferredrev,depamor,deposits,divyield,dps,ebit,ebitda,ebitdamargin,ebitdausd,ebitusd,ebt,eps,epsdil,epsusd,equity,equityavg,equityusd,ev,evebit,evebitda,fcf,fcfps,fxusd,gp,grossmargin,intangibles,intexp,invcap,invcapavg,inventory,investments,investmentsc,investmentsnc,liabilities,liabilitiesc,liabilitiesnc,marketcap,ncf,ncfbus,ncfcommon,ncfdebt,ncfdiv,ncff,ncfi,ncfinv,ncfo,ncfx,netinc,netinccmn,netinccmnusd,netincdis,netincnci,netmargin,opex,opinc,payables,payoutratio,pb,pe,pe1,ppnenet,prefdivis,price,ps,ps1,receivables,retearn,revenue,revenueusd,rnd,roa,roe,roic,ros,sbcomp,sgna,sharefactor,sharesbas,shareswa,shareswadil,sps,tangibles,taxassets,taxexp,taxliabilities,tbvps,workingcapital
ANF,MRY,2011-12-31,2012-01-28,2012-01-28,2018-04-02,6291000,3117032000,3004398500,1557654000,1559378000,1.384,22.488,-318598000,583495000,583495000,1639188000,127658000,2.227,0.614,57851000,0,57851000,57851000,0,232956000,0,0.015,0.7,190826000,423782000,0.102,423782000,190826000,187249000,1.47,1.43,1.47,1931335000,1914499250,1931335000,3597897626,18,8.49,46621000,0.537,1.0,2518870000,0.606,0,3577000,1891982000,1848167500,679935000,99508000,84650000,14858000,1185697000,699406000,486291000,4059917626,-242858000,0,-150075000,-59119000,-60956000,-265329000,-340689000,2650000,365219000,-2059000,127658000,127658000,127658000,-796000,0,0.031,2328840000,190030000,211368000,0.476,2.102,31.803,32.129,1197271000,0,47.23,0.976,0.986,89350000,2389614000,4158058000,4158058000,0,0.042,0.067,0.103,0.046,49245000,2325368000,1.0,85960568,86848000,89537000,47.877,3117032000,35882000,59591000,77918000,36.294,858248000
ANF,MRY,2012-12-31,2013-02-02,2013-02-02,2018-04-02,-13288000,2987401000,2860007000,1307824000,1679577000,1.577,23.033,-339862000,643505000,643505000,1694096000,237011000,1.893,0.643,63942000,0,63942000,63942000,0,224245000,0,0.014,0.7,374233000,598478000,0.133,598478000,374233000,366945000,2.89,2.85,2.89,1818268000,1717471750,1818268000,3838074037,10,6.413,344309000,4.202,1.0,2816709000,0.624,0,7288000,1717037000,1895922750,426962000,0,0,0,1169133000,690801000,478332000,4063267037,60010000,0,-318989000,0,-57634000,-380071000,-247238000,101963000,684171000,3148000,237011000,237011000,237011000,0,0,0.053,2442476000,374233000,140396000,0.242,2.235,17.144,17.671,1308232000,0,51.07,0.901,0.928,99622000,2567261000,4510805000,4510805000,0,0.083,0.138,0.197,0.083,52922000,2454402000,1.0,79562699,81940000,83175000,55.05,2987401000,32558000,129934000,112483000,37.843,617023000
ANF,MRY,2013-12-31,2014-02-01,2014-02-01,2018-04-02,-20917000,2850997000,2860311750,1320566000,1530431000,1.439,22.618,-163924000,600116000,600116000,1541462000,54628000,2.324,0.648,195726000,15000000,180726000,195726000,0,235240000,0,0.023,0.8,80823000,316063000,0.077,316063000,80823000,73277000,0.71,0.69,0.71,1729493000,1716987750,1729493000,2645858595,32,8.371,11569000,0.15,1.0,2575435000,0.626,0,7546000,1878385000,2053780500,530192000,0,0,0,1121504000,568222000,553282000,2703010595,-43389000,0,-115593000,135000000,-61923000,-40831000,-173861000,0,175493000,-4190000,54628000,54628000,54628000,0,0,0.013,2494612000,80823000,130715000,1.127,1.563,49.48,49.831,1131341000,0,35.38,0.657,0.663,67965000,2556270000,4116897000,4116897000,0,0.019,0.032,0.039,0.02,53516000,2389471000,1.0,76399395,77157000,78666000,53.357,2850997000,21835000,18649000,63508000,37.284,752344000
ANF,MRY,2014-12-31,2015-01-31,2015-01-31,2018-04-02,-83580000,2505167000,2552576250,1164972000,1340195000,1.467,20.022,-174624000,520708000,520708000,1430460000,51821000,2.397,0.803,343933000,2102000,341831000,343933000,0,226421000,0,0.031,0.8,113519000,339940000,0.091,339940000,113519000,99154000,0.72,0.71,0.72,1389701000,1457281000,1389701000,1798293244,15,5.29,137856000,1.92,1.0,2313570000,0.618,0,14365000,1842436000,1952078000,460794000,0,0,0,1115466000,485956000,629510000,1769452244,-79408000,0,-285038000,161250000,-57362000,-181453000,-175074000,0,312480000,-35361000,51821000,51821000,51821000,0,0,0.014,2200051000,113519000,141685000,1.111,1.273,34.145,35.444,967001000,0,25.52,0.473,0.489,52910000,2550673000,3744030000,3744030000,0,0.02,0.036,0.058,0.03,23027000,2161871000,1.0,69335903,71785000,72937000,52.156,2505167000,13986000,47333000,32804000,36.093,679016000
ANF,MRY,2015-12-31,2016-01-30,2016-01-30,2018-04-02,-114619000,2433039000,2433144000,1178980000,1254059000,1.446,19.146,-132090000,588578000,588578000,1361137000,38559000,2.205,0.881,333675000,0,333675000,333675000,0,213680000,0,0.03,0.8,69855000,283535000,0.081,283535000,69855000,51607000,0.52,0.51,0.52,1291063000,1287013000,1291063000,1695813383,24,5.981,177851000,2.582,1.0,2157543000,0.613,0,18248000,1643433000,1788778250,436701000,0,0,0,1137317000,534703000,602614000,1763450383,67870000,0,-50033000,-6000000,-55145000,-106875000,-122567000,0,309941000,-12629000,35576000,35576000,35576000,0,2983000,0.01,2084705000,72838000,184175000,1.538,1.366,49.569,50.462,894178000,0,26.24,0.501,0.514,56868000,2530196000,3518680000,3518680000,0,0.015,0.028,0.039,0.02,28359000,2074535000,1.0,67204664,68880000,69417000,51.084,2433039000,0,16031000,5988000,36.082,644277000
ANF,MRY,2016-12-31,2017-01-28,2017-01-28,2018-04-02,-121302000,2295757000,2327199250,1139300000,1156457000,1.43,18.294,-136746000,547189000,547189000,1298172000,7718000,2.344,0.839,309389000,0,309389000,309389000,0,195414000,0,0.07,0.8,11426000,206840000,0.062,206840000,11426000,-7240000,0.06,0.06,0.06,1243435000,1232675500,1243435000,635110863,55,3.071,47845000,0.705,1.0,2028568000,0.61,0,18666000,1571957000,1669026000,399795000,0,0,0,1043718000,486000000,557718000,768787863,-41389000,0,0,-25000000,-54066000,-83793000,-136746000,0,184591000,-5441000,3956000,3956000,3956000,0,3762000,0.001,2013380000,15188000,187017000,13.333,0.618,194.335,189.333,824738000,0,11.36,0.231,0.232,93384000,2474703000,3326740000,3326740000,0,0.002,0.003,0.007,0.003,22120000,2031662000,1.0,67674988,67878000,68284000,49.011,2295757000,0,-11196000,5863000,33.777,653300000
ANF,MRY,2017-12-31,2018-02-03,2018-02-03,2018-04-02,-95054000,2325692000,2252367750,1264538000,1061154000,1.551,18.131,-106798000,675558000,675558000,1408848000,10525000,2.491,0.864,300339000,0,300339000,300339000,0,194549000,0,0.039,0.8,68619000,263168000,0.075,263168000,68619000,51730000,0.1,0.1,0.1,1242379000,1183044750,1242379000,1251509355,18,4.756,178906000,2.616,1.0,2083842000,0.597,0,16889000,1442927000,1568119250,424393000,0,0,0,1073221000,507546000,565675000,1398810355,128369000,0,0,-15000000,-54392000,-74813000,-106798000,0,285704000,24276000,7094000,7094000,7094000,0,3431000,0.002,2011792000,72050000,168868000,8.0,1.126,197.182,205.4,738182000,0,20.54,0.4,0.402,79724000,2420552000,3492690000,3492690000,0,0.003,0.006,0.044,0.02,22108000,2014339000,1.0,68101770,68391000,69403000,51.069,2325692000,0,44636000,10326000,33.94,756992000
