ticker,dimension,calendardate,datekey,reportperiod,lastupdated,accoci,assets,assetsavg,assetsc,assetsnc,assetturnover,bvps,capex,cashneq,cashnequsd,cor,consolinc,currentratio,de,debt,debtc,debtnc,debtusd,deferredrev,depamor,deposits,divyield,dps,ebit,ebitda,ebitdamargin,ebitdausd,ebitusd,ebt,eps,epsdil,epsusd,equity,equityavg,equityusd,ev,evebit,evebitda,fcf,fcfps,fxusd,gp,grossmargin,intangibles,intexp,invcap,invcapavg,inventory,investments,investmentsc,investmentsnc,liabilities,liabilitiesc,liabilitiesnc,marketcap,ncf,ncfbus,ncfcommon,ncfdebt,ncfdiv,ncff,ncfi,ncfinv,ncfo,ncfx,netinc,netinccmn,netinccmnusd,netincdis,netincnci,netmargin,opex,opinc,payables,payoutratio,pb,pe,pe1,ppnenet,prefdivis,price,ps,ps1,receivables,retearn,revenue,revenueusd,rnd,roa,roe,roic,ros,sbcomp,sgna,sharefactor,sharesbas,shareswa,shareswadil,sps,tangibles,taxassets,taxexp,taxliabilities,tbvps,workingcapital
AOI,MRY,2011-12-31,2011-03-31,2011-03-31,2018-02-08,-21803000,1808330000,1983564750,1317275000,491055000,1.056,35.92,-63524000,43506000,43506000,1817243000,-72148000,2.8,4.771,1116562000,232191000,884371000,1116562000,0,28216000,0,0.0,0.0,138605000,166821000,0.08,166821000,138605000,35909000,-8.1,-8.1,-8.1,312813000,386644500,312813000,1311518056,9,7.862,-246541000,-28.31,1.0,276819000,0.132,41205000,102696000,2369766000,2337068000,800365000,28208000,2543000,25665000,1492318000,470415000,1021903000,350081056,-86232000,0,-9042000,124699000,0,112950000,-15901000,1331000,-183017000,-264000,-71551000,-71551000,-71551000,0,-597000,-0.034,181387000,95432000,142616000,0.0,1.119,-4.893,-4.963,237088000,0,40.2,0.167,0.167,341885000,-120793000,2094062000,2094062000,0,-0.036,-0.185,0.059,0.066,4609000,157920000,1.0,8708484,8708483,,240.462,1767125000,93853000,107460000,20965000,202.92,846860000
AOI,MRY,2012-12-31,2012-03-31,2012-03-31,2018-02-08,-38673000,1949845000,2012927750,1477847000,471998000,1.068,37.481,-38496000,119743000,119743000,1863115000,29191000,2.277,4.945,1203035000,381582000,821453000,1203035000,0,33143000,0,0.0,0.0,161294000,194437000,0.09,194437000,161294000,54490000,3.4,3.0,3.4,327482000,319672500,327482000,1482470362,9,7.624,20474000,2.343,1.0,287652000,0.134,35865000,106804000,2348106000,2403458500,839902000,24842000,312000,24530000,1619424000,649166000,970258000,329394362,76237000,0,0,81023000,0,80939000,-65070000,0,58970000,1398000,29451000,29451000,29451000,0,-260000,0.014,148564000,139088000,172544000,0.0,1.006,11.184,11.088,259679000,0,37.7,0.153,0.153,335406000,-91342000,2150767000,2150767000,0,0.015,0.092,0.067,0.075,2618000,147558000,1.0,8737251,8737250,,246.161,1913980000,106825000,25039000,25776000,219.06,828681000
AOI,MRY,2013-12-31,2013-03-31,2013-03-31,2018-02-08,-55192000,1911579000,2070621000,1464755000,446824000,1.082,38.611,-39067000,92026000,92026000,1953794000,24612000,2.359,4.638,1194055000,363185000,830870000,1194055000,0,33811000,0,0.0,0.0,168491000,202302000,0.09,202302000,168491000,53963000,2.74,2.53,2.74,338393000,322578750,338393000,1474448089,8,7.288,-40701000,-4.644,1.0,287202000,0.128,31471000,114528000,2361185000,2568288500,903947000,28314000,3145000,25169000,1569548000,620952000,948596000,340922089,-27717000,0,0,-13995000,0,-14061000,-13211000,0,-1634000,1189000,23913000,23913000,23913000,0,699000,0.011,145722000,141480000,178161000,0.0,1.007,14.257,14.197,270978000,0,38.9,0.152,0.152,279918000,-67329000,2240996000,2240996000,0,0.012,0.074,0.066,0.075,4520000,145777000,1.0,8764064,8764064,,255.703,1880108000,81801000,30050000,15850000,214.525,843803000
AOI,MRY,2014-12-31,2014-03-31,2014-03-31,2018-02-08,-38326000,1748013000,2015449000,1293065000,454948000,1.168,27.827,-23395000,234778000,234778000,2128586000,-102876000,2.584,6.113,1117588000,217225000,900363000,1117588000,0,32427000,0,0.0,0.0,55535000,87962000,0.037,87962000,55535000,-61292000,-11.69,-11.69,-11.69,245302000,271267750,245302000,1275890533,22,14.505,239077000,27.121,1.0,225950000,0.096,34725000,116827000,2095736000,2306724500,743669000,51406000,0,51406000,1499416000,500362000,999054000,257401533,142752000,3513000,0,-64541000,0,-100463000,-20449000,-3500000,262472000,1192000,-102533000,-102533000,-102533000,0,-343000,-0.044,139197000,86753000,200720000,0.0,1.049,-2.51,-2.498,261174000,0,29.2,0.109,0.109,211322000,-182054000,2354536000,2354536000,0,-0.051,-0.378,0.024,0.024,3222000,134086000,1.0,8815121,8815121,,267.102,1713288000,61152000,41241000,14365000,194.358,792703000
AOI,MRY,2015-12-31,2015-03-31,2015-03-31,2018-02-08,-66386000,1634206000,1873514000,1225699000,408507000,1.103,21.552,-9214000,143849000,143849000,1823366000,-28034000,2.097,7.548,1072091000,333148000,738943000,1072091000,0,29623000,0,0.0,0.0,107329000,136952000,0.066,136952000,107329000,-5944000,-3.16,-3.16,-3.16,190790000,209841000,190790000,1295702610,12,9.461,-64437000,-7.279,1.0,243499000,0.118,31891000,113273000,1946133000,2242974500,739563000,56067000,1373000,54694000,1440142000,584424000,855718000,97377610,-90929000,0,0,-23891000,0,-23436000,-11662000,-1655000,-55223000,-608000,-27862000,-27862000,-27862000,0,-172000,-0.013,146138000,97361000,150767000,0.0,0.51,-3.495,-3.481,237914000,0,11.0,0.047,0.047,246994000,-211388000,2066865000,2066865000,0,-0.015,-0.133,0.048,0.052,3194000,137020000,1.0,8852510,8852510,,233.478,1602315000,57701000,21918000,15148000,181.001,641275000
AOI,MRY,2016-12-31,2016-03-31,2016-03-31,2018-02-08,-53848000,1968198000,1926006750,1490358000,477840000,0.989,28.042,-14924000,199720000,199720000,1678798000,65445000,2.209,6.246,1386559000,476345000,910214000,1386559000,0,28361000,0,0.0,0.0,214937000,243298000,0.128,243298000,214937000,97747000,7.38,7.38,7.38,271126000,190203500,271126000,1333879755,6,5.482,-150251000,-15.54,1.0,225794000,0.119,67034000,117190000,2413177000,2383345250,791340000,58259000,0,58259000,1693526000,674826000,1018700000,169779755,45594000,0,0,193168000,0,193623000,-13525000,0,-135327000,823000,65532000,65532000,65532000,0,-87000,0.034,129434000,96360000,112034000,0.0,0.626,2.591,2.379,277525000,0,17.56,0.089,0.089,402928000,-145856000,1904592000,1904592000,0,0.034,0.345,0.09,0.113,2874000,123546000,1.0,9668551,9668551,,196.988,1901164000,60880000,32215000,28946000,196.634,815532000
AOI,MRY,2017-12-31,2017-03-31,2017-03-31,2018-02-08,-60047000,1971872000,1981402250,1510076000,461796000,0.865,22.741,-11872000,473110000,473110000,1497721000,-63271000,2.119,8.673,1428868000,485909000,942959000,1428868000,0,34476000,0,0.0,0.0,93219000,127695000,0.074,127695000,93219000,-39448000,-7.05,-7.05,-7.05,203518000,217332750,203518000,1356213083,14,10.621,235357000,26.299,1.0,217029000,0.127,62599000,132667000,2152281000,2334851250,678325000,53271000,943000,52328000,1765162000,712750000,1052412000,114999083,273390000,0,0,38297000,0,38202000,-11481000,0,247229000,-560000,-62928000,-62928000,-62928000,0,-343000,-0.037,137357000,79672000,130132000,0.0,0.565,-1.827,-1.823,256511000,0,12.85,0.067,0.067,262318000,-208784000,1714750000,1714750000,0,-0.032,-0.29,0.04,0.054,1712000,135982000,1.0,8949345,8949345,,191.606,1909273000,45896000,23480000,22985000,213.342,797326000
