ticker,dimension,calendardate,datekey,reportperiod,lastupdated,accoci,assets,assetsavg,assetsc,assetsnc,assetturnover,bvps,capex,cashneq,cashnequsd,cor,consolinc,currentratio,de,debt,debtc,debtnc,debtusd,deferredrev,depamor,deposits,divyield,dps,ebit,ebitda,ebitdamargin,ebitdausd,ebitusd,ebt,eps,epsdil,epsusd,equity,equityavg,equityusd,ev,evebit,evebitda,fcf,fcfps,fxusd,gp,grossmargin,intangibles,intexp,invcap,invcapavg,inventory,investments,investmentsc,investmentsnc,liabilities,liabilitiesc,liabilitiesnc,marketcap,ncf,ncfbus,ncfcommon,ncfdebt,ncfdiv,ncff,ncfi,ncfinv,ncfo,ncfx,netinc,netinccmn,netinccmnusd,netincdis,netincnci,netmargin,opex,opinc,payables,payoutratio,pb,pe,pe1,ppnenet,prefdivis,price,ps,ps1,receivables,retearn,revenue,revenueusd,rnd,roa,roe,roic,ros,sbcomp,sgna,sharefactor,sharesbas,shareswa,shareswadil,sps,tangibles,taxassets,taxexp,taxliabilities,tbvps,workingcapital
AOSL,MRY,2011-12-31,2011-06-30,2011-06-30,2018-05-03,934000,347438000,303047000,201345000,146093000,1.192,10.616,-42073000,86762000,86762000,256087000,37827000,2.426,0.335,436000,306000,130000,436000,495000,16678000,0,0.0,0.0,40699000,57377000,0.159,57377000,40699000,40436000,1.61,1.51,1.61,260250000,224848000,260250000,177817051,4,3.099,-11985000,-0.51,1.0,105221000,0.291,1599000,263000,176534000,127332000,65251000,0,0,0,87188000,82979000,4209000,292838051,-32293000,-8400000,3541000,-15598000,0,-12667000,-49820000,0,30088000,106000,37827000,37827000,37827000,0,0,0.105,67407000,37814000,64678000,0.0,1.125,7.742,8.23,127839000,0,13.25,0.81,0.862,42503000,106956000,361308000,361308000,29470000,0.125,0.168,0.32,0.113,6174000,37937000,1.0,22100985,23495000,24989000,15.378,345839000,10821000,2609000,5483000,14.107,118366000
AOSL,MRY,2012-12-31,2012-06-30,2012-06-30,2018-05-03,972000,366157000,341170750,193781000,172376000,1.003,11.225,-36318000,82402000,82402000,259126000,12917000,3.032,0.311,22046000,4532000,17514000,22046000,366000,25263000,0,0.0,0.0,16840000,42103000,0.123,42103000,16840000,16498000,0.52,0.5,0.52,279393000,269434500,279393000,159754413,9,3.794,-3437000,-0.139,1.0,83165000,0.243,1297000,342000,240585000,202550250,65778000,0,0,0,86764000,63919000,22845000,226947413,-4542000,-21330000,766000,19696000,0,20462000,-57931000,-100000,32881000,46000,12917000,12917000,12917000,0,0,0.038,66430000,16735000,35646000,0.0,0.812,17.57,17.596,158543000,0,9.15,0.663,0.659,38850000,119873000,342291000,342291000,30630000,0.038,0.048,0.083,0.049,5422000,35800000,1.0,24802996,24656000,25606000,13.883,364860000,12850000,3581000,6445000,14.659,129862000
AOSL,MRY,2013-12-31,2013-06-30,2013-06-30,2018-05-03,957000,356321000,366956250,205855000,150466000,0.92,10.997,-17310000,92610000,92610000,272851000,-5575000,3.848,0.266,18854000,5088000,13766000,18854000,622000,29360000,0,0.0,0.0,-1202000,28158000,0.083,28158000,-1202000,-1574000,-0.22,-0.22,-0.22,281451000,287357750,281451000,110020109,-91,3.907,10697000,0.422,1.0,64585000,0.191,765000,372000,228309000,232081500,68339000,0,0,0,74870000,53491000,21379000,194832109,10240000,0,3084000,-3569000,0,-485000,-17278000,0,28007000,-4000,-5575000,-5575000,-5575000,0,0,-0.017,65863000,-1278000,31738000,0.0,0.692,-34.947,-34.727,138111000,0,7.64,0.577,0.574,38298000,114145000,337436000,337436000,27833000,-0.015,-0.019,-0.005,-0.004,4819000,35473000,1.0,25501585,25348000,25348000,13.312,355556000,13853000,4001000,7777000,13.892,152364000
AOSL,MRY,2014-12-31,2014-06-30,2014-06-30,2018-05-03,1033000,364348000,355176500,227779000,136569000,0.896,10.798,-9151000,118032000,118032000,259050000,-3104000,3.094,0.287,15887000,14882000,1005000,15887000,665000,27876000,0,0.0,0.0,-69000,27807000,0.087,27807000,-69000,-335000,-0.12,-0.12,-0.12,283035000,282972750,283035000,146484702,-2122,5.268,28809000,1.11,1.0,59071000,0.186,498000,266000,188089000,207292750,66560000,0,0,0,81313000,73616000,7697000,242249702,25382000,0,1757000,-4838000,0,-3397000,-9191000,0,37960000,10000,-3104000,-3104000,-3104000,0,0,-0.01,58963000,108000,38760000,0.0,0.856,-78.044,-77.25,123254000,0,9.27,0.762,0.756,36535000,110754000,318121000,318121000,24409000,-0.009,-0.011,0.0,0.0,3375000,34554000,1.0,26132654,25952000,25952000,12.258,363850000,13696000,2769000,7482000,13.881,154163000
AOSL,MRY,2015-12-31,2015-06-30,2015-06-30,2018-05-03,905000,347904000,353096250,213688000,134216000,0.929,10.515,-21220000,106453000,106453000,267453000,-7763000,3.221,0.258,941000,941000,0,941000,716000,27547000,0,0.0,0.0,-3685000,23862000,0.073,23862000,-3685000,-3866000,-0.29,-0.29,-0.29,276639000,281765500,276639000,124773177,-33,5.229,6449000,0.244,1.0,60482000,0.184,0,181000,176055000,179803250,64175000,0,0,0,71265000,66337000,4928000,230243177,-11703000,0,-2809000,-14632000,0,-17980000,-21345000,0,27669000,-47000,-7763000,-7763000,-7763000,0,0,-0.024,64700000,-4218000,44083000,0.0,0.832,-29.659,-30.138,119579000,0,8.74,0.702,0.704,38781000,103232000,327935000,327935000,27075000,-0.022,-0.028,-0.02,-0.011,4490000,37625000,1.0,26343613,26429000,26429000,12.408,347904000,12340000,3897000,5283000,13.224,147351000
AOSL,MRY,2016-12-31,2016-06-30,2016-06-30,2018-05-03,769000,318505000,310175750,187930000,130575000,1.082,10.71,-21901000,87962000,87962000,269839000,-3032000,2.705,0.316,2514000,819000,1695000,2514000,997000,27303000,0,0.0,0.0,1116000,28419000,0.085,28419000,1116000,1093000,-0.13,-0.13,-0.13,242142000,238583500,242142000,233504221,209,8.216,18281000,0.814,1.0,65822000,0.196,0,23000,163577000,165315500,68848000,0,0,0,76466000,69480000,6986000,312474221,-18311000,0,-34710000,-940000,0,-36686000,-21721000,0,40182000,-86000,-2928000,-2928000,-2928000,0,-104000,-0.009,64312000,1510000,42718000,0.0,1.29,-106.719,-107.154,116084000,0,13.93,0.931,0.932,26594000,100071000,335661000,335661000,26006000,-0.009,-0.012,0.007,0.003,4313000,37874000,1.0,22431746,22452000,22452000,14.95,318505000,12132000,4021000,6906000,14.088,118450000
AOSL,MRY,2017-12-31,2017-06-30,2017-06-30,2018-05-03,306000,398408000,372803750,225476000,172932000,1.028,11.322,-54985000,115929000,115929000,291516000,9260000,2.376,0.369,1694000,828000,866000,1694000,814000,27188000,0,0.0,0.0,17572000,44760000,0.117,44760000,17572000,17481000,0.59,0.56,0.59,270770000,261152500,270770000,282144851,16,6.304,-12337000,-0.524,1.0,91821000,0.24,282000,91000,188981000,177818500,76254000,0,0,0,99859000,94910000,4949000,396584851,27934000,0,10699000,-819000,0,40809000,-55618000,-600000,42648000,95000,13829000,13829000,13829000,0,-4569000,0.036,78677000,13144000,63134000,0.0,1.465,28.678,28.254,148191000,0,16.67,1.035,1.023,28410000,113909000,383337000,383337000,29835000,0.037,0.053,0.099,0.046,6634000,48842000,1.0,23790333,23526000,24826000,16.294,398126000,4594000,3652000,5329000,16.647,130566000
