ticker,dimension,calendardate,datekey,reportperiod,lastupdated,accoci,assets,assetsavg,assetsc,assetsnc,assetturnover,bvps,capex,cashneq,cashnequsd,cor,consolinc,currentratio,de,debt,debtc,debtnc,debtusd,deferredrev,depamor,deposits,divyield,dps,ebit,ebitda,ebitdamargin,ebitdausd,ebitusd,ebt,eps,epsdil,epsusd,equity,equityavg,equityusd,ev,evebit,evebitda,fcf,fcfps,fxusd,gp,grossmargin,intangibles,intexp,invcap,invcapavg,inventory,investments,investmentsc,investmentsnc,liabilities,liabilitiesc,liabilitiesnc,marketcap,ncf,ncfbus,ncfcommon,ncfdebt,ncfdiv,ncff,ncfi,ncfinv,ncfo,ncfx,netinc,netinccmn,netinccmnusd,netincdis,netincnci,netmargin,opex,opinc,payables,payoutratio,pb,pe,pe1,ppnenet,prefdivis,price,ps,ps1,receivables,retearn,revenue,revenueusd,rnd,roa,roe,roic,ros,sbcomp,sgna,sharefactor,sharesbas,shareswa,shareswadil,sps,tangibles,taxassets,taxexp,taxliabilities,tbvps,workingcapital
API,MRY,2011-12-31,2011-03-31,2011-03-31,2017-11-26,0,29252000,25879500,14955000,14297000,1.114,0.691,-1647000,5244000,5244000,16479000,-1882000,2.219,0.447,4327000,2367000,1960000,4327000,0,2583000,0,0.0,0.0,-1645000,938000,0.033,938000,-1645000,-1882000,-0.07,-0.07,-0.07,20209000,15816000,20209000,63037107,-38,67.204,-2120000,-0.08,1.0,12359000,0.429,10292000,237000,11303000,10776000,4775000,0,0,0,9043000,6740000,2303000,58590107,2982000,0,6915000,-1813000,0,5102000,-1647000,0,-473000,0,-1882000,-1882000,-1882000,0,0,-0.065,13184000,-825000,2098000,0.0,2.899,-31.132,-28.714,3730000,0,2.01,2.032,1.838,4587000,-37713000,28838000,28838000,5631000,-0.073,-0.119,-0.153,-0.057,225000,5920000,1.0,29149307,26366000,26366000,1.094,18960000,0,0,0,0.649,8215000
API,MRY,2012-12-31,2012-03-31,2012-03-31,2017-11-26,0,24383000,26493000,11643000,12740000,1.113,0.602,-782000,3249000,3249000,17637000,-2112000,2.834,0.307,2961000,1365000,1596000,2961000,0,2386000,0,0.0,0.0,-1948000,438000,0.015,438000,-1948000,-2112000,-0.07,-0.07,-0.07,18652000,19708250,18652000,20358039,-10,46.48,-652000,-0.021,1.0,11858000,0.402,9117000,164000,10869000,11770250,3594000,0,0,0,5731000,4109000,1622000,20749039,-1495000,0,23000,-1366000,0,-1343000,-282000,0,130000,0,-2112000,-2112000,-2112000,0,0,-0.072,14522000,-2664000,872000,0.0,1.112,-9.824,-9.571,3301000,0,0.67,0.703,0.701,4539000,-39825000,29495000,29495000,6541000,-0.08,-0.107,-0.166,-0.066,532000,6607000,1.0,30968716,30873000,30873000,0.955,15266000,0,0,0,0.492,7534000
API,MRY,2013-12-31,2013-03-31,2013-03-31,2017-11-26,0,22216000,22166500,10307000,11909000,1.067,0.463,-589000,619000,619000,14823000,-4387000,1.889,0.539,3633000,1600000,2033000,3633000,0,1966000,0,0.0,0.0,-4185000,-2219000,-0.094,-2219000,-4185000,-4387000,-0.14,-0.14,-0.14,14435000,16010750,14435000,15900739,-3,-7.166,-2810000,-0.09,1.0,8826000,0.373,8265000,202000,11509000,10291500,3905000,0,0,0,7781000,5456000,2325000,14645739,-2630000,-900000,3000,1077000,0,1080000,-1489000,0,-2221000,0,-4387000,-4387000,-4387000,0,0,-0.186,13211000,-4385000,1829000,0.0,1.015,-3.338,-3.357,3415000,0,0.47,0.619,0.619,4988000,-44212000,23649000,23649000,5683000,-0.198,-0.274,-0.407,-0.177,167000,6347000,1.0,31161147,31161000,31161000,0.759,13951000,0,0,0,0.448,4851000
API,MRY,2014-12-31,2014-03-31,2014-03-31,2017-11-26,0,20201000,21479250,10398000,9803000,1.352,0.33,-421000,120000,120000,19433000,-4264000,1.201,0.96,4671000,3841000,830000,4671000,0,2518000,0,0.0,0.0,-3612000,-1094000,-0.038,-1094000,-3612000,-4264000,-0.14,-0.14,-0.14,10307000,12067250,10307000,23451666,-6,-21.437,-1266000,-0.041,1.0,9608000,0.331,7521000,652000,8576000,9671750,4749000,0,0,0,9894000,8655000,1239000,19681666,-499000,0,5000,770000,0,767000,-421000,0,-845000,0,-4264000,-4264000,-4264000,0,0,-0.147,13048000,-3440000,2661000,0.0,1.91,-4.616,-4.5,2144000,0,0.63,0.678,0.677,5085000,-48476000,29041000,29041000,4975000,-0.199,-0.353,-0.373,-0.124,139000,7044000,1.0,31240740,31227000,31227000,0.93,12680000,0,0,0,0.406,1743000
