ticker,dimension,calendardate,datekey,reportperiod,lastupdated,accoci,assets,assetsavg,assetsc,assetsnc,assetturnover,bvps,capex,cashneq,cashnequsd,cor,consolinc,currentratio,de,debt,debtc,debtnc,debtusd,deferredrev,depamor,deposits,divyield,dps,ebit,ebitda,ebitdamargin,ebitdausd,ebitusd,ebt,eps,epsdil,epsusd,equity,equityavg,equityusd,ev,evebit,evebitda,fcf,fcfps,fxusd,gp,grossmargin,intangibles,intexp,invcap,invcapavg,inventory,investments,investmentsc,investmentsnc,liabilities,liabilitiesc,liabilitiesnc,marketcap,ncf,ncfbus,ncfcommon,ncfdebt,ncfdiv,ncff,ncfi,ncfinv,ncfo,ncfx,netinc,netinccmn,netinccmnusd,netincdis,netincnci,netmargin,opex,opinc,payables,payoutratio,pb,pe,pe1,ppnenet,prefdivis,price,ps,ps1,receivables,retearn,revenue,revenueusd,rnd,roa,roe,roic,ros,sbcomp,sgna,sharefactor,sharesbas,shareswa,shareswadil,sps,tangibles,taxassets,taxexp,taxliabilities,tbvps,workingcapital
APOG,MRY,2011-12-31,2011-02-26,2011-02-26,2018-04-30,-885000,511098000,509802250,213923000,297175000,1.143,11.829,-8936000,24302000,24302000,499657000,-10332000,1.877,0.56,22429000,987000,21442000,22429000,23406000,28218000,0,0.023,0.326,-16289000,11929000,0.02,11929000,-16289000,-17008000,-0.37,-0.37,-0.37,327677000,333716500,327677000,400835029,-24,33.602,-17387000,-0.629,1.0,83120000,0.143,81659000,719000,313620000,322850500,32608000,62675000,36249000,26426000,183421000,113946000,69475000,391563029,-22633000,-20629000,-1298000,10668000,-9161000,209000,-14391000,15184000,-8451000,6000,-10332000,-10332000,-10332000,-3825000,0,-0.018,104092000,-20972000,34943000,-0.881,1.195,-37.898,-37.622,179201000,0,13.92,0.672,0.66,100967000,210203000,582777000,582777000,0,-0.02,-0.031,-0.05,-0.028,5215000,104092000,1.0,28129528,27637000,27637000,21.087,429439000,16747000,-6676000,18711000,15.503,99977000
APOG,MRY,2012-12-31,2012-03-03,2012-03-03,2018-04-30,-4760000,493104000,497888750,229439000,263665000,1.331,11.619,670000,54027000,54027000,545343000,4645000,2.169,0.535,21024000,108000,20916000,21024000,22550000,27246000,0,0.026,0.326,5023000,32269000,0.049,32269000,5023000,3596000,0.17,0.17,0.17,321198000,321723250,321198000,348369844,69,10.796,25224000,0.909,1.0,117120000,0.177,77709000,1427000,276621000,305424750,34045000,42736000,25267000,17469000,171906000,105771000,66135000,353115844,29936000,-68000,-2580000,-1475000,-9153000,-13116000,18498000,17896000,24554000,-211000,4645000,4645000,4645000,0,0,0.007,113304000,3816000,34025000,1.918,1.099,76.021,74.118,159547000,0,12.6,0.533,0.528,108424000,203558000,662463000,662463000,0,0.009,0.014,0.016,0.008,4320000,113304000,1.0,28025067,27741000,28048000,23.88,415395000,4294000,-1049000,12070000,15.026,123668000
APOG,MRY,2013-12-31,2013-03-02,2013-03-02,2018-04-30,-7081000,520141000,511720750,251841000,268300000,1.368,11.872,-33586000,37767000,37767000,554491000,19111000,2.061,0.56,30813000,10057000,20756000,30813000,21355000,26529000,0,0.014,0.36,28401000,54930000,0.078,54930000,28401000,26907000,0.68,0.67,0.68,333318000,326882750,333318000,739927403,26,13.47,6937000,0.248,1.0,145733000,0.208,75017000,1494000,316003000,322675750,36052000,65257000,47811000,17446000,186823000,122167000,64656000,746487403,-16377000,-15000,0,9203000,-10316000,232000,-57132000,-23531000,40523000,117000,19111000,19111000,19111000,0,0,0.027,118314000,27419000,34235000,0.529,2.24,39.061,38.544,168948000,0,26.21,1.066,1.046,121170000,211135000,700224000,700224000,0,0.037,0.058,0.088,0.041,3912000,118314000,1.0,28481015,27954000,28641000,25.049,445124000,3589000,7796000,10245000,15.854,129674000
APOG,MRY,2014-12-31,2014-03-01,2014-03-01,2018-04-30,-12960000,569995000,530306750,247430000,322565000,1.455,12.445,-41852000,28465000,28465000,606193000,27986000,1.808,0.601,20708000,49000,20659000,20708000,22557000,26550000,0,0.011,0.37,41025000,67575000,0.088,67575000,41025000,39766000,0.98,0.95,0.98,356104000,344509250,356104000,988118491,24,14.623,11069000,0.389,1.0,165252000,0.214,105219000,1259000,320185000,310396500,53435000,14017000,204000,13813000,213891000,136834000,77057000,987256491,-8629000,-53301000,0,-10247000,-10764000,-17576000,-43974000,50373000,52921000,-673000,27986000,27986000,27986000,0,0,0.036,124967000,40285000,47241000,0.378,2.772,35.277,34.929,193946000,0,34.23,1.28,1.264,154914000,228841000,771445000,771445000,0,0.053,0.081,0.132,0.053,1936000,124967000,1.0,28841849,28483000,29374000,27.084,464776000,3687000,11780000,13801000,16.242,110596000
APOG,MRY,2015-12-31,2015-02-28,2015-02-28,2018-04-30,-22320000,612057000,585391000,298975000,313082000,1.595,13.292,-27220000,52185000,52185000,725392000,50516000,2.006,0.6,20587000,0,20587000,20587000,22233000,29423000,0,0.009,0.41,65923000,95346000,0.102,95346000,65923000,64999000,1.76,1.72,1.76,382476000,369904500,382476000,1317962182,19,13.823,44579000,1.55,1.0,208544000,0.223,99137000,924000,332294000,331835250,61408000,10982000,327000,10655000,229581000,149028000,80553000,1329476182,24315000,0,-6894000,-139000,-12071000,-23009000,-24475000,804000,71799000,-595000,50516000,50516000,50516000,0,0,0.054,144959000,63585000,56516000,0.233,3.476,26.318,26.051,193540000,0,45.85,1.424,1.412,171623000,256538000,933936000,933936000,0,0.086,0.137,0.199,0.071,4793000,144959000,1.0,28996209,28763000,29374000,32.47,512920000,6474000,14483000,15129000,17.825,149947000
APOG,MRY,2016-12-31,2016-02-27,2016-02-27,2018-04-30,-31371000,657440000,631787000,336793000,320647000,1.553,14.094,-42037000,60470000,60470000,737619000,65342000,1.899,0.619,20400000,0,20400000,20400000,31890000,31248000,0,0.012,0.455,97917000,129165000,0.132,129165000,97917000,97324000,2.25,2.22,2.25,406195000,401212750,406195000,1128437331,11,8.736,86906000,2.991,1.0,243570000,0.248,93858000,593000,346131000,364884250,63386000,42692000,30173000,12519000,251245000,177381000,73864000,1138328331,9682000,0,-24911000,-56000,-13184000,-41405000,-77856000,-31767000,128943000,-1397000,65342000,65342000,65342000,0,0,0.067,146177000,97393000,64762000,0.202,2.802,17.421,17.516,202462000,0,39.41,1.16,1.167,172832000,282477000,981189000,981189000,0,0.103,0.163,0.268,0.1,4923000,146177000,1.0,28884251,29058000,29375000,33.767,563582000,1820000,31982000,13039000,19.555,159412000
APOG,MRY,2017-12-31,2017-03-04,2017-03-04,2018-04-30,-31090000,784658000,717809750,297461000,487197000,1.553,16.395,-68061000,27297000,27297000,822510000,85790000,1.599,0.667,65400000,0,65400000,65400000,28857000,35607000,0,0.009,0.515,123776000,159383000,0.143,159383000,123776000,122805000,2.98,2.97,2.98,470577000,448156500,470577000,1620845662,13,10.17,55940000,1.944,1.0,292023000,0.262,208020000,971000,428683000,397883750,73409000,9589000,548000,9041000,314081000,186058000,128023000,1666928662,-41095000,-137932000,-10817000,44592000,-14667000,18662000,-183758000,32728000,124001000,88000,85790000,85790000,85790000,0,0,0.077,169798000,122225000,63182000,0.173,3.542,19.43,19.527,246748000,0,58.19,1.496,1.503,185740000,341996000,1114533000,1114533000,0,0.12,0.191,0.311,0.111,5986000,169798000,1.0,28646308,28781000,28893000,38.725,576638000,5768000,37015000,8005000,20.09,111403000
APOG,MRY,2018-12-31,2018-03-03,2018-03-03,2018-04-30,-24053000,1022320000,971265250,336278000,686042000,1.365,18.46,-53196000,19359000,19359000,992655000,79488000,1.616,0.999,215860000,0,215860000,215860000,12461000,54843000,0,0.013,0.578,115388000,170231000,0.128,170231000,115388000,109880000,2.79,2.76,2.79,511355000,503313250,511355000,1467942583,12,8.623,74267000,2.603,1.0,333518000,0.251,348305000,5508000,662364000,645266750,85028000,9053000,423000,8630000,510965000,208152000,302813000,1249511583,63000,-182849000,-33676000,150115000,-16393000,98334000,-225734000,232000,127463000,-167000,79488000,79488000,79488000,0,0,0.06,219234000,114284000,68416000,0.207,2.444,15.719,15.76,304063000,0,43.97,0.942,0.946,211852000,373259000,1326173000,1326173000,0,0.082,0.158,0.179,0.087,6205000,219234000,1.0,28417366,28534000,28804000,46.477,674015000,3394000,30392000,9225000,24.333,128126000
