ticker,dimension,calendardate,datekey,reportperiod,lastupdated,accoci,assets,assetsavg,assetsc,assetsnc,assetturnover,bvps,capex,cashneq,cashnequsd,cor,consolinc,currentratio,de,debt,debtc,debtnc,debtusd,deferredrev,depamor,deposits,divyield,dps,ebit,ebitda,ebitdamargin,ebitdausd,ebitusd,ebt,eps,epsdil,epsusd,equity,equityavg,equityusd,ev,evebit,evebitda,fcf,fcfps,fxusd,gp,grossmargin,intangibles,intexp,invcap,invcapavg,inventory,investments,investmentsc,investmentsnc,liabilities,liabilitiesc,liabilitiesnc,marketcap,ncf,ncfbus,ncfcommon,ncfdebt,ncfdiv,ncff,ncfi,ncfinv,ncfo,ncfx,netinc,netinccmn,netinccmnusd,netincdis,netincnci,netmargin,opex,opinc,payables,payoutratio,pb,pe,pe1,ppnenet,prefdivis,price,ps,ps1,receivables,retearn,revenue,revenueusd,rnd,roa,roe,roic,ros,sbcomp,sgna,sharefactor,sharesbas,shareswa,shareswadil,sps,tangibles,taxassets,taxexp,taxliabilities,tbvps,workingcapital
APU,MRY,2011-12-31,2011-09-30,2011-09-30,2018-05-08,-4960000,1795735000,1841123750,393819000,1401916000,1.378,5.928,-77228000,8632000,8632000,1605287000,140924000,0.873,4.265,1029022000,100164000,928858000,1029022000,74979000,94710000,0,0.066,2.89,202431000,297141000,0.117,297141000,202431000,138913000,2.3,2.3,2.3,338656000,423530000,338656000,3516791781,17,11.835,111623000,1.954,1.0,932672000,0.367,733452000,63518000,1631680000,1601665250,135815000,0,0,0,1444256000,450993000,993263000,2512897781,906000,-34032000,616000,90856000,-171821000,-81816000,-106129000,0,188851000,0,138523000,132101000,132101000,0,2401000,0.052,689723000,242949000,158616000,1.257,7.42,19.023,19.126,645755000,6422000,43.99,0.99,0.99,234634000,,2537959000,2537959000,0,0.072,0.312,0.126,0.08,0,620576000,1.0,57124296,57119000,57170000,44.433,1062283000,0,390000,0,18.594,-57174000
APU,MRY,2012-12-31,2012-09-30,2012-09-30,2018-05-08,-43569000,4517331000,3959676000,523368000,3993963000,0.738,15.385,-103140000,60102000,60102000,1719729000,12671000,0.78,2.133,2377969000,80606000,2297363000,2377969000,167614000,169123000,0,0.071,3.103,155597000,324720000,0.111,324720000,155597000,12956000,-0.11,-0.11,-0.11,1429108000,1270536500,1429108000,6342419687,40,19.532,241289000,2.963,1.0,1201887000,0.411,2450804000,142641000,3713549000,3313018750,163746000,0,0,0,3048771000,670845000,2377926000,4051332687,51470000,-1425002000,277513000,1221582000,-271839000,1227101000,-1520060000,0,344429000,0,11025000,-2094000,-2094000,0,1646000,-0.001,1031295000,170592000,172436000,-28.209,2.835,-1934.734,-396.909,1499225000,13119000,43.66,1.387,1.217,267647000,,2921616000,2921616000,0,-0.001,-0.002,0.047,0.053,0,888693000,1.0,92792778,81433000,81433000,35.878,2066527000,0,1931000,0,22.248,-147477000
APU,MRY,2013-12-31,2013-09-30,2013-09-30,2018-05-08,14986000,4437671000,4544602500,504994000,3932677000,0.697,14.92,-111058000,12635000,12635000,1660053000,225091000,0.813,2.176,2417146000,129049000,2288097000,2417146000,128122000,202871000,0,0.076,3.28,388325000,591196000,0.187,591196000,388325000,222893000,2.14,2.14,2.14,1385103000,1489517250,1385103000,6364624894,16,10.766,244545000,2.634,1.0,1506490000,0.476,2430257000,165432000,3790649000,3848257250,158928000,18252000,18036000,216000,3013534000,621276000,2392258000,3997952894,-47467000,-19946000,1221000,36469000,-327000000,-294179000,-108891000,0,355603000,0,221222000,199724000,199724000,0,3869000,0.063,1114296000,392194000,171776000,1.533,2.886,20.017,20.126,1437514000,21498000,43.07,1.263,1.263,292210000,,3166543000,3166543000,0,0.044,0.134,0.101,0.123,0,943928000,1.0,92824539,92832000,92910000,34.11,2007414000,0,1671000,0,21.623,-116282000
APU,MRY,2014-12-31,2014-09-30,2014-09-30,2018-05-08,2794000,4364058000,4523356000,505908000,3858150000,0.821,14.238,-113934000,13480000,13480000,2116574000,294441000,0.819,2.271,2407413000,127242000,2280171000,2407413000,129840000,197215000,0,0.075,3.44,458085000,655300000,0.176,655300000,458085000,292504000,2.82,2.82,2.82,1322514000,1456789500,1322514000,6609256233,14,10.086,366136000,3.942,1.0,1596361000,0.43,2410086000,165581000,3730391000,3893807250,181946000,272000,272000,0,3003168000,617514000,2385654000,4236583233,845000,-15746000,2499000,-20172000,-346744000,-369476000,-109749000,0,480070000,0,289893000,263144000,263144000,0,4548000,0.071,1133728000,462633000,155134000,1.22,3.203,16.1,16.177,1386910000,26749000,45.62,1.141,1.141,280920000,,3712935000,3712935000,0,0.058,0.181,0.118,0.123,0,963963000,1.0,92866796,92876000,92946000,39.977,1953972000,0,2611000,0,21.036,-111606000
APU,MRY,2015-12-31,2015-09-30,2015-09-30,2018-05-08,0,4120152000,4297909500,366361000,3753791000,0.671,12.53,-102009000,14757000,14757000,1387805000,214969000,0.671,2.508,2385213000,125286000,2259927000,2385213000,117087000,194880000,0,0.087,3.6,376951000,571831000,0.198,571831000,376951000,214109000,1.91,1.91,1.91,1164216000,1273971750,1164216000,6230862869,16,10.896,421849000,4.54,1.0,1497517000,0.519,2390401000,162842000,3553913000,3745822500,93934000,0,0,0,2919779000,546294000,2373485000,3857720869,1277000,-20840000,3501000,-52708000,-368426000,-423548000,-99033000,0,523858000,0,211211000,178742000,178742000,0,3758000,0.062,1116808000,380709000,102033000,1.885,3.314,21.583,21.743,1324327000,32469000,41.53,1.337,1.337,201427000,,2885322000,2885322000,0,0.042,0.14,0.101,0.131,0,953283000,1.0,92889980,92910000,92977000,31.055,1729751000,0,2898000,0,18.616,-179933000
APU,MRY,2016-12-31,2016-09-30,2016-09-30,2018-05-08,0,4057770000,4199787000,344448000,3713322000,0.55,10.587,-101693000,15827000,15827000,798699000,211193000,0.585,3.087,2487009000,161675000,2325334000,2487009000,119319000,189980000,0,0.081,3.72,369506000,559486000,0.242,559486000,369506000,205411000,1.77,1.77,1.77,984221000,1151376250,984221000,6670235900,18,11.922,321250000,3.456,1.0,1513118000,0.655,2390300000,164095000,3550197000,3624940500,78823000,9160000,7994000,1166000,3038561000,588455000,2450106000,4242882900,1070000,-37560000,1127000,94643000,-387659000,-297256000,-124617000,0,422943000,0,206984000,166757000,166757000,0,4209000,0.072,1090514000,422604000,96766000,2.102,4.311,25.444,25.797,1274557000,40227000,45.66,1.835,1.836,185308000,,2311817000,2311817000,0,0.04,0.145,0.102,0.16,0,928786000,1.0,92923410,92949000,93023000,24.872,1667470000,0,-1573000,0,17.937,-244007000
APU,MRY,2017-12-31,2017-09-30,2017-09-30,2018-05-08,0,4059261000,4131318500,413774000,3645487000,0.594,8.041,-98164000,7316000,7316000,971872000,165869000,0.712,4.381,2712279000,148447000,2563832000,2712279000,109453000,190505000,0,0.084,3.78,324319000,514824000,0.21,514824000,324319000,164093000,1.25,1.25,1.25,747899000,901357250,747899000,6830145854,21,13.267,258618000,2.781,1.0,1481623000,0.604,2392050000,160226000,3790642000,3864447000,116679000,31803000,30483000,1320000,3276190000,581532000,2694658000,4177558854,-8511000,-36824000,1465000,150783000,-398877000,-250240000,-115053000,0,356782000,0,162059000,116913000,116913000,0,3810000,0.048,1093765000,387858000,119990000,3.024,5.586,35.732,35.952,1206710000,45146000,44.94,1.703,1.703,201441000,,2453495000,2453495000,0,0.028,0.13,0.084,0.132,0,915133000,1.0,92958586,92996000,93050000,26.383,1667211000,0,2034000,0,17.926,-167758000
