ticker,dimension,calendardate,datekey,reportperiod,lastupdated,accoci,assets,assetsavg,assetsc,assetsnc,assetturnover,bvps,capex,cashneq,cashnequsd,cor,consolinc,currentratio,de,debt,debtc,debtnc,debtusd,deferredrev,depamor,deposits,divyield,dps,ebit,ebitda,ebitdamargin,ebitdausd,ebitusd,ebt,eps,epsdil,epsusd,equity,equityavg,equityusd,ev,evebit,evebitda,fcf,fcfps,fxusd,gp,grossmargin,intangibles,intexp,invcap,invcapavg,inventory,investments,investmentsc,investmentsnc,liabilities,liabilitiesc,liabilitiesnc,marketcap,ncf,ncfbus,ncfcommon,ncfdebt,ncfdiv,ncff,ncfi,ncfinv,ncfo,ncfx,netinc,netinccmn,netinccmnusd,netincdis,netincnci,netmargin,opex,opinc,payables,payoutratio,pb,pe,pe1,ppnenet,prefdivis,price,ps,ps1,receivables,retearn,revenue,revenueusd,rnd,roa,roe,roic,ros,sbcomp,sgna,sharefactor,sharesbas,shareswa,shareswadil,sps,tangibles,taxassets,taxexp,taxliabilities,tbvps,workingcapital
APWC,MRY,2011-12-31,2011-12-31,2011-12-31,2018-04-30,0,341410000,364166500,282951000,58459000,1.296,10.776,-8723000,76672000,76672000,428051000,-3084000,2.39,0.83,53891000,53655000,236000,53891000,0,6462000,0,0.0,0.0,1344000,7806000,0.017,7806000,1344000,-873000,-0.39,-0.39,-0.39,149044000,187378000,149044000,44592153,33,5.713,13901000,1.005,1.0,43895000,0.093,136000,2217000,200126000,212653000,78242000,9223000,64000,9159000,123680000,118367000,5313000,38726153,13455000,0,0,8816000,0,5621000,-13904000,-5181000,22624000,-886000,-5439000,-5439000,-5439000,-846000,2355000,-0.012,42011000,1884000,37563000,0.0,0.26,-7.12,-7.179,41184000,0,2.8,0.082,0.082,122120000,36166000,471946000,471946000,0,-0.015,-0.029,0.006,0.003,0,30760000,1.0,13830769,13830769,13830769,34.123,341274000,5820000,4566000,12095000,24.675,164584000
APWC,MRY,2012-12-31,2012-12-31,2012-12-31,2018-04-30,0,391751000,366580500,327940000,63811000,1.261,11.793,-10479000,72816000,72816000,411786000,16974000,2.244,0.948,58088000,58012000,76000,58088000,0,5421000,0,0.0,0.0,19467000,24888000,0.054,24888000,19467000,17272000,0.7,0.7,0.7,163102000,156073000,163102000,24207459,1,0.973,5312000,0.384,1.0,50479000,0.109,163000,2195000,230725000,215425500,98084000,11199000,2378000,8821000,154591000,146135000,8456000,46334459,-3856000,0,-6000,3888000,0,-932000,-13322000,-2738000,15791000,-274000,9694000,9694000,9694000,0,7280000,0.021,29656000,20823000,53790000,0.0,0.284,4.78,4.786,47464000,0,3.35,0.1,0.1,148689000,45919000,462265000,462265000,0,0.026,0.062,0.09,0.042,0,34593000,1.0,13830769,13830751,13830751,33.423,391588000,4492000,7578000,13576000,28.313,181805000
APWC,MRY,2013-12-31,2013-12-31,2013-12-31,2018-04-30,0,364635000,378193000,302249000,62386000,1.218,11.254,-9337000,62509000,62509000,408860000,10422000,2.333,0.886,41854000,41826000,28000,41854000,0,5659000,0,0.0,0.0,12504000,18163000,0.039,18163000,12504000,10770000,0.36,0.36,0.36,155625000,159363500,155625000,32811133,2,1.806,17273000,1.249,1.0,51816000,0.112,104000,1734000,214328000,222526500,95945000,7207000,0,7207000,137931000,129548000,8383000,46050133,-10307000,0,-32000,-15297000,0,-19371000,-5462000,2378000,26610000,-6290000,5017000,5017000,5017000,0,5405000,0.011,33895000,17921000,54227000,0.0,0.296,9.179,9.25,48709000,0,3.33,0.1,0.1,140123000,49819000,460676000,460676000,0,0.013,0.031,0.056,0.027,0,34640000,1.0,13828869,13828869,,33.313,364531000,3978000,5753000,12580000,26.36,172701000
APWC,MRY,2014-12-31,2014-12-31,2014-12-31,2018-04-30,0,378694000,371664500,317974000,60720000,1.214,10.966,-5886000,68863000,68863000,414583000,3228000,2.123,1.048,53932000,53894000,38000,53932000,0,6046000,0,0.0,0.0,4950000,10996000,0.024,10996000,4950000,3253000,0.07,0.07,0.07,151547000,153586000,151547000,15414336,3,1.402,6405000,0.463,1.0,36744000,0.081,110000,1697000,213892000,214110000,107430000,6143000,0,6143000,158763000,149761000,9002000,36069336,6354000,-327000,0,11857000,0,7658000,-6252000,0,12291000,-3399000,1034000,1034000,1034000,0,2194000,0.002,30268000,6476000,60234000,0.0,0.238,34.883,37.286,47929000,0,2.61,0.08,0.08,137860000,50853000,451327000,451327000,0,0.003,0.007,0.023,0.011,0,29510000,1.0,13819669,13819669,,32.658,378584000,4551000,2219000,10447000,27.395,168213000
APWC,MRY,2015-12-31,2015-12-31,2015-12-31,2018-04-30,0,305256000,341975000,247522000,57734000,1.139,9.719,-7294000,51303000,51303000,366143000,-9111000,2.398,0.834,37774000,37723000,51000,37774000,0,5634000,0,0.0,0.0,-5681000,-47000,0.0,-47000,-5681000,-7228000,-0.56,-0.56,-0.56,134309000,142928000,134309000,6214475,-1,-132.223,4824000,0.349,1.0,23489000,0.06,93000,1547000,188418000,201155000,83137000,5487000,19000,5468000,111981000,103216000,8765000,21145475,-17560000,0,0,-12567000,0,-14633000,-7321000,0,12118000,-4393000,-7694000,-7694000,-7694000,0,-1417000,-0.02,26379000,-2890000,41774000,0.0,0.157,-2.748,-2.732,45898000,0,1.53,0.054,0.054,106805000,43159000,389632000,389632000,0,-0.022,-0.054,-0.028,-0.015,0,27007000,1.0,13819669,13819669,,28.194,305163000,4335000,466000,8399000,22.082,144306000
APWC,MRY,2016-12-31,2016-12-31,2016-12-31,2018-04-30,0,293596000,299426000,244628000,48968000,1.284,9.837,-236000,48231000,48231000,352957000,6025000,2.792,0.709,28308000,28254000,54000,28308000,0,5497000,0,0.0,0.0,4510000,10007000,0.026,10007000,4510000,3363000,0.21,0.21,0.21,135950000,135129500,135950000,25166073,5,2.515,10434000,0.755,1.0,31608000,0.082,173000,1147000,185884000,187151000,77407000,4700000,187000,4513000,96421000,87616000,8805000,38695073,-3072000,0,0,-9226000,0,-10413000,-152000,0,10670000,-1521000,2853000,2853000,2853000,0,3172000,0.007,24364000,7244000,34656000,0.0,0.285,13.563,13.333,39637000,0,2.8,0.101,0.101,111008000,46012000,384565000,384565000,0,0.01,0.021,0.024,0.012,0,26325000,1.0,13819669,13819669,,27.827,293423000,3114000,510000,6061000,21.232,157012000
APWC,MRY,2017-12-31,2017-12-31,2017-12-31,2018-04-30,0,334843000,314219500,283027000,51816000,1.353,11.095,-4477000,46093000,46093000,385527000,13528000,2.795,0.731,41368000,41326000,42000,41368000,0,5021000,0,0.036,0.1,15081000,20102000,0.047,20102000,15081000,13860000,0.63,0.63,0.63,153328000,144639000,153328000,18081089,1,0.899,-18504000,-1.339,1.0,39688000,0.093,138000,1221000,228705000,207294500,97205000,4371000,0,4371000,112017000,101275000,10742000,38004089,-2138000,0,0,10408000,-1382000,7042000,3864000,340000,-14027000,3855000,8720000,8720000,8720000,0,4808000,0.021,23409000,16279000,36192000,0.159,0.248,4.358,4.365,42326000,0,2.75,0.089,0.089,135428000,53350000,425215000,425215000,0,0.028,0.06,0.073,0.035,0,27248000,1.0,13819669,13819669,,30.769,334705000,3022000,5140000,7690000,24.219,181752000
