ticker,dimension,calendardate,datekey,reportperiod,lastupdated,accoci,assets,assetsavg,assetsc,assetsnc,assetturnover,bvps,capex,cashneq,cashnequsd,cor,consolinc,currentratio,de,debt,debtc,debtnc,debtusd,deferredrev,depamor,deposits,divyield,dps,ebit,ebitda,ebitdamargin,ebitdausd,ebitusd,ebt,eps,epsdil,epsusd,equity,equityavg,equityusd,ev,evebit,evebitda,fcf,fcfps,fxusd,gp,grossmargin,intangibles,intexp,invcap,invcapavg,inventory,investments,investmentsc,investmentsnc,liabilities,liabilitiesc,liabilitiesnc,marketcap,ncf,ncfbus,ncfcommon,ncfdebt,ncfdiv,ncff,ncfi,ncfinv,ncfo,ncfx,netinc,netinccmn,netinccmnusd,netincdis,netincnci,netmargin,opex,opinc,payables,payoutratio,pb,pe,pe1,ppnenet,prefdivis,price,ps,ps1,receivables,retearn,revenue,revenueusd,rnd,roa,roe,roic,ros,sbcomp,sgna,sharefactor,sharesbas,shareswa,shareswadil,sps,tangibles,taxassets,taxexp,taxliabilities,tbvps,workingcapital
ARKR,MRY,2011-12-31,2011-10-01,2011-10-01,2018-05-15,3000,54261000,54329250,16713000,37548000,2.52,9.546,-2772000,7780000,7780000,36742000,2304000,1.323,0.482,78000,78000,0,78000,0,4491000,0,0.075,1.0,2902000,7393000,0.054,7393000,2902000,2888000,0.41,0.4,0.41,33355000,33196500,33355000,41675644,14,5.637,5758000,1.648,1.0,100154000,0.732,6163000,14000,27763000,32436750,1612000,2699000,2699000,0,16075000,12633000,3442000,46341644,5769000,1157000,48000,-224000,-3493000,-5384000,2623000,4838000,8530000,0,1415000,1415000,1415000,0,889000,0.01,94395000,5759000,2522000,2.439,1.389,32.75,32.341,23239000,0,13.26,0.339,0.338,3678000,20128000,136896000,136896000,0,0.026,0.043,0.089,0.021,187000,72634000,1.0,3494845,3494000,3525000,39.18,48098000,7497000,1473000,388000,13.766,4080000
ARKR,MRY,2012-12-31,2012-09-29,2012-09-29,2018-05-15,0,55164000,53113500,16548000,38616000,2.599,10.043,-7995000,8705000,8705000,35157000,7150000,1.325,0.564,2125000,885000,1240000,2125000,0,4110000,0,0.059,1.0,8525000,12635000,0.092,12635000,8525000,8502000,1.67,1.65,1.67,32608000,30989250,32608000,52355638,6,4.144,5428000,1.649,1.0,102871000,0.745,6555000,23000,29542000,31563500,1567000,75000,75000,0,18377000,12487000,5890000,54675638,925000,0,-1000000,-78000,-3245000,-6636000,-5862000,2533000,13423000,0,5489000,5489000,5489000,0,1661000,0.04,92880000,9991000,2729000,0.599,1.677,9.961,10.09,26194000,0,16.85,0.396,0.402,3790000,22372000,138028000,138028000,0,0.103,0.177,0.27,0.062,108000,70476000,1.0,3244845,3292000,3327000,41.928,48609000,5945000,3013000,0,14.97,4061000
ARKR,MRY,2013-12-31,2013-09-28,2013-09-28,2018-05-15,0,56458000,53535500,15216000,41242000,2.439,10.081,-3283000,8748000,8748000,32791000,5111000,1.021,0.645,3657000,2063000,1594000,3657000,0,4303000,0,0.046,1.0,5828000,10131000,0.078,10131000,5828000,5766000,1.18,1.13,1.18,32754000,31001750,32754000,69929929,11,6.903,9776000,3.012,1.0,97807000,0.749,5547000,62000,30910000,32226750,1579000,0,0,0,21110000,14910000,6200000,70417929,43000,-7165000,121000,1532000,-2433000,-2636000,-10380000,68000,13059000,0,3825000,3825000,3825000,0,1286000,0.029,91201000,6606000,2758000,0.847,2.15,18.41,18.381,25017000,0,21.69,0.539,0.539,3712000,22950000,130598000,130598000,0,0.071,0.123,0.181,0.045,317000,69813000,1.0,3246562,3246000,3371000,40.234,50911000,4806000,1941000,0,15.67,306000
ARKR,MRY,2014-12-31,2014-09-27,2014-09-27,2018-05-15,0,65363000,61065000,15425000,49938000,2.282,10.832,-3598000,8662000,8662000,37091000,6185000,0.922,0.724,7318000,1794000,5524000,7318000,0,4619000,0,0.045,1.0,6891000,11510000,0.083,11510000,6891000,6690000,1.49,1.43,1.49,36548000,33931750,36548000,76770639,11,6.67,8307000,2.52,1.0,102266000,0.734,8129000,201000,39162000,37677500,1832000,6187000,0,6187000,26471000,16728000,9743000,75656639,-86000,-3674000,1621000,-2339000,-3281000,-5299000,-6692000,694000,11905000,0,4915000,4915000,4915000,0,1270000,0.035,94638000,7628000,2592000,0.671,2.07,15.393,15.06,29019000,0,22.44,0.543,0.531,3269000,24554000,139357000,139357000,0,0.08,0.145,0.183,0.049,129000,72217000,1.0,3371508,3296000,3430000,42.281,57234000,5214000,1775000,1162000,16.963,-1303000
ARKR,MRY,2015-12-31,2015-10-03,2015-10-03,2018-05-15,0,66567000,64041500,17762000,48805000,2.278,11.461,-3204000,9735000,9735000,39435000,6392000,1.007,0.649,5524000,1617000,3907000,5524000,0,4415000,0,0.043,1.0,8224000,12639000,0.087,12639000,8224000,7986000,1.59,1.54,1.59,39058000,37316000,39058000,76669144,9,6.066,8097000,2.386,1.0,106428000,0.73,8533000,238000,36190000,37963000,1956000,6453000,0,6453000,25336000,17633000,7703000,78327144,1073000,-222000,525000,-1794000,-4240000,-6569000,-3659000,167000,11301000,0,5390000,5390000,5390000,0,1002000,0.037,97487000,8941000,3207000,0.629,2.005,14.532,14.465,27804000,0,23.0,0.537,0.535,3221000,26548000,145863000,145863000,0,0.084,0.144,0.217,0.056,313000,74578000,1.0,3405528,3393000,3509000,42.989,58034000,4453000,2596000,2477000,17.029,129000
ARKR,MRY,2016-12-31,2016-10-01,2016-10-01,2018-05-15,0,68255000,68259250,15996000,52259000,2.206,11.742,-2160000,7239000,7239000,39545000,5490000,0.96,0.637,7938000,2617000,5321000,7938000,0,4553000,0,0.045,1.0,6544000,11097000,0.074,11097000,6544000,6128000,1.18,1.15,1.18,40134000,38954500,40134000,76844056,11,6.925,5453000,1.595,1.0,111037000,0.737,10032000,416000,42268000,43031250,1892000,6701000,0,6701000,25551000,16654000,8897000,76817056,-2496000,-917000,83000,-2664000,-3420000,-7064000,-3045000,32000,7613000,0,4030000,4030000,4030000,0,1460000,0.027,103213000,7824000,2876000,0.847,1.914,19.061,19.017,29546000,0,22.44,0.51,0.509,3750000,27158000,150582000,150582000,0,0.059,0.103,0.152,0.043,286000,78941000,1.0,3423220,3418000,3507000,44.056,58223000,3594000,2098000,606000,17.034,-658000
ARKR,MRY,2017-12-31,2017-09-30,2017-09-30,2018-05-15,0,80067000,77046500,10083000,69984000,1.997,11.812,-13904000,1406000,1406000,41597000,4757000,0.386,0.93,18196000,10372000,7824000,18196000,0,4132000,0,0.041,1.0,6460000,10592000,0.069,10592000,6460000,5707000,1.18,1.14,1.18,40444000,40101500,40444000,100101845,15,9.451,-3554000,-1.038,1.0,112280000,0.73,13620000,753000,57082000,56263750,1992000,6979000,0,6979000,37627000,26155000,11472000,83483845,-5833000,-791000,72000,2247000,-2569000,-1542000,-14641000,54000,10350000,0,4039000,4039000,4039000,0,718000,0.026,106909000,5371000,4750000,0.847,2.064,20.669,20.653,45215000,0,24.37,0.543,0.542,3353000,27771000,153877000,153877000,0,0.052,0.101,0.115,0.042,0,81678000,1.0,3425681,3424000,3531000,44.941,66447000,2436000,1668000,0,19.406,-16072000
