ticker,dimension,calendardate,datekey,reportperiod,lastupdated,accoci,assets,assetsavg,assetsc,assetsnc,assetturnover,bvps,capex,cashneq,cashnequsd,cor,consolinc,currentratio,de,debt,debtc,debtnc,debtusd,deferredrev,depamor,deposits,divyield,dps,ebit,ebitda,ebitdamargin,ebitdausd,ebitusd,ebt,eps,epsdil,epsusd,equity,equityavg,equityusd,ev,evebit,evebitda,fcf,fcfps,fxusd,gp,grossmargin,intangibles,intexp,invcap,invcapavg,inventory,investments,investmentsc,investmentsnc,liabilities,liabilitiesc,liabilitiesnc,marketcap,ncf,ncfbus,ncfcommon,ncfdebt,ncfdiv,ncff,ncfi,ncfinv,ncfo,ncfx,netinc,netinccmn,netinccmnusd,netincdis,netincnci,netmargin,opex,opinc,payables,payoutratio,pb,pe,pe1,ppnenet,prefdivis,price,ps,ps1,receivables,retearn,revenue,revenueusd,rnd,roa,roe,roic,ros,sbcomp,sgna,sharefactor,sharesbas,shareswa,shareswadil,sps,tangibles,taxassets,taxexp,taxliabilities,tbvps,workingcapital
ASX,MRY,2011-12-31,2011-12-31,2011-12-31,2018-03-28,0,224962341000,216551053000,89127286000,135835055000,0.856,14.768,-28125894000,23967045000,791331386,150338403000,13978949000,1.313,1.274,76526884000,26383932000,50142952000,2526724726,0,22945396000,0,0.023,0.101,18410495000,41355891000,0.223,1365467230,607868117,16744170000,9.15,8.9,0.302,98278032000,95058678500,3244892782,,,,3810812000,0.573,30.287,35008803000,0.189,12933994000,1666325000,196698716000,189766787000,30070255000,7258487000,1347737000,5910750000,125171362000,67889470000,57281892000,5776294210,1024232000,-2106203000,-2183308000,5747259000,0,-342634000,-32030697000,247267000,31936706000,1460857000,13725958000,13725958000,453196519,0,252991000,0.074,18187552000,16821251000,36827784000,0.334,1.78,12.746,14.366,112996056000,0,4.34,0.944,4.719,31292135000,31227346000,185347206000,6119697339,7117964000,0.063,0.144,0.097,0.099,537973000,11069588000,0.2,6654716832,6654716832,,0.92,212028347000,3739052000,3018212000,4782299000,31.861,21237816000
ASX,MRY,2012-12-31,2012-12-31,2012-12-31,2018-03-28,0,247722590000,236342465500,97495577000,150227013000,0.821,15.976,-38986338000,19993516000,688293409,157342744000,13648298000,1.138,1.297,84639692000,40051976000,44587716000,2913791762,0,23435879000,0,0.022,0.095,18651268000,42087147000,0.217,1448885024,642085406,16608724000,8.85,8.65,0.305,106314689000,102296360500,3659971553,7585720662,11,5.236,-5948319000,-0.894,29.048,36629648000,0.189,12361269000,2042544000,214310526000,205504621000,32073060000,11207291000,4489271000,6718020000,137902158000,85696971000,52205187000,5696437608,-3973529000,-261607000,315690000,8791080000,-4242167000,8455755000,-43817848000,-3651337000,33038019000,-1649455000,13648298000,13648298000,469854005,0,0,0.07,18922566000,17707082000,39918895000,0.312,1.556,12.124,14.048,127197774000,0,4.28,0.853,4.265,37808104000,29810244000,193972392000,6677660854,7872422000,0.058,0.133,0.091,0.096,537461000,11050144000,0.2,6654716832,6654716832,,1.003,235361321000,3988771000,2960426000,5620051000,35.368,11798606000
ASX,MRY,2013-12-31,2013-12-31,2013-12-31,2018-03-28,0,286722083000,267222336500,132176482000,154545601000,0.823,15.986,-29104283000,45026371000,1507657461,177040435000,15870161000,1.295,1.324,100789065000,50625839000,50163226000,3374808639,0,25470911000,0,0.073,0.352,21211555000,46682466000,0.212,1563109942,710245095,18904100000,10.25,9.95,0.343,121615651000,113965170000,4072163480,9655246174,13,6.177,12191672000,1.603,29.865,42822011000,0.195,11953644000,2307455000,228471336000,221390931000,34870491000,12192375000,5419614000,6772761000,160978071000,102059797000,58918274000,7303202789,25032855000,-250387000,4464854000,16285286000,-7834877000,12794871000,-29925843000,-466674000,41295955000,0,15404505000,15404505000,515802548,0,1059498000,0.07,22108609000,20713402000,44641679000,1.026,1.793,14.159,13.986,131497331000,0,4.8,0.992,4.96,43657918000,37575679000,219862446000,7361847064,9064712000,0.058,0.135,0.096,0.096,260801000,11695651000,0.2,7607502906,7607502906,,0.968,274768439000,3835298000,3499595000,6889157000,36.118,30116685000
ASX,MRY,2014-12-31,2014-12-31,2014-12-31,2018-03-28,0,333718817000,310220450000,159955190000,173763627000,0.827,18.883,-39574223000,51694410000,1630084909,203002918000,22869101000,1.407,1.207,99381595000,44007040000,55374555000,3133809598,0,26350776000,0,0.035,0.217,30248653000,56599429000,0.221,1784755355,953833746,27894556000,14.45,13.95,0.456,147481534000,134548592500,4650549700,11423936160,11,6.401,6289254000,0.805,31.713,53588529000,0.209,11913286000,2354097000,255812589000,242141962500,44149571000,12523356000,7160700000,5362656000,178027423000,113680127000,64347296000,9575617763,6668039000,-100000000,1498343000,-4230925000,-9967215000,-2797003000,-38817889000,-3051085000,45863477000,0,22228602000,22228602000,700936690,0,1619676000,0.087,23714045000,29874484000,57775797000,0.476,2.059,13.661,13.453,151587115000,0,6.13,1.183,5.917,53457932000,49643842000,256591447000,8091123306,10289684000,0.072,0.165,0.125,0.118,110157000,13652976000,0.2,7810454946,7810454946,,1.036,321805531000,4330532000,5665954000,10563515000,41.202,46275063000
ASX,MRY,2015-12-31,2015-12-31,2015-12-31,2018-03-28,0,364986892000,349352854500,156732840000,208254052000,0.811,19.632,-30528228000,55251181000,1678893643,233167308000,20700715000,1.277,1.289,119960758000,53726706000,66234052000,3645195458,0,29518664000,0,0.057,0.323,26355364000,55874028000,0.197,1697819824,800849000,24043221000,12.9,12.4,0.392,154432435000,150956984500,4692671337,10434030164,13,6.146,32518914000,4.134,32.909,50135228000,0.177,11888612000,2312143000,295111548000,275462068500,48971817000,45114478000,4166044000,40948434000,199061912000,122696309000,76365603000,8920279583,3556771000,-35673097000,-4048304000,18912597000,-15297474000,8636339000,-63351429000,3186760000,63047142000,0,19732148000,19732148000,599592212,0,1862654000,0.07,25502135000,24633093000,53333382000,0.824,1.901,14.877,14.465,149997075000,0,5.67,1.036,5.181,45361028000,53699948000,283302536000,8608591132,10937566000,0.056,0.131,0.096,0.093,133496000,14313040000,0.2,7866207746,7866207746,,1.094,353098280000,5325232000,4311073000,11733571000,44.888,34036531000
ASX,MRY,2016-12-31,2016-12-31,2016-12-31,2018-03-28,0,357930576000,361458734000,142789659000,215140917000,0.76,19.555,-26532210000,38392524000,1190650457,221696922000,22577861000,1.335,1.234,111070988000,37181433000,73889555000,3444595689,0,29470437000,0,0.05,0.251,28976342000,58446779000,0.213,1812584245,898630547,26715267000,13.9,11.65,0.431,154840614000,154636524500,4802003845,9986350319,11,5.509,28585477000,3.61,32.245,53187185000,0.193,12107570000,2261075000,311531896000,303321722000,45625577000,56068603000,3895194000,52173409000,191089411000,106969574000,84119837000,7981619079,-16858657000,-16114900000,995832000,-6995403000,-12243766000,-21087020000,-43159458000,-306317000,55117687000,0,21324423000,21324423000,661324949,0,1915064000,0.078,27327095000,25860090000,57326018000,0.582,1.662,12.069,11.692,143880241000,0,5.04,0.936,4.681,51811037000,62139524000,274884107000,8524859885,11391147000,0.059,0.138,0.096,0.105,470788000,15135668000,0.2,7918272896,7918272896,,1.077,345823006000,5008676000,5390844000,11702899000,43.674,35820085000
ASX,MRY,2017-12-31,2017-12-31,2017-12-31,2018-03-28,0,363922272000,360926424000,144938272000,218984000000,0.805,22.738,-23700846000,46078066000,1550803082,237708937000,24497060000,1.337,0.864,76511879000,32385293000,44126586000,2575083290,0,29205184000,0,0.025,0.164,31142216000,60347400000,0.208,2031051692,1048122214,29342722000,14.0,13.0,0.471,188120058000,171480336000,6331367419,13098949119,12,6.449,28214518000,3.41,29.712,52732271000,0.182,11341359000,1799494000,274637989000,293084942500,34080427000,64951259000,5784566000,59166693000,162612085000,108376737000,54235348000,10722515675,7685542000,7020883000,11729819000,-19636346000,-11214221000,-19323427000,-16086242000,765041000,51915364000,0,22819119000,22819119000,768000117,0,3013001000,0.079,27405103000,25327168000,63050120000,0.348,1.694,13.962,13.753,135168406000,0,6.48,1.097,5.485,56252661000,73718545000,290441208000,9775087362,11746613000,0.063,0.133,0.106,0.107,438765000,15767046000,0.2,8273546046,8273546046,,1.181,352580913000,4262363000,6523603000,12580815000,42.615,36561535000
