ticker,dimension,calendardate,datekey,reportperiod,lastupdated,accoci,assets,assetsavg,assetsc,assetsnc,assetturnover,bvps,capex,cashneq,cashnequsd,cor,consolinc,currentratio,de,debt,debtc,debtnc,debtusd,deferredrev,depamor,deposits,divyield,dps,ebit,ebitda,ebitdamargin,ebitdausd,ebitusd,ebt,eps,epsdil,epsusd,equity,equityavg,equityusd,ev,evebit,evebitda,fcf,fcfps,fxusd,gp,grossmargin,intangibles,intexp,invcap,invcapavg,inventory,investments,investmentsc,investmentsnc,liabilities,liabilitiesc,liabilitiesnc,marketcap,ncf,ncfbus,ncfcommon,ncfdebt,ncfdiv,ncff,ncfi,ncfinv,ncfo,ncfx,netinc,netinccmn,netinccmnusd,netincdis,netincnci,netmargin,opex,opinc,payables,payoutratio,pb,pe,pe1,ppnenet,prefdivis,price,ps,ps1,receivables,retearn,revenue,revenueusd,rnd,roa,roe,roic,ros,sbcomp,sgna,sharefactor,sharesbas,shareswa,shareswadil,sps,tangibles,taxassets,taxexp,taxliabilities,tbvps,workingcapital
ASYS,MRY,2011-12-31,2011-09-30,2011-09-30,2018-05-10,-2078000,205865000,196618000,174851000,31014000,1.255,12.139,-5183000,73953000,73953000,156048000,22119000,2.164,0.718,0,0,0,0,27608000,2814000,7862000,0.0,0.0,39072000,41886000,0.17,41886000,39072000,39072000,2.41,2.34,2.41,116319000,106801500,116319000,3380488,0,0.081,10243000,1.08,1.0,90657000,0.367,18334000,0,32784000,27497500,37162000,0,0,0,83534000,80794000,2740000,76636488,10618000,-1055000,1330000,-127000,0,2058000,-6238000,0,15426000,-628000,22882000,22882000,22882000,0,-763000,0.093,52378000,38279000,8928000,0.0,0.659,3.349,3.32,12680000,0,8.0,0.311,0.307,45269000,35096000,246705000,246705000,5784000,0.116,0.214,1.421,0.158,1470000,43739000,1.0,9579561,9480000,9764000,26.024,187531000,13820000,16190000,19410000,19.571,94057000
ASYS,MRY,2012-12-31,2012-09-30,2012-09-30,2018-05-10,-6817000,129022000,157818750,101443000,27579000,0.517,8.726,-1306000,51370000,51370000,72346000,-27598000,2.381,0.544,0,0,0,0,10236000,2858000,3958000,0.0,0.0,-28351000,-25493000,-0.313,-25493000,-28351000,-28351000,-2.43,-2.43,-2.43,82720000,102001500,82720000,-14280486,0,0.56,-13744000,-1.451,1.0,9193000,0.113,12451000,0,22590000,39160250,25670000,0,0,0,44971000,42611000,2360000,31375513,-20656000,0,-4077000,-31000,0,-4108000,-1542000,0,-12438000,-2568000,-23031000,-23031000,-23031000,0,-4567000,-0.282,42177000,-32984000,5780000,0.0,0.379,-1.362,-1.362,12387000,0,3.31,0.385,0.384,18293000,12065000,81539000,81539000,13694000,-0.146,-0.226,-0.724,-0.348,1763000,23055000,1.0,9479007,9471000,9471000,8.609,116571000,3930000,-5320000,9500000,12.297,58832000
ASYS,MRY,2013-12-31,2013-09-30,2013-09-30,2018-05-10,-4556000,110947000,113530000,84195000,26752000,0.307,7.035,-178000,42331000,42331000,30485000,-21707000,2.037,0.657,0,0,0,0,3067000,2667000,11253000,0.0,0.0,-18356000,-15689000,-0.451,-15689000,-18356000,-18209000,-2.11,-2.11,-2.11,67146000,72985500,67146000,25749408,-1,-1.641,-10131000,-1.063,1.0,4313000,0.124,11983000,-147000,15299000,17760750,22001000,0,0,0,44144000,41334000,2810000,69636408,-9529000,0,26000,0,0,-238000,-178000,0,-9953000,840000,-20069000,-20069000,-20069000,0,-1638000,-0.577,24307000,-19994000,5472000,0.0,1.037,-3.47,-3.46,11066000,0,7.3,2.001,1.999,8023000,-8004000,34798000,34798000,6594000,-0.177,-0.275,-1.034,-0.528,2472000,16830000,1.0,9539234,9529000,9529000,3.652,98964000,10170000,1860000,8980000,10.369,42861000
ASYS,MRY,2014-12-31,2014-09-30,2014-09-30,2018-05-10,-5790000,89904000,98544000,65425000,24479000,0.573,5.6,-462000,29747000,29747000,44875000,-14289000,1.974,0.659,0,0,0,0,6908000,2410000,4992000,0.0,0.0,-11847000,-9437000,-0.167,-9437000,-11847000,-11807000,-1.34,-1.34,-1.34,55141000,61728000,55141000,70619446,-5,-7.483,-11543000,-1.186,1.0,11626000,0.206,11001000,-40000,16020000,17543000,16760000,0,0,0,36316000,33136000,3180000,105341446,-9830000,0,1136000,0,0,1481000,-462000,0,-11081000,232000,-13047000,-13047000,-13047000,0,-1242000,-0.231,24715000,-13089000,6003000,0.0,1.91,-8.074,-7.985,9752000,0,10.7,1.864,1.843,15776000,-21051000,56501000,56501000,6291000,-0.132,-0.211,-0.675,-0.21,795000,18424000,1.0,9844995,9732000,9732000,5.806,78903000,2360000,1240000,8170000,8.014,32289000
ASYS,MRY,2015-12-31,2015-09-30,2015-09-30,2018-05-10,-8666000,125456000,125704000,85702000,39754000,0.834,5.536,-610000,26490000,26490000,77875000,-6717000,2.177,0.725,9367000,919000,8448000,9367000,4873000,3357000,7154000,0.0,0.0,-5761000,-2404000,-0.023,-2404000,-5761000,-5861000,-0.65,-0.65,-0.65,72834000,66188750,72834000,40569016,-7,-16.876,-10677000,-0.888,1.0,27008000,0.258,15474000,100000,53488000,38416000,23329000,9812000,7079000,2733000,52809000,39371000,13438000,56547016,-1515000,8891000,523000,252000,0,805000,8281000,0,-10067000,-534000,-7771000,-7771000,-7771000,0,1054000,-0.074,40529000,-13521000,15646000,0.0,0.776,-7.277,-6.615,17761000,0,4.3,0.539,0.493,22982000,-28822000,104883000,104883000,6918000,-0.062,-0.117,-0.15,-0.055,1162000,33028000,1.0,13150469,12022000,12022000,8.724,109982000,2480000,1910000,5820000,8.36,46331000
ASYS,MRY,2016-12-31,2016-09-30,2016-09-30,2018-05-10,-8876000,118430000,120178000,82924000,35506000,1.001,5.089,-723000,28548000,28548000,86245000,-8550000,2.179,0.792,10231000,1134000,9097000,10231000,4709000,2974000,7055000,0.0,0.0,-3491000,-517000,-0.004,-517000,-3491000,-3908000,-0.53,-0.53,-0.53,67057000,67697500,67057000,46795320,-13,-90.513,-10412000,-0.791,1.0,34063000,0.283,15219000,417000,46830000,48117750,23223000,3032000,0,3032000,53091000,38064000,15027000,65342320,1803000,7012000,51000,406000,0,457000,11173000,0,-9689000,-138000,-7008000,-7008000,-7008000,0,-1542000,-0.058,39395000,-5332000,15397000,0.0,0.974,-9.324,-9.358,15960000,0,4.96,0.543,0.543,26276000,-35830000,120308000,120308000,8004000,-0.058,-0.104,-0.073,-0.029,1390000,33967000,1.0,13173855,13168000,13168000,9.136,103211000,460000,3100000,7030000,7.833,44860000
ASYS,MRY,2017-12-31,2017-09-30,2017-09-30,2018-05-10,-8529000,191623000,147754500,157113000,34510000,1.113,6.508,-1216000,75761000,75761000,112584000,8086000,1.828,1.118,8495000,361000,8134000,8495000,4081000,2493000,48784000,0.0,0.0,11053000,13546000,0.082,13546000,11053000,10875000,0.68,0.68,0.68,90483000,73373000,90483000,126503514,11,9.339,10573000,0.79,1.0,51932000,0.316,14900000,178000,23488000,35071000,30210000,2615000,0,2615000,101140000,85969000,15171000,159785514,23466000,0,12602000,81000,0,12701000,-1216000,0,11789000,192000,9131000,9131000,9131000,0,-1045000,0.056,41507000,10425000,21555000,0.0,1.766,17.499,17.618,15792000,0,11.98,0.971,0.974,36794000,-26699000,164516000,164516000,6372000,0.062,0.124,0.315,0.067,1328000,35135000,1.0,13337689,13378000,13501000,12.298,176723000,200000,1744000,7323000,12.711,71144000
