ticker,dimension,calendardate,datekey,reportperiod,lastupdated,accoci,assets,assetsavg,assetsc,assetsnc,assetturnover,bvps,capex,cashneq,cashnequsd,cor,consolinc,currentratio,de,debt,debtc,debtnc,debtusd,deferredrev,depamor,deposits,divyield,dps,ebit,ebitda,ebitdamargin,ebitdausd,ebitusd,ebt,eps,epsdil,epsusd,equity,equityavg,equityusd,ev,evebit,evebitda,fcf,fcfps,fxusd,gp,grossmargin,intangibles,intexp,invcap,invcapavg,inventory,investments,investmentsc,investmentsnc,liabilities,liabilitiesc,liabilitiesnc,marketcap,ncf,ncfbus,ncfcommon,ncfdebt,ncfdiv,ncff,ncfi,ncfinv,ncfo,ncfx,netinc,netinccmn,netinccmnusd,netincdis,netincnci,netmargin,opex,opinc,payables,payoutratio,pb,pe,pe1,ppnenet,prefdivis,price,ps,ps1,receivables,retearn,revenue,revenueusd,rnd,roa,roe,roic,ros,sbcomp,sgna,sharefactor,sharesbas,shareswa,shareswadil,sps,tangibles,taxassets,taxexp,taxliabilities,tbvps,workingcapital
ATU,MRY,2011-12-31,2011-08-31,2011-08-31,2018-04-09,-17679000,2063217000,1874522000,548853000,1514364000,0.618,13.437,-21317000,44221000,44221000,694508000,111559000,1.661,1.245,525417000,2690000,522727000,525417000,0,52996000,0,0.002,0.04,171511000,224507000,0.194,224507000,171511000,139392000,1.63,1.5,1.63,919013000,849752750,919013000,1776944830,10,7.915,150249000,2.201,1.0,464802000,0.401,1367872000,32119000,846016000,742140750,223235000,0,0,0,1144204000,330525000,813679000,1378027830,3999000,-309643000,8235000,153007000,-2716000,158142000,-330960000,0,171566000,5251000,111559000,111559000,111559000,-1371000,0,0.096,291915000,172887000,170084000,0.025,1.499,12.352,12.319,128649000,0,20.08,1.189,1.182,223760000,1077192000,1159310000,1159310000,0,0.06,0.131,0.231,0.148,10758000,270392000,1.0,68626884,68254000,75305000,16.985,695345000,34830000,27833000,191601000,10.167,218328000
ATU,MRY,2012-12-31,2012-08-31,2012-08-31,2018-04-09,-69472000,2007119000,2027667250,561281000,1445838000,0.63,14.44,-14239000,68184000,68184000,765061000,87290000,1.759,0.908,397500000,7500000,390000000,397500000,0,54263000,0,0.001,0.04,146205000,200468000,0.157,200468000,146205000,116644000,1.25,1.17,1.25,1051836000,1000262750,1051836000,2367153263,16,11.808,168090000,2.398,1.0,511460000,0.401,1312296000,29561000,705133000,785182500,211690000,0,0,0,955283000,319006000,636277000,2048552263,23963000,-69309000,-52170000,-16157000,-2748000,-72135000,-83548000,0,182329000,-2683000,87290000,87290000,87290000,37986000,0,0.068,306946000,204514000,174746000,0.032,1.948,23.468,22.496,115884000,0,28.12,1.605,1.544,234756000,1161564000,1276521000,1276521000,0,0.043,0.087,0.186,0.115,13346000,284920000,1.0,72850365,70099000,74940000,18.21,694823000,22583000,29354000,138431000,9.539,242275000
ATU,MRY,2013-12-31,2013-08-31,2013-08-31,2018-04-09,-68660000,2119332000,2022023250,785240000,1334092000,0.633,14.789,-22047000,103986000,103986000,772792000,30048000,2.44,0.962,515000000,0,515000000,515000000,0,53902000,0,0.001,0.04,70257000,124159000,0.097,124159000,70257000,45420000,0.41,0.4,0.41,1080267000,1084592750,1080267000,2847819396,40,22.937,171742000,2.353,1.0,506950000,0.396,1111644000,24837000,1096860000,870341500,142549000,0,0,0,1039065000,321842000,717223000,2616737396,35802000,-230635000,-8571000,115465000,-2911000,98605000,-252682000,0,193789000,-3910000,30048000,30048000,30048000,117529000,0,0.023,316805000,190145000,154049000,0.098,2.422,87.085,87.122,201496000,0,35.72,2.045,2.037,219075000,1188685000,1279742000,1279742000,0,0.015,0.028,0.081,0.055,13440000,293866000,1.0,73256926,72979000,74580000,17.536,1007688000,18796000,15372000,129879000,13.795,463398000
ATU,MRY,2014-12-31,2014-08-31,2014-08-31,2018-04-09,-68408000,1856879000,1981895750,542990000,1313889000,0.706,14.726,2417000,109012000,109012000,852990000,163573000,1.815,0.854,390000000,4500000,385500000,390000000,0,60635000,0,0.001,0.04,221191000,281826000,0.201,281826000,221191000,196146000,2.31,2.26,2.31,1001711000,1079916000,1001711000,2578627747,11,9.15,128597000,1.813,1.0,546872000,0.391,1107947000,25045000,730799000,846540750,162620000,0,0,0,855168000,299121000,556047000,2318252747,5026000,259090000,-251488000,-125000000,-2919000,-381938000,261507000,0,126180000,-723000,163573000,163573000,163573000,-22120000,0,0.117,357259000,189613000,145798000,0.017,2.314,14.173,14.602,169101000,0,33.73,1.656,1.709,227008000,1349602000,1399862000,1399862000,0,0.083,0.151,0.261,0.158,17115000,332093000,1.0,68729699,70942000,72486000,19.732,748932000,11050000,32573000,135317000,11.01,243869000
ATU,MRY,2015-12-31,2015-08-31,2015-08-31,2018-04-09,-213640000,1636917000,1680554500,560389000,1076528000,0.743,11.346,-21272000,168846000,168846000,787413000,19872000,2.384,1.432,588278000,3969000,584309000,588278000,0,53239000,0,0.002,0.04,53448000,106687000,0.085,106687000,53448000,25391000,0.32,0.32,0.32,673001000,718691250,673001000,1767101458,33,16.563,110162000,1.798,1.0,461841000,0.37,917018000,28057000,904275000,939312250,142752000,0,0,0,963916000,235056000,728860000,1275226458,59834000,0,-206607000,196254000,-2598000,-15417000,-21272000,0,131434000,-34911000,19872000,19872000,19872000,0,0,0.016,408287000,53554000,118115000,0.125,1.895,64.172,67.0,142458000,0,21.44,1.021,1.051,193081000,1367176000,1249254000,1249254000,0,0.012,0.028,0.057,0.043,12046000,299601000,1.0,59478846,61262000,62055000,20.392,719899000,12922000,5519000,87746000,12.137,325333000
ATU,MRY,2016-12-31,2016-08-31,2016-08-31,2018-04-09,-251823000,1438660000,1485154750,542652000,896008000,0.774,8.839,-10913000,179604000,179604000,746013000,-105174000,2.243,1.762,580431000,18750000,561681000,580431000,0,47777000,0,0.002,0.04,-101576000,-53799000,-0.047,-53799000,-101576000,-130344000,-1.78,-1.78,-1.78,520950000,549195750,520950000,1855232580,-18,-34.485,106784000,1.81,1.0,403397000,0.351,758751000,28768000,838824000,877866750,130756000,0,0,0,917710000,241912000,675798000,1404262580,10758000,-72221000,-10685000,-3960000,-2376000,-18430000,-83134000,0,117697000,-5375000,-105174000,-105174000,-105174000,0,0,-0.092,503614000,-100217000,115051000,-0.022,2.696,-13.352,-13.388,114015000,0,23.83,1.222,1.223,186829000,1259645000,1149410000,1149410000,0,-0.071,-0.192,-0.116,-0.088,10442000,274497000,1.0,58928350,59010000,59010000,19.478,679909000,0,-25170000,40610000,11.536,300740000
ATU,MRY,2017-12-31,2017-08-31,2017-08-31,2018-04-09,-227261000,1516955000,1463436000,646926000,870029000,0.749,8.38,-27625000,229571000,229571000,716067000,-66213000,1.707,2.031,561940000,30000000,531940000,561940000,0,43110000,0,0.002,0.04,-52988000,-9878000,-0.009,-9878000,-52988000,-82691000,-1.11,-1.11,-1.11,500539000,526798750,500539000,1805988844,-34,-182.829,60222000,1.013,1.0,379717000,0.347,750570000,29703000,719820000,812521000,143651000,0,0,0,1016416000,378934000,637482000,1435690844,49967000,0,8917000,-19250000,-2358000,-14498000,-27625000,0,87847000,4243000,-66213000,-66213000,-66213000,0,0,-0.06,429953000,-50236000,133387000,-0.036,2.868,-21.683,-21.667,94521000,0,24.05,1.31,1.304,190206000,1191042000,1095784000,1095784000,0,-0.045,-0.126,-0.065,-0.048,16733000,277488000,1.0,59696085,59436000,59436000,18.436,766385000,0,-16478000,35939000,12.831,267992000
