ticker,dimension,calendardate,datekey,reportperiod,lastupdated,accoci,assets,assetsavg,assetsc,assetsnc,assetturnover,bvps,capex,cashneq,cashnequsd,cor,consolinc,currentratio,de,debt,debtc,debtnc,debtusd,deferredrev,depamor,deposits,divyield,dps,ebit,ebitda,ebitdamargin,ebitdausd,ebitusd,ebt,eps,epsdil,epsusd,equity,equityavg,equityusd,ev,evebit,evebitda,fcf,fcfps,fxusd,gp,grossmargin,intangibles,intexp,invcap,invcapavg,inventory,investments,investmentsc,investmentsnc,liabilities,liabilitiesc,liabilitiesnc,marketcap,ncf,ncfbus,ncfcommon,ncfdebt,ncfdiv,ncff,ncfi,ncfinv,ncfo,ncfx,netinc,netinccmn,netinccmnusd,netincdis,netincnci,netmargin,opex,opinc,payables,payoutratio,pb,pe,pe1,ppnenet,prefdivis,price,ps,ps1,receivables,retearn,revenue,revenueusd,rnd,roa,roe,roic,ros,sbcomp,sgna,sharefactor,sharesbas,shareswa,shareswadil,sps,tangibles,taxassets,taxexp,taxliabilities,tbvps,workingcapital
ATW,MRY,2011-12-31,2011-09-30,2011-09-30,2017-08-03,-1527000,2375391000,2121233000,460931000,1914460000,0.304,25.447,-514858000,295002000,295002000,223565000,271674000,2.893,0.437,525461000,5461000,520000000,525461000,9610000,43597000,0,0.0,0.0,329377000,372974000,0.578,372974000,329377000,324847000,4.2,4.15,4.2,1652787000,1539520250,1652787000,2517965808,7,6.751,-175070000,-2.704,1.0,421511000,0.653,0,4530000,2446527000,2224220000,58263000,0,0,0,722604000,159323000,563281000,2231040808,114479000,0,6192000,283139000,0,289331000,-514640000,0,339788000,0,271674000,271674000,271674000,0,0,0.421,88004000,333507000,113021000,0.0,1.35,8.212,8.181,1887321000,0,34.36,3.459,3.449,99048000,1444270000,645076000,645076000,0,0.128,0.176,0.148,0.511,6314000,44407000,1.0,64931339,64754000,65403000,9.962,2375391000,5631000,53173000,18241000,36.573,301608000
ATW,MRY,2012-12-31,2012-09-30,2012-09-30,2017-08-03,-3011000,2943762000,2623575500,370534000,2573228000,0.3,29.653,-785083000,77871000,77871000,347179000,272171000,2.692,0.518,835148000,5148000,830000000,835148000,22666000,69887000,0,0.0,0.0,319764000,389651000,0.495,389651000,319764000,313304000,4.17,4.14,4.17,1939422000,1820989750,1939422000,3546815754,11,9.103,-529480000,-8.113,1.0,440242000,0.559,0,6460000,3563392000,3067731500,80290000,0,0,0,1004340000,137647000,866693000,2970795754,-217131000,0,5546000,299157000,0,304703000,-777437000,0,255603000,0,272171000,272171000,272171000,0,0,0.346,120832000,319410000,88467000,0.0,1.532,10.915,10.899,2537340000,0,45.45,3.773,3.767,179061000,1716441000,787421000,787421000,0,0.104,0.149,0.104,0.406,10402000,49776000,1.0,65364043,65267000,65781000,12.065,2943762000,5750000,41133000,11012000,45.008,232887000
ATW,MRY,2013-12-31,2013-09-30,2013-09-30,2017-08-03,-1481000,3657266000,3456317750,453760000,3203506000,0.308,34.507,-745223000,88770000,88770000,458925000,350224000,2.893,0.657,1271303000,8071000,1263232000,1271303000,1176000,122734000,0,0.0,0.0,429704000,552438000,0.519,552438000,429704000,404801000,5.38,5.32,5.38,2207371000,2107801750,2207371000,4637196276,10,8.394,-313113000,-4.812,1.0,604738000,0.569,0,24903000,4682927000,4364341000,121833000,0,0,0,1449895000,156872000,1293023000,3520573276,10899000,0,-98036000,421901000,0,323865000,-745076000,0,432110000,0,350224000,350224000,350224000,0,0,0.329,175267000,429471000,103772000,0.0,1.595,10.052,10.23,3164724000,0,55.04,3.31,3.367,211520000,1961405000,1063663000,1063663000,0,0.101,0.166,0.098,0.404,14231000,56786000,1.0,63963904,65073000,65845000,16.346,3657266000,4672000,54577000,17039000,57.172,296888000
ATW,MRY,2014-12-31,2014-09-30,2014-09-30,2017-08-03,3561000,4507228000,4192427000,497807000,4009421000,0.28,39.714,-975731000,80080000,80080000,562353000,340822000,2.974,0.764,1754007000,11885000,1742122000,1754007000,4100000,155992000,0,0.0,0.0,439096000,595088000,0.507,595088000,439096000,397293000,5.31,5.24,5.31,2555524000,2418397250,2555524000,4159390670,9,6.99,-533111000,-8.299,1.0,611600000,0.521,0,41803000,6013778000,5530576750,132368000,0,0,0,1951704000,167377000,1784327000,2811145670,-8690000,0,3688000,459217000,0,462905000,-914215000,0,442620000,0,340822000,340822000,340822000,0,0,0.29,174680000,436920000,118504000,0.0,1.1,8.248,8.228,3967028000,0,43.69,2.395,2.391,254515000,2286137000,1173953000,1173953000,0,0.081,0.141,0.079,0.374,14691000,61461000,1.0,64343000,64240000,65074000,18.274,4507228000,6849000,56471000,15017000,70.045,330430000
ATW,MRY,2015-12-31,2015-09-30,2015-09-30,2017-08-03,-728000,4801333000,4652972750,605935000,4195398000,0.3,45.584,-448019000,113983000,113983000,559165000,432573000,4.474,0.629,1678268000,0,1678268000,1678268000,800000,178246000,0,0.068,1.0,531521000,709767000,0.508,709767000,531521000,478970000,6.7,6.65,6.7,2947170000,2771418000,2947170000,2599253930,4,3.662,156268000,2.42,1.0,836686000,0.599,0,52551000,6230170000,6085944250,137998000,0,0,0,1854163000,135448000,1718715000,957510930,33903000,0,1064000,-70465000,-48562000,-117963000,-452421000,0,604287000,0,432573000,432573000,432573000,0,0,0.31,305256000,531430000,94029000,0.149,0.325,2.214,2.21,4172132000,0,14.81,0.686,0.685,323345000,2670148000,1395851000,1395851000,0,0.093,0.156,0.087,0.381,12828000,57229000,1.0,64653000,64581000,65030000,21.614,4801333000,8855000,46397000,15564000,74.263,470487000
ATW,MRY,2016-12-31,2016-09-30,2016-09-30,2017-08-03,-1794000,4539792000,4709589250,393042000,4146750000,0.217,49.77,-223731000,145427000,145427000,406826000,265272000,7.963,0.405,1227919000,0,1227919000,1227919000,0,169115000,0,0.008,0.07,381321000,550436000,0.539,550436000,381321000,312755000,4.09,4.09,4.09,3230386000,3135388000,3230386000,1738921067,4,3.159,401277000,6.194,1.0,613818000,0.601,0,68566000,5572928000,5902502000,109925000,0,0,0,1309406000,49356000,1260050000,563115067,31444000,0,0,-382074000,-21745000,-390625000,-202939000,0,625008000,0,265272000,265272000,265272000,0,0,0.26,319835000,293983000,32395000,0.017,0.174,2.123,2.125,4127696000,0,8.69,0.552,0.552,124922000,2929839000,1020644000,1020644000,0,0.056,0.085,0.065,0.374,11862000,50550000,1.0,64800353,64789000,64839000,15.753,4539792000,6260000,47483000,9496000,69.944,343686000
