ticker,dimension,calendardate,datekey,reportperiod,lastupdated,accoci,assets,assetsavg,assetsc,assetsnc,assetturnover,bvps,capex,cashneq,cashnequsd,cor,consolinc,currentratio,de,debt,debtc,debtnc,debtusd,deferredrev,depamor,deposits,divyield,dps,ebit,ebitda,ebitdamargin,ebitdausd,ebitusd,ebt,eps,epsdil,epsusd,equity,equityavg,equityusd,ev,evebit,evebitda,fcf,fcfps,fxusd,gp,grossmargin,intangibles,intexp,invcap,invcapavg,inventory,investments,investmentsc,investmentsnc,liabilities,liabilitiesc,liabilitiesnc,marketcap,ncf,ncfbus,ncfcommon,ncfdebt,ncfdiv,ncff,ncfi,ncfinv,ncfo,ncfx,netinc,netinccmn,netinccmnusd,netincdis,netincnci,netmargin,opex,opinc,payables,payoutratio,pb,pe,pe1,ppnenet,prefdivis,price,ps,ps1,receivables,retearn,revenue,revenueusd,rnd,roa,roe,roic,ros,sbcomp,sgna,sharefactor,sharesbas,shareswa,shareswadil,sps,tangibles,taxassets,taxexp,taxliabilities,tbvps,workingcapital
AU,MRY,2011-12-31,2011-12-31,2011-12-31,2018-03-29,0,10749000000,10568500000,2499000000,8250000000,0.655,12.911,-440000000,1147000000,1147000000,3893000000,1633000000,2.656,1.13,2488000000,32000000,2456000000,2488000000,0,0,0,0.008,0.346,2324000000,2324000000,0.336,2324000000,2324000000,2324000000,4.11,3.55,4.11,4983000000,4724500000,4983000000,18334113196,7,7.889,2641000000,6.843,1.0,3032000000,0.438,210000000,0,10939000000,11139000000,1408000000,900000000,0,900000000,5629000000,941000000,4688000000,16182113196,628000000,-142000000,10000000,-159000000,-169000000,-463000000,-1722000000,95000000,3081000000,-102000000,1587000000,1587000000,1587000000,0,46000000,0.229,425000000,2607000000,765000000,0.084,3.247,10.197,10.328,6545000000,0,42.45,2.337,2.366,430000000,-1706000000,6925000000,6925000000,279000000,0.15,0.336,0.209,0.336,0,278000000,1.0,381204080,385961613,421058243,17.942,10539000000,79000000,737000000,1306000000,27.306,1558000000
AU,MRY,2012-12-31,2012-12-31,2012-12-31,2018-03-29,0,12739000000,11744000000,2612000000,10127000000,0.565,14.151,-774000000,927000000,927000000,3999000000,915000000,1.334,1.324,3583000000,859000000,2724000000,3583000000,0,0,0,0.018,0.56,1243000000,1243000000,0.187,1243000000,1243000000,1243000000,2.32,1.77,2.32,5473000000,5228000000,5473000000,13348942299,10,10.739,1576000000,4.075,1.0,2633000000,0.397,315000000,0,13122000000,12030500000,1823000000,1243000000,0,1243000000,7245000000,1958000000,5287000000,11990942299,-215000000,-748000000,2000000,1185000000,-236000000,591000000,-2775000000,48000000,2350000000,-5000000,897000000,897000000,897000000,0,18000000,0.135,1135000000,1498000000,989000000,0.241,2.191,13.368,13.522,7776000000,0,31.37,1.808,1.829,551000000,-1269000000,6632000000,6632000000,395000000,0.076,0.172,0.103,0.187,0,291000000,1.0,382242343,386766345,422131159,17.147,12424000000,97000000,346000000,1204000000,32.123,654000000
AU,MRY,2013-12-31,2013-12-31,2013-12-31,2018-03-29,0,9674000000,11206500000,2117000000,7557000000,0.48,8.032,-455000000,694000000,694000000,3853000000,-2200000000,1.796,2.133,3911000000,278000000,3633000000,3911000000,0,0,0,0.009,0.109,-2437000000,-2437000000,-0.453,-2437000000,-2437000000,-2437000000,-5.68,-6.31,-5.68,3079000000,4276000000,3079000000,7174521674,-2,-2.944,852000000,2.223,1.0,1530000000,0.284,267000000,0,11445000000,12283500000,1639000000,1490000000,1000000,1489000000,6567000000,1179000000,5388000000,4492521674,-234000000,-474000000,0,864000000,-62000000,560000000,-2040000000,86000000,1307000000,-30000000,-2200000000,-2200000000,-2200000000,245000000,0,-0.409,3421000000,-1891000000,824000000,-0.019,1.459,-2.042,-2.063,4815000000,0,11.72,0.835,0.835,398000000,-3927000000,5383000000,5383000000,250000000,-0.196,-0.514,-0.198,-0.453,0,201000000,1.0,383320962,383320962,,14.043,9407000000,177000000,-237000000,660000000,24.541,938000000
AU,MRY,2014-12-31,2014-12-31,2014-12-31,2018-03-29,0,9134000000,9404000000,1649000000,7485000000,0.543,7.066,-113000000,483000000,483000000,3959000000,-39000000,1.676,2.201,3721000000,223000000,3498000000,3721000000,0,0,0,0.0,0.0,186000000,186000000,0.036,186000000,186000000,186000000,-0.14,-0.14,-0.14,2845000000,2962000000,2845000000,6719867132,36,36.128,1230000000,3.055,1.0,1151000000,0.225,225000000,0,11163000000,11304000000,1524000000,1589000000,0,1589000000,6263000000,984000000,5279000000,3502867132,-144000000,6000000,0,-144000000,0,-421000000,-943000000,73000000,1343000000,-16000000,-39000000,-39000000,-39000000,-16000000,0,-0.008,522000000,629000000,710000000,0.0,1.231,-89.817,-62.143,4863000000,0,8.7,0.685,0.685,298000000,-4196000000,5110000000,5110000000,142000000,-0.004,-0.013,0.016,0.036,0,92000000,1.0,402628406,402628406,,12.692,8909000000,127000000,225000000,633000000,22.127,665000000
AU,MRY,2015-12-31,2015-12-31,2015-12-31,2018-03-29,0,7284000000,8209000000,1350000000,5934000000,0.508,6.015,-99000000,507000000,507000000,3301000000,-70000000,1.909,1.982,2737000000,100000000,2637000000,2737000000,0,0,0,0.0,0.0,141000000,141000000,0.034,141000000,141000000,141000000,-0.2,-0.2,-0.2,2430000000,2637500000,2430000000,6106473556,43,43.308,1151000000,2.849,1.0,873000000,0.209,161000000,0,8646000000,9904500000,736000000,1594000000,1000000,1593000000,4817000000,707000000,4110000000,2868473556,33000000,804000000,0,-867000000,-5000000,-1186000000,80000000,81000000,1250000000,-17000000,-70000000,-70000000,-70000000,116000000,0,-0.017,377000000,496000000,521000000,0.0,1.18,-40.978,-35.5,4058000000,0,7.1,0.687,0.687,209000000,-4636000000,4174000000,4174000000,132000000,-0.009,-0.027,0.014,0.034,0,78000000,1.0,404010360,404010360,,10.331,7123000000,1000000,211000000,605000000,17.631,643000000
AU,MRY,2016-12-31,2016-12-31,2016-12-31,2018-03-29,0,7153000000,7218500000,1166000000,5987000000,0.589,6.699,-89000000,234000000,234000000,3244000000,80000000,1.534,1.62,2178000000,34000000,2144000000,2178000000,0,0,0,0.0,0.0,269000000,269000000,0.063,269000000,269000000,269000000,0.15,0.15,0.15,2715000000,2572500000,2715000000,6489338460,24,24.124,1213000000,2.993,1.0,1010000000,0.237,145000000,0,8192000000,8419000000,756000000,1614000000,5000000,1609000000,4399000000,760000000,3639000000,4259338460,-279000000,-5000000,0,-546000000,-15000000,-763000000,-702000000,61000000,1302000000,10000000,80000000,80000000,80000000,0,0,0.019,346000000,664000000,619000000,0.0,1.569,53.242,70.067,4111000000,0,10.51,1.001,1.001,289000000,-4393000000,4254000000,4254000000,133000000,0.011,0.031,0.032,0.063,0,61000000,1.0,405265315,405265315,,10.497,7008000000,4000000,189000000,607000000,17.292,406000000
AU,MRY,2017-12-31,2017-12-31,2017-12-31,2018-03-29,0,7219000000,7186000000,1145000000,6074000000,0.632,6.523,-149000000,233000000,233000000,3572000000,-171000000,1.571,1.695,2268000000,38000000,2230000000,2268000000,0,0,0,0.01,0.099,-63000000,-63000000,-0.014,-63000000,-63000000,-63000000,-0.46,-0.46,-0.46,2663000000,2689000000,2663000000,6103800114,-96,-96.886,1002000000,2.455,1.0,971000000,0.214,138000000,0,8387000000,8289500000,783000000,1682000000,7000000,1675000000,4515000000,729000000,3786000000,4159800114,-13000000,-33000000,0,48000000,-58000000,-148000000,-862000000,78000000,1151000000,3000000,-171000000,-171000000,-171000000,0,0,-0.038,704000000,267000000,641000000,-0.215,1.562,-24.326,-22.152,3742000000,0,10.19,0.916,0.916,289000000,-4471000000,4543000000,4543000000,114000000,-0.024,-0.064,-0.008,-0.014,0,64000000,1.0,408223760,408223760,,11.129,7081000000,4000000,108000000,416000000,17.346,416000000
