ticker,dimension,calendardate,datekey,reportperiod,lastupdated,accoci,assets,assetsavg,assetsc,assetsnc,assetturnover,bvps,capex,cashneq,cashnequsd,cor,consolinc,currentratio,de,debt,debtc,debtnc,debtusd,deferredrev,depamor,deposits,divyield,dps,ebit,ebitda,ebitdamargin,ebitdausd,ebitusd,ebt,eps,epsdil,epsusd,equity,equityavg,equityusd,ev,evebit,evebitda,fcf,fcfps,fxusd,gp,grossmargin,intangibles,intexp,invcap,invcapavg,inventory,investments,investmentsc,investmentsnc,liabilities,liabilitiesc,liabilitiesnc,marketcap,ncf,ncfbus,ncfcommon,ncfdebt,ncfdiv,ncff,ncfi,ncfinv,ncfo,ncfx,netinc,netinccmn,netinccmnusd,netincdis,netincnci,netmargin,opex,opinc,payables,payoutratio,pb,pe,pe1,ppnenet,prefdivis,price,ps,ps1,receivables,retearn,revenue,revenueusd,rnd,roa,roe,roic,ros,sbcomp,sgna,sharefactor,sharesbas,shareswa,shareswadil,sps,tangibles,taxassets,taxexp,taxliabilities,tbvps,workingcapital
AUO,MRY,2011-12-31,2011-12-31,2011-12-31,2018-03-29,0,588445501000,608880635000,200389771000,388055730000,0.624,19.902,-56868323000,90053268000,2973331815,407899195000,-61447050000,0.965,2.259,232159373000,54283465000,177875908000,7665317044,0,87361532000,0,0.032,0.138,-60592639000,26768893000,0.07,883841341,-2000616139,-65468893000,-69.4,-69.4,-2.291,175679819000,229002188000,5800504599,9680218796,-4,10.952,-42353203000,-4.798,30.287,-28187317000,-0.074,4147507000,4876254000,518836130000,555228891500,47881948000,21291622000,2169099000,19122523000,396894918000,207567969000,189326949000,3813283671,1338177000,86262000,0,45097490000,-3530818000,45835940000,-57829034000,1597173000,14515120000,-1183849000,-61263814000,-61263814000,-2022776645,0,-183236000,-0.161,29471215000,-57658532000,82867076000,-0.06,0.657,-1.885,-1.885,359360902000,0,4.32,0.304,3.042,51723030000,-30144451000,379711878000,12537128666,8625812000,-0.101,-0.268,-0.109,-0.16,0,20845403000,0.1,8827045535,8827045535,,1.42,584297994000,913687000,-4205079000,861316000,66.194,-7178198000
AUO,MRY,2012-12-31,2012-12-31,2012-12-31,2018-03-29,0,515008459000,551726980000,174072244000,340936215000,0.686,13.831,-43695664000,76655675000,2638935339,391593831000,-52618047000,0.906,3.103,223126545000,54110639000,169015906000,7681316808,0,75276439000,0,0.0,0.0,-45762850000,29513589000,0.078,1016029837,-1575424156,-51494063000,-58.1,0.0,-2.0,122086187000,148883003000,4202918484,10964789209,-6,10.792,-2918757000,-0.331,29.048,-13122896000,-0.035,3652303000,5731213000,465605303000,492220716500,42585982000,19071002000,2409147000,16661855000,378859660000,192221723000,186637937000,3972170490,-13397593000,-239795000,0,-4972822000,0,-5940445000,-43181707000,648251000,40776907000,-23389000,-52618047000,-52618047000,-1811420012,0,0,-0.139,25485418000,-38608314000,81586627000,0.0,0.945,-2.193,-2.25,315518217000,0,4.5,0.305,3.049,42639714000,-80204451000,378470935000,13029176580,9904299000,-0.095,-0.353,-0.093,-0.121,0,15581119000,0.1,8827045535,8827045535,,1.476,511356156000,1131682000,1123984000,1062950000,57.931,-18149479000
AUO,MRY,2013-12-31,2013-12-31,2013-12-31,2018-03-29,0,464835935000,489922197000,169604057000,295231878000,0.85,15.742,-26524740000,76312272000,2555230717,382378938000,3876864000,0.935,2.244,184708169000,66220198000,118487971000,6184745582,0,63637747000,0,0.0,0.0,10018860000,73656607000,0.177,2466308757,335470274,5236028000,4.1,4.0,0.137,138953700000,130519943500,4652708577,9849959579,29,3.994,27365057000,3.1,29.865,33984067000,0.082,4432542000,4782832000,387460632000,426532967500,37597994000,22158752000,6848947000,15309805000,311845715000,181338658000,130507057000,2754038206,-343403000,-261149000,10280650000,-37058888000,0,-26785436000,-23223792000,3401802000,53889797000,23381000,3876864000,3876864000,129812436,0,0,0.009,25691546000,8292521000,78433554000,0.0,0.592,21.216,22.727,270269007000,0,3.12,0.198,1.975,43727179000,-21897673000,416363005000,13941447581,8530461000,0.008,0.03,0.023,0.024,0,17161085000,0.1,8827045535,8827045535,,1.579,460403393000,1126479000,1359164000,1811113000,52.158,-11734601000
AUO,MRY,2014-12-31,2014-12-31,2014-12-31,2018-03-29,0,442344320000,453590127500,185614534000,256729786000,0.9,16.07,-14968225000,81965333000,2584620898,359668105000,16737239000,1.066,1.735,142687777000,56998412000,85689365000,4499387690,0,56902728000,0,0.01,0.05,24025592000,80928320000,0.198,2551920665,757601352,19980459000,17.0,16.9,0.536,154657678000,146805689000,4876835754,8436097579,11,3.306,51732416000,5.375,31.713,48510645000,0.119,3885755000,4045133000,325037869000,356249250500,36420148000,18497147000,3157485000,15339662000,268357388000,174143140000,94214248000,4898740763,5653061000,574911000,0,-43480061000,-1443637000,-45041451000,-13106837000,1563079000,66700641000,408617000,16737239000,16737239000,527777001,0,0,0.041,26345222000,22165423000,74880730000,0.093,1.004,9.282,9.495,231814724000,0,5.09,0.381,3.806,59621156000,-6656523000,408178750000,12871140624,9156656000,0.037,0.114,0.067,0.059,0,17188566000,0.1,9624245115,9624245115,,1.337,438458565000,1232943000,3243220000,5088902000,45.558,11471394000
AUO,MRY,2015-12-31,2015-12-31,2015-12-31,2018-03-29,0,399237131000,420790725500,161992140000,237244991000,0.856,16.418,-31677759000,78880700000,2396913575,320509439000,7214009000,1.142,1.383,118565053000,50027623000,68537430000,3602784776,0,47745849000,0,0.075,0.218,10189873000,57935722000,0.161,1760467624,309635245,7598850000,7.5,7.0,0.228,158012469000,156335073500,4801456276,4740678811,15,2.693,32817247000,3.41,32.909,39837055000,0.111,3294684000,2591023000,293759055000,309398462000,31795525000,26964180000,11948446000,15015734000,218576058000,141867745000,76708313000,2800655328,-3084633000,-51700000,0,-34367108000,-4812123000,-34276992000,-31734659000,294741000,64495006000,923630000,7214009000,7214009000,219208958,0,0,0.02,22315907000,17521148000,52116598000,0.957,0.583,12.776,12.769,208785609000,0,2.91,0.256,2.558,34840423000,-4493166000,360346494000,10949692427,8903819000,0.017,0.046,0.033,0.028,0,13412088000,0.1,9624245115,9624245115,,1.138,395942447000,2016424000,384841000,5248514000,41.14,20124395000
AUO,MRY,2016-12-31,2016-12-31,2016-12-31,2018-03-29,0,405860765000,402548948000,163346242000,242514523000,0.818,16.463,-45430447000,80191248000,2486935897,294598017000,8753357000,1.384,1.445,124789343000,18601350000,106187993000,3870036997,0,39693240000,0,0.0,0.0,13893789000,53587029000,0.163,1661870956,430881966,11185902000,10.4,10.2,0.323,158448109000,158230289000,4913881501,4344199157,10,2.614,-3848704000,-0.4,32.245,34491019000,0.105,2322239000,2707887000,330105027000,311932041000,27679335000,9300098000,625615000,8674483000,229024452000,118031594000,110992858000,3406982770,1310548000,-61238000,0,15082755000,-3368486000,10721219000,-42267327000,3428333000,41581743000,-3839190000,8753357000,8753357000,271464009,0,0,0.027,22152563000,12338456000,59998461000,0.0,0.693,12.55,10.976,222741832000,0,3.54,0.334,3.338,48277689000,1450618000,329089036000,10205893502,9080791000,0.022,0.055,0.045,0.042,0,13071772000,0.1,9624245115,9624245115,,1.06,403538526000,1750911000,2432545000,3545573000,41.929,45314648000
AUO,MRY,2017-12-31,2017-12-31,2017-12-31,2018-03-29,0,430170689000,418015727000,180175541000,249995148000,0.816,20.339,-42732011000,105020616000,3534573152,279986522000,40488763000,1.634,1.11,114032386000,11579610000,102452776000,3837873223,0,36429836000,0,0.0,0.0,42231467000,78661303000,0.231,2647424290,1421341972,39363606000,44.3,42.7,1.491,195749350000,177098729500,6588138820,5766178874,4,2.178,44146650000,4.587,29.712,61041745000,0.179,1890297000,2867861000,327027469000,328566248000,24854323000,11251939000,588695000,10663244000,217352838000,110264693000,107088145000,4003685967,24829368000,-120607000,0,-9667271000,-5389577000,-13410352000,-43667479000,-213847000,86878661000,-2456132000,40488763000,40488763000,1362689537,0,0,0.119,21902621000,39139124000,54574583000,0.0,0.608,2.938,2.79,224933089000,0,4.16,0.349,3.488,40645366000,38712332000,341028267000,11477645083,9854712000,0.097,0.229,0.129,0.124,0,12047909000,0.1,9624245115,9624245115,,1.193,428280392000,7096445000,-1125157000,6323045000,44.5,69910848000
