ticker,dimension,calendardate,datekey,reportperiod,lastupdated,accoci,assets,assetsavg,assetsc,assetsnc,assetturnover,bvps,capex,cashneq,cashnequsd,cor,consolinc,currentratio,de,debt,debtc,debtnc,debtusd,deferredrev,depamor,deposits,divyield,dps,ebit,ebitda,ebitdamargin,ebitdausd,ebitusd,ebt,eps,epsdil,epsusd,equity,equityavg,equityusd,ev,evebit,evebitda,fcf,fcfps,fxusd,gp,grossmargin,intangibles,intexp,invcap,invcapavg,inventory,investments,investmentsc,investmentsnc,liabilities,liabilitiesc,liabilitiesnc,marketcap,ncf,ncfbus,ncfcommon,ncfdebt,ncfdiv,ncff,ncfi,ncfinv,ncfo,ncfx,netinc,netinccmn,netinccmnusd,netincdis,netincnci,netmargin,opex,opinc,payables,payoutratio,pb,pe,pe1,ppnenet,prefdivis,price,ps,ps1,receivables,retearn,revenue,revenueusd,rnd,roa,roe,roic,ros,sbcomp,sgna,sharefactor,sharesbas,shareswa,shareswadil,sps,tangibles,taxassets,taxexp,taxliabilities,tbvps,workingcapital
AVAV,MRY,2011-12-31,2011-04-30,2011-04-30,2018-03-07,-784000,331747000,290207750,302509000,29238000,1.008,12.164,-10064000,62041000,62041000,175352000,25909000,4.871,0.259,0,0,0,0,0,10599000,1648000,0.0,0.0,34228000,44827000,0.153,44827000,34228000,34228000,1.2,1.17,1.2,263468000,242461000,263468000,588263744,17,13.123,23422000,1.085,1.0,117151000,0.401,0,0,207602000,191496250,38137000,133114000,126839000,6275000,68279000,62104000,6175000,627362744,33376000,0,619000,0,0,823000,-933000,9131000,33486000,0,25909000,25909000,25909000,0,0,0.089,83200000,33951000,31134000,0.0,2.381,24.214,23.875,17498000,0,28.65,2.145,2.115,66342000,144485000,292503000,292503000,35769000,0.089,0.107,0.179,0.117,3136000,47431000,1.0,21897478,21591333,22081266,13.547,331747000,12062000,8319000,12266000,15.316,240405000
AVAV,MRY,2012-12-31,2012-04-30,2012-04-30,2018-03-07,-694000,369151000,329526750,280278000,88873000,0.986,13.694,-14979000,64220000,64220000,195675000,30451000,4.442,0.234,0,0,0,0,0,8973000,5124000,0.0,0.0,43538000,52511000,0.162,52511000,43538000,43538000,1.4,1.36,1.4,299198000,279241250,299198000,472421184,10,8.997,3775000,0.173,1.0,129333000,0.398,0,0,241832000,208125500,43539000,135609000,77152000,58457000,69953000,63099000,6854000,538286184,2179000,0,565000,0,0,754000,-17329000,-2350000,18754000,0,30451000,30451000,30451000,0,0,0.094,86257000,43076000,20213000,0.0,1.799,17.677,17.371,23515000,0,24.32,1.656,1.63,83451000,174936000,325008000,325008000,30977000,0.092,0.109,0.209,0.134,4246000,55280000,1.0,22133478,21783496,22315474,14.92,369151000,14586000,13087000,13420000,16.896,217179000
AVAV,MRY,2013-12-31,2013-04-30,2013-04-30,2018-03-07,-705000,361604000,354297000,263454000,98150000,0.678,14.214,-11834000,75332000,75332000,147616000,10426000,6.245,0.147,0,0,0,0,0,10937000,7519000,0.0,0.0,10773000,21710000,0.09,21710000,10773000,10773000,0.47,0.47,0.47,315186000,309930500,315186000,369964434,34,17.041,17410000,0.789,1.0,92536000,0.385,0,0,244085000,248867750,62561000,142157000,73241000,68916000,46418000,42187000,4231000,433939434,11112000,0,289000,0,0,212000,-18344000,-5660000,29244000,0,10426000,10426000,10426000,0,0,0.043,88734000,3802000,16144000,0.0,1.377,41.621,41.191,24429000,0,19.36,1.807,1.779,31074000,185362000,240152000,240152000,37214000,0.029,0.034,0.043,0.045,5076000,51520000,1.0,22414227,22069842,22390420,10.881,361604000,20688000,347000,3460000,16.307,221267000
AVAV,MRY,2014-12-31,2014-04-30,2014-04-30,2018-03-07,-263000,384954000,363552500,306857000,78097000,0.692,15.165,-7143000,126969000,126969000,158090000,13718000,8.132,0.124,0,0,0,0,0,9155000,2984000,0.0,0.0,14896000,24051000,0.096,24051000,14896000,14896000,0.61,0.6,0.61,342467000,321901500,342467000,676711729,45,28.137,26862000,1.202,1.0,93613000,0.372,0,0,220250000,240037250,50699000,121144000,70639000,50505000,42487000,37735000,4752000,769460729,51637000,0,6709000,0,0,7194000,10438000,18331000,34005000,0,13718000,13718000,13718000,0,0,0.055,81194000,12419000,13906000,0.0,2.247,56.091,55.361,19997000,0,33.77,3.057,2.999,42668000,199080000,251703000,251703000,25515000,0.038,0.043,0.062,0.059,5279000,55679000,1.0,22785334,22354444,22719218,11.26,384954000,18343000,1178000,3513000,17.046,269122000
AVAV,MRY,2015-12-31,2015-04-30,2015-04-30,2018-03-07,-1358000,397467000,387167500,329032000,68435000,0.67,15.234,-5279000,143410000,143410000,155130000,2895000,7.04,0.139,0,0,0,0,0,8366000,4235000,0.0,0.0,1893000,10259000,0.04,10259000,1893000,1893000,0.13,0.13,0.13,348912000,342160250,348912000,471293425,248,45.94,34134000,1.493,1.0,104268000,0.402,0,0,207322000,209551750,39414000,132150000,85381000,46769000,48555000,46735000,1820000,597270425,16441000,0,722000,0,0,848000,-23820000,-18391000,39413000,0,2895000,2895000,2895000,0,0,0.011,102254000,2014000,19243000,0.0,1.712,206.311,196.923,13499000,0,25.6,2.303,2.257,50963000,201975000,259398000,259398000,46491000,0.007,0.008,0.009,0.007,3658000,55763000,1.0,23330876,22868733,23145997,11.343,397467000,12691000,-1002000,1131000,17.354,282297000
AVAV,MRY,2016-12-31,2016-04-30,2016-04-30,2018-03-07,-201000,410658000,390863000,344271000,66387000,0.676,15.772,-6749000,124287000,124287000,151995000,8966000,7.428,0.136,449000,0,449000,449000,0,6074000,2544000,0.0,0.0,8068000,14142000,0.054,14142000,8068000,8068000,0.39,0.39,0.39,361525000,351982500,361525000,552234354,68,39.049,-6198000,-0.27,1.0,112103000,0.424,0,0,240475000,223901000,37486000,137263000,103404000,33859000,49133000,46345000,2788000,674552354,-19123000,0,-2634000,-472000,0,-3096000,-16578000,-9829000,551000,0,8966000,8966000,8966000,0,0,0.034,102368000,9735000,17712000,0.0,1.866,75.234,74.051,16762000,0,28.88,2.554,2.508,74944000,207450000,264098000,264098000,42291000,0.023,0.025,0.036,0.031,4684000,60077000,1.0,23357076,22936413,23153493,11.514,410658000,15016000,-898000,1384000,17.916,297926000
AVAV,MRY,2017-12-31,2017-04-30,2017-04-30,2018-03-07,-127000,432500000,399847000,354085000,78415000,0.662,16.501,-9855000,79904000,79904000,162763000,12457000,7.367,0.132,161000,0,161000,161000,0,7054000,3317000,0.0,0.0,14231000,21285000,0.08,21285000,14231000,14231000,0.54,0.54,0.54,381954000,357206750,381954000,597059263,41,28.051,-20354000,-0.883,1.0,102110000,0.386,0,0,304694000,268752750,60076000,162067000,119971000,42096000,50307000,48063000,2244000,670119263,-44383000,-430000,3865000,-390000,0,3470000,-37354000,-27069000,-10499000,0,12479000,12479000,12479000,0,-22000,0.047,89579000,12531000,20283000,0.0,1.754,53.7,52.907,19220000,0,28.57,2.53,2.487,88481000,219929000,264873000,264873000,33042000,0.031,0.035,0.053,0.054,3709000,56537000,1.0,23455347,23059045,23307738,11.487,432500000,15089000,1752000,1482000,18.684,306022000
