ticker,dimension,calendardate,datekey,reportperiod,lastupdated,accoci,assets,assetsavg,assetsc,assetsnc,assetturnover,bvps,capex,cashneq,cashnequsd,cor,consolinc,currentratio,de,debt,debtc,debtnc,debtusd,deferredrev,depamor,deposits,divyield,dps,ebit,ebitda,ebitdamargin,ebitdausd,ebitusd,ebt,eps,epsdil,epsusd,equity,equityavg,equityusd,ev,evebit,evebitda,fcf,fcfps,fxusd,gp,grossmargin,intangibles,intexp,invcap,invcapavg,inventory,investments,investmentsc,investmentsnc,liabilities,liabilitiesc,liabilitiesnc,marketcap,ncf,ncfbus,ncfcommon,ncfdebt,ncfdiv,ncff,ncfi,ncfinv,ncfo,ncfx,netinc,netinccmn,netinccmnusd,netincdis,netincnci,netmargin,opex,opinc,payables,payoutratio,pb,pe,pe1,ppnenet,prefdivis,price,ps,ps1,receivables,retearn,revenue,revenueusd,rnd,roa,roe,roic,ros,sbcomp,sgna,sharefactor,sharesbas,shareswa,shareswadil,sps,tangibles,taxassets,taxexp,taxliabilities,tbvps,workingcapital
AVNW,MRY,2011-12-31,2011-07-01,2011-07-01,2018-05-14,-2700000,383900000,415500000,350300000,33600000,1.088,36.214,-7200000,98200000,98200000,324000000,-90500000,1.833,1.16,6000000,0,6000000,6000000,45800000,12000000,0,0.0,0.0,-74200000,-62200000,-0.138,-62200000,-74200000,-76400000,-18.48,-18.48,-18.48,177700000,211725000,177700000,150335170,-2,-2.417,-48700000,-9.973,1.0,128100000,0.283,9700000,2200000,90900000,122725000,71800000,0,0,0,206200000,191100000,15100000,240035170,-43500000,3800000,200000,1000000,0,1200000,-4200000,0,-41500000,1000000,-90500000,-90500000,-90500000,31700000,0,-0.2,170900000,-42800000,70300000,0.0,1.351,-2.652,-2.571,21600000,0,47.52,0.531,0.513,157800000,-611800000,452100000,452100000,40500000,-0.218,-0.427,-0.605,-0.164,4800000,107600000,1.0,5051245,4883000,4883000,92.587,374200000,1500000,14100000,6500000,76.258,159200000
AVNW,MRY,2012-12-31,2012-06-29,2012-06-29,2018-05-14,-4000000,329600000,341325000,304600000,25000000,1.301,32.032,-5900000,96000000,96000000,312300000,-24100000,2.066,1.093,12900000,4100000,8800000,12900000,41300000,7200000,0,0.0,0.0,-21300000,-14100000,-0.032,-14100000,-21300000,-22600000,-4.92,-4.92,-4.92,157500000,162050000,157500000,94960230,-4,-6.735,2500000,0.508,1.0,131700000,0.297,1800000,1300000,97300000,92150000,75300000,0,0,0,172100000,147400000,24700000,171560230,-2200000,-1500000,100000,6900000,0,-1300000,-7400000,0,8400000,-1900000,-24100000,-24100000,-24100000,8600000,0,-0.054,145000000,-13300000,55800000,0.0,1.089,-7.119,-6.829,21700000,0,33.6,0.386,0.372,116600000,-635900000,444000000,444000000,36000000,-0.071,-0.149,-0.231,-0.048,5200000,99500000,1.0,5105959,4917000,4917000,90.299,327800000,1400000,1500000,6400000,66.667,157200000
AVNW,MRY,2013-12-31,2013-06-28,2013-06-28,2018-05-14,-3300000,305800000,315900000,274300000,31500000,1.492,29.837,-10400000,90000000,90000000,332900000,-16700000,2.092,1.04,8800000,8800000,0,8800000,27100000,6600000,0,0.0,0.0,-2600000,4000000,0.008,4000000,-2600000,-3400000,-3.36,-3.36,-3.36,149900000,153925000,149900000,77354296,-29,19.339,-2000000,-0.4,1.0,138400000,0.294,800000,800000,92700000,94075000,51200000,0,0,0,155900000,131100000,24800000,160454296,-6000000,-100000,300000,-4200000,0,-3900000,-10500000,0,8400000,0,-16700000,-16700000,-16700000,0,0,-0.035,138400000,0,50600000,0.0,1.07,-9.608,-9.357,28800000,0,31.44,0.34,0.334,115200000,-650900000,471300000,471300000,39400000,-0.053,-0.108,-0.028,-0.006,6400000,95500000,1.0,5103508,5000000,5000000,94.26,305000000,2300000,13300000,18700000,60.709,143200000
AVNW,MRY,2014-12-31,2014-06-27,2014-06-27,2018-05-14,-2900000,253200000,271400000,218200000,35000000,1.275,21.648,-9414000,48800000,48800000,260844000,-51100000,1.794,1.263,6000000,6000000,0,6000000,41800000,7519000,0,0.0,0.0,-49246000,-41727000,-0.121,-41727000,-49246000,-49635000,-9.95,-9.95,-9.95,111900000,123500000,111900000,36187224,0,-0.867,-38666000,-7.528,1.0,85188000,0.246,400000,389000,88400000,88100000,49500000,0,0,0,141300000,121600000,19700000,77687224,-41210000,0,98000,-2896000,0,-2798000,-9414000,0,-29252000,254000,-51100000,-51100000,-51100000,0,0,-0.148,135832000,-50644000,46100000,0.0,0.694,-1.52,-1.508,29300000,0,15.0,0.225,0.223,101000000,-692800000,346032000,346032000,35478000,-0.188,-0.414,-0.559,-0.142,3421000,88776000,1.0,5179148,5136000,5136000,67.374,252800000,4900000,1465000,6400000,48.907,96600000
AVNW,MRY,2015-12-31,2015-07-03,2015-07-03,2018-05-14,-8628000,224715000,236253750,191128000,33587000,1.422,16.144,-3693000,34735000,34735000,255188000,-24554000,1.558,1.683,9000000,9000000,0,9000000,45731000,7622000,0,0.0,0.0,-25547000,-17925000,-0.053,-17925000,-25547000,-25935000,-4.75,-4.75,-4.75,83738000,87084500,83738000,56071243,-2,-3.128,-13291000,-2.564,1.0,80690000,0.24,0,388000,76272000,75443000,39113000,0,0,0,140906000,122708000,18198000,82071243,-14664000,0,13000,2860000,0,2873000,-3693000,0,-9598000,-4246000,-24625000,-24625000,-24625000,0,71000,-0.073,106620000,-25930000,46580000,0.0,0.98,-3.333,-3.322,24255000,0,15.78,0.244,0.244,100821000,-717474000,335878000,335878000,25368000,-0.104,-0.283,-0.339,-0.076,2187000,76005000,1.0,5200966,5184000,5184000,64.791,224715000,9089000,-1310000,6287000,43.323,68420000
AVNW,MRY,2016-12-31,2016-07-01,2016-07-01,2018-05-14,-11157000,166111000,198727750,140414000,25697000,1.352,10.094,-1574000,31037000,31037000,206973000,-29637000,1.405,2.121,9000000,9000000,0,9000000,39002000,6648000,0,0.0,0.0,-28168000,-21520000,-0.08,-21520000,-28168000,-28272000,-5.71,-5.71,-5.71,53116000,70454000,53116000,11645789,0,-0.541,-1218000,-0.233,1.0,61717000,0.23,0,104000,44127000,60181750,30357000,222000,222000,0,112654000,99947000,12707000,42345789,-3774000,0,13000,0,0,13000,-1796000,-222000,356000,-2347000,-29907000,-29907000,-29907000,0,270000,-0.111,89163000,-27446000,33217000,0.0,0.797,-1.416,-1.41,18162000,0,8.05,0.158,0.157,68566000,-747381000,268690000,268690000,20806000,-0.15,-0.424,-0.468,-0.105,1836000,65902000,1.0,5260346,5238000,5238000,51.296,166111000,6068000,1635000,2911000,31.568,40467000
AVNW,MRY,2017-12-31,2017-06-30,2017-06-30,2018-05-14,-11785000,152576000,153461000,124585000,27991000,1.576,10.131,-4021000,36199000,36199000,166402000,-621000,1.448,1.826,9000000,9000000,0,9000000,27066000,5840000,0,0.0,0.0,-757000,5083000,0.021,5083000,-757000,-807000,-0.16,-0.16,-0.16,53797000,53677250,53797000,60578534,-80,11.918,5384000,1.017,1.0,75472000,0.312,0,50000,39359000,38474500,23665000,264000,264000,0,98236000,86018000,12218000,92488534,5144000,0,21000,0,0,21000,-4038000,-17000,9405000,-244000,-823000,-823000,-823000,0,202000,-0.003,76457000,-985000,33606000,0.0,1.719,-112.38,-108.75,16406000,0,17.4,0.382,0.381,58055000,-748204000,241874000,241874000,18684000,-0.005,-0.015,-0.02,-0.003,2111000,57184000,1.0,5315433,5292000,5292000,45.706,152576000,6178000,16000,4134000,28.734,38567000
