ticker,dimension,calendardate,datekey,reportperiod,lastupdated,accoci,assets,assetsavg,assetsc,assetsnc,assetturnover,bvps,capex,cashneq,cashnequsd,cor,consolinc,currentratio,de,debt,debtc,debtnc,debtusd,deferredrev,depamor,deposits,divyield,dps,ebit,ebitda,ebitdamargin,ebitdausd,ebitusd,ebt,eps,epsdil,epsusd,equity,equityavg,equityusd,ev,evebit,evebitda,fcf,fcfps,fxusd,gp,grossmargin,intangibles,intexp,invcap,invcapavg,inventory,investments,investmentsc,investmentsnc,liabilities,liabilitiesc,liabilitiesnc,marketcap,ncf,ncfbus,ncfcommon,ncfdebt,ncfdiv,ncff,ncfi,ncfinv,ncfo,ncfx,netinc,netinccmn,netinccmnusd,netincdis,netincnci,netmargin,opex,opinc,payables,payoutratio,pb,pe,pe1,ppnenet,prefdivis,price,ps,ps1,receivables,retearn,revenue,revenueusd,rnd,roa,roe,roic,ros,sbcomp,sgna,sharefactor,sharesbas,shareswa,shareswadil,sps,tangibles,taxassets,taxexp,taxliabilities,tbvps,workingcapital
AWRE,MRY,2011-12-31,2011-12-31,2011-12-31,2018-04-28,-20000,57851000,56285000,50883000,6968000,0.288,2.647,-331000,46577000,46577000,1518000,2567000,18.082,0.06,0,0,0,0,1779000,475000,0,0.0,0.0,2569000,3044000,0.188,3044000,2569000,2569000,0.12,0.12,0.12,54575000,52938750,54575000,16223718,6,5.33,6498000,0.316,1.0,14681000,0.906,0,0,8460000,9574750,547000,727000,0,727000,3276000,2814000,462000,61748718,6628000,0,1091000,0,0,867000,-1068000,-737000,6829000,0,2567000,2567000,2567000,1014000,0,0.158,11181000,3500000,399000,0.0,1.131,24.055,25.0,6232000,0,3.0,3.812,3.803,3546000,-25123000,16199000,16199000,3203000,0.046,0.048,0.268,0.159,1277000,7978000,1.0,20582906,20534000,20735000,0.789,57851000,0,2000,0,2.806,48069000
AWRE,MRY,2012-12-31,2012-12-31,2012-12-31,2018-04-28,-50000,85854000,95728750,76997000,8857000,0.181,3.651,-116000,71074000,71074000,1542000,72307000,21.159,0.048,0,0,0,0,2523000,453000,0,0.538,2.95,92794000,93247000,5.389,93247000,92794000,92794000,3.32,3.28,3.32,81896000,89785000,81896000,7924346,0,0.085,-15410000,-0.706,1.0,15762000,0.911,0,0,11141000,6327250,0,2010000,0,2010000,3958000,3639000,319000,122515346,24497000,0,6526000,0,-66024000,-45277000,85068000,-1210000,-15294000,0,72307000,72307000,72307000,76000,0,4.179,-76796000,92558000,328000,0.889,1.496,1.694,1.651,5904000,0,5.48,7.08,6.908,4578000,-18840000,17304000,17304000,3489000,0.755,0.805,14.666,5.363,321000,7230000,1.0,22356815,21814000,22071000,0.793,85854000,1760000,20487000,0,3.828,73358000
AWRE,MRY,2013-12-31,2013-12-31,2013-12-31,2018-04-28,-125000,89329000,89199000,79921000,9408000,0.217,3.772,-136000,72660000,72660000,3868000,2596000,19.207,0.049,0,0,0,0,1866000,458000,0,0.0,0.0,4513000,4971000,0.257,4971000,4513000,4513000,0.12,0.11,0.12,85150000,84481750,85150000,62489551,13,12.571,2693000,0.119,1.0,15489000,0.8,0,0,12508000,10482250,1601000,2754000,0,2754000,4179000,4161000,18000,137907551,1586000,0,65000,0,0,122000,-1365000,-891000,2829000,0,2596000,2596000,2596000,1156000,0,0.134,10171000,5318000,1516000,0.0,1.62,53.123,50.917,5582000,0,6.11,7.124,7.116,4582000,-16244000,19357000,19357000,4085000,0.029,0.031,0.431,0.233,662000,6866000,1.0,22570794,22543000,22641000,0.859,89329000,1145000,1917000,0,3.957,75760000
AWRE,MRY,2014-12-31,2014-12-31,2014-12-31,2018-04-28,-29000,55893000,73245250,48175000,7718000,0.324,2.303,-135000,43985000,43985000,5844000,4583000,14.045,0.067,0,0,0,0,2426000,541000,0,0.385,1.75,7255000,7796000,0.329,7796000,7255000,7255000,0.2,0.2,0.2,52389000,59797750,52389000,60026428,8,7.7,6121000,0.27,1.0,17876000,0.754,0,0,8478000,68250,0,1428000,0,1428000,3504000,3430000,74000,103533428,-28675000,0,508000,0,-39905000,-38355000,3424000,1432000,6256000,0,4583000,4583000,4583000,0,0,0.193,10787000,7089000,258000,8.75,1.976,22.591,22.7,5289000,0,4.54,4.365,4.345,3619000,-51566000,23720000,23720000,5505000,0.063,0.077,106.3,0.306,915000,7409000,1.0,22804720,22703000,22787000,1.045,55893000,972000,2672000,0,2.457,44745000
AWRE,MRY,2015-12-31,2015-12-31,2015-12-31,2018-04-28,-64000,63619000,58786250,56458000,7161000,0.334,2.45,-127000,51232000,51232000,2507000,4614000,7.727,0.132,0,0,0,0,6016000,640000,0,0.0,0.0,4078000,4718000,0.24,4718000,4078000,4078000,0.2,0.2,0.2,56181000,54251000,56181000,28330477,6,6.005,6557000,0.286,1.0,17114000,0.872,0,0,5080000,7674000,0,869000,0,869000,7438000,7307000,131000,74751477,7247000,0,40000,0,0,438000,125000,529000,6684000,0,4614000,4614000,4614000,0,0,0.235,13199000,3915000,234000,0.0,1.331,16.201,16.3,4977000,0,3.26,3.81,3.805,4743000,-46952000,19621000,19621000,5800000,0.078,0.085,0.531,0.208,689000,7442000,1.0,22929901,22899000,22965000,0.857,63619000,999000,-536000,236000,2.774,49151000
AWRE,MRY,2016-12-31,2016-12-31,2016-12-31,2018-04-28,-19000,61984000,63729000,55197000,6787000,0.338,2.569,-87000,51913000,51913000,2101000,4103000,14.038,0.072,0,0,0,0,2933000,622000,0,0.0,0.0,6188000,6810000,0.316,6810000,6188000,6188000,0.18,0.18,0.18,57841000,58043250,57841000,85777128,13,12.596,3727000,0.163,1.0,19465000,0.903,0,0,6139000,6015750,0,951000,0,951000,4143000,3932000,211000,138043128,681000,0,-3611000,0,0,-3046000,-87000,0,3814000,0,4103000,4103000,4103000,0,0,0.19,13557000,5908000,135000,0.0,2.387,33.644,33.889,4634000,0,6.1,6.401,6.457,3016000,-42849000,21566000,21566000,6938000,0.064,0.071,1.029,0.287,558000,7428000,1.0,22630021,22829000,22898000,0.945,61984000,1078000,2085000,0,2.753,51265000
AWRE,MRY,2017-12-31,2017-12-31,2017-12-31,2018-04-28,0,65035000,64422750,55642000,9393000,0.253,2.808,-82000,51608000,51608000,875000,1282000,12.721,0.074,0,0,0,0,2932000,518000,0,0.0,0.0,2247000,2765000,0.17,2765000,2247000,2247000,0.06,0.06,0.06,60534000,60272000,60534000,48131659,21,17.407,3587000,0.164,1.0,15407000,0.946,0,0,9053000,10638250,0,0,0,0,4501000,4374000,127000,97256659,-305000,0,-4725000,0,0,-4911000,937000,1019000,3669000,0,1282000,1282000,1282000,0,0,0.079,13597000,1810000,166000,0.0,1.607,75.863,75.0,4304000,0,4.5,5.973,6.029,3818000,-35927000,16282000,16282000,7769000,0.02,0.021,0.211,0.138,663000,7410000,1.0,21612591,21814000,21877000,0.746,65035000,5071000,965000,2000,3.017,51268000
