ticker,dimension,calendardate,datekey,reportperiod,lastupdated,accoci,assets,assetsavg,assetsc,assetsnc,assetturnover,bvps,capex,cashneq,cashnequsd,cor,consolinc,currentratio,de,debt,debtc,debtnc,debtusd,deferredrev,depamor,deposits,divyield,dps,ebit,ebitda,ebitdamargin,ebitdausd,ebitusd,ebt,eps,epsdil,epsusd,equity,equityavg,equityusd,ev,evebit,evebitda,fcf,fcfps,fxusd,gp,grossmargin,intangibles,intexp,invcap,invcapavg,inventory,investments,investmentsc,investmentsnc,liabilities,liabilitiesc,liabilitiesnc,marketcap,ncf,ncfbus,ncfcommon,ncfdebt,ncfdiv,ncff,ncfi,ncfinv,ncfo,ncfx,netinc,netinccmn,netinccmnusd,netincdis,netincnci,netmargin,opex,opinc,payables,payoutratio,pb,pe,pe1,ppnenet,prefdivis,price,ps,ps1,receivables,retearn,revenue,revenueusd,rnd,roa,roe,roic,ros,sbcomp,sgna,sharefactor,sharesbas,shareswa,shareswadil,sps,tangibles,taxassets,taxexp,taxliabilities,tbvps,workingcapital
AXR,MRY,2011-12-31,2011-04-30,2011-04-30,2018-03-19,-9140000,206614000,209659500,,,0.462,13.166,-1012000,25756000,25756000,88700000,-7561000,,1.617,23985000,,,23985000,0,5899000,0,0.0,0.0,-9008000,-3109000,-0.032,-3109000,-9008000,-10773000,-1.26,-1.26,-1.26,78946000,84974000,78946000,55641120,-6,-17.897,4889000,0.815,1.0,8137000,0.084,16118000,1765000,188725000,187874250,75247000,11139000,,,127668000,,,59962120,225000,0,0,-4669000,0,-4669000,-1007000,0,5901000,0,-7561000,-7561000,-7561000,0,0,-0.078,17145000,-9008000,87450000,0.0,0.76,-7.93,-7.937,28150000,0,10.0,0.619,0.619,45306000,67901000,96837000,96837000,0,-0.036,-0.089,-0.048,-0.093,0,4443000,1.0,5996212,5996000,5996000,16.15,190496000,4898000,-3212000,43000,31.771,
AXR,MRY,2012-12-31,2012-04-30,2012-04-30,2018-03-19,-12298000,203039000,190461250,,,0.448,12.449,-1073000,27847000,27847000,79382000,-1143000,,1.72,21325000,,,21325000,0,4979000,0,0.0,0.0,-636000,4343000,0.051,4343000,-636000,-2039000,-0.19,-0.19,-0.19,74645000,78124000,74645000,41665567,-65,9.594,4739000,0.79,1.0,5978000,0.07,13980000,1403000,182537000,169837250,75401000,11262000,,,128394000,,,46590567,2091000,0,0,-2660000,0,-2660000,-1061000,0,5812000,0,-1143000,-1143000,-1143000,0,0,-0.013,6614000,-636000,85720000,0.0,0.624,-40.762,-40.895,25924000,0,7.77,0.546,0.546,40599000,66758000,85360000,85360000,0,-0.006,-0.015,-0.004,-0.007,0,4420000,1.0,5996212,5996000,5996000,14.236,189059000,8026000,-896000,435000,31.531,
AXR,MRY,2013-12-31,2013-04-30,2013-04-30,2018-03-19,-11564000,195856000,200295000,,,0.414,12.098,-1049000,13714000,13714000,78701000,-2838000,,1.7,20978000,,,20978000,0,3762000,0,0.0,0.0,-3086000,676000,0.008,676000,-3086000,-4597000,-0.47,-0.47,-0.47,72541000,73801750,72541000,62425908,-20,92.346,-12663000,-2.112,1.0,4300000,0.052,14975000,1511000,188145000,193197250,73906000,10876000,,,123315000,,,53965908,-14133000,-1123000,0,-347000,0,-347000,-2172000,0,-11614000,0,-2838000,-2838000,-2838000,0,0,-0.034,7386000,-3086000,85340000,0.0,0.744,-19.015,-19.149,25286000,0,9.0,0.65,0.65,47310000,63920000,83001000,83001000,0,-0.014,-0.038,-0.016,-0.037,0,4537000,1.0,5996212,5996000,5996000,13.843,180881000,9789000,-1759000,0,30.167,
AXR,MRY,2014-12-31,2014-04-30,2014-04-30,2018-03-19,-9175000,186105000,196364000,,,0.317,11.035,-1259000,7571000,7571000,55294000,-2939000,,1.347,19545000,,,19545000,0,3190000,0,0.0,0.0,-1785000,1405000,0.023,1405000,-1785000,-3506000,-0.42,-0.42,-0.42,79301000,79128000,79301000,38891189,-21,27.681,4236000,0.606,1.0,6903000,0.111,12643000,1721000,185436000,186903500,71289000,16010000,,,106804000,,,39241189,5004000,0,7144000,-814000,0,768000,-1259000,0,5495000,0,-2939000,-2939000,-2939000,2292000,0,-0.047,6396000,507000,12439000,0.0,0.495,-13.352,-12.952,17222000,0,5.44,0.631,0.611,10956000,45683000,62197000,62197000,0,-0.015,-0.037,-0.01,-0.029,47000,3548000,1.0,7213454,6988000,6988000,8.901,173462000,8077000,-567000,0,24.139,
AXR,MRY,2015-12-31,2015-04-30,2015-04-30,2018-03-19,-10833000,138729000,151083250,,,0.33,11.63,-1127000,12050000,12050000,46205000,11320000,,0.487,18090000,,,18090000,0,3264000,0,0.0,0.0,10803000,14067000,0.283,14067000,10803000,9188000,1.43,1.43,1.43,93321000,90957250,93321000,44561479,4,3.168,8835000,1.116,1.0,3585000,0.072,10440000,1615000,134329000,144410000,66321000,15364000,,,45408000,,,41168479,4479000,0,0,-1455000,0,-4356000,-1127000,0,9962000,0,11320000,11320000,11320000,-14904000,0,0.227,7686000,-4101000,10284000,0.0,0.441,3.637,3.573,15763000,0,5.11,0.827,0.813,11265000,57003000,49790000,49790000,0,0.075,0.124,0.075,0.217,122000,3717000,1.0,8056454,7919000,7919000,6.287,128289000,5837000,-2132000,653000,15.988,
AXR,MRY,2016-12-31,2016-04-30,2016-04-30,2018-03-19,-11101000,120628000,130991000,,,0.318,10.3,-798000,14562000,14562000,40680000,-10224000,,0.456,12939000,,,12939000,0,2977000,0,0.0,0.0,-14074000,-11097000,-0.266,-11097000,-14074000,-15435000,-1.27,-1.27,-1.27,82844000,89348500,82844000,38811570,-2,-3.497,2669000,0.332,1.0,984000,0.024,0,1361000,119005000,127810500,61663000,10326000,,,37784000,,,35864570,2512000,0,0,-5151000,0,-3757000,2802000,3600000,3467000,0,-10224000,-10224000,-10224000,0,0,-0.245,15058000,-14074000,8453000,0.0,0.433,-3.508,-3.504,11997000,0,4.45,0.861,0.858,7271000,46779000,41664000,41664000,0,-0.078,-0.114,-0.11,-0.338,68000,3125000,1.0,8059454,8037000,8059000,5.184,120628000,11331000,-5211000,0,14.998,
AXR,MRY,2017-12-31,2017-04-30,2017-04-30,2018-03-19,-9240000,106676000,110576500,,,0.383,10.536,-249000,11811000,11811000,36298000,-15000,,0.257,0,,,0,0,1396000,0,0.0,0.0,1315000,2711000,0.064,2711000,1315000,982000,0.0,0.0,0.0,84833000,83986000,84833000,39381503,29,14.527,10188000,1.265,1.0,6070000,0.143,0,333000,94865000,102066250,56090000,9715000,,,21843000,,,48548503,-2751000,0,0,-12939000,0,-12939000,-249000,0,10437000,0,-15000,-15000,-15000,0,0,0.0,4755000,1315000,7035000,,0.572,-3236.567,,10852000,0,6.01,1.146,1.142,6379000,46764000,42368000,42368000,0,0.0,0.0,0.013,0.031,117000,3161000,1.0,8077954,8052000,8077000,5.262,106676000,9519000,997000,465000,13.248,
