ticker,dimension,calendardate,datekey,reportperiod,lastupdated,accoci,assets,assetsavg,assetsc,assetsnc,assetturnover,bvps,capex,cashneq,cashnequsd,cor,consolinc,currentratio,de,debt,debtc,debtnc,debtusd,deferredrev,depamor,deposits,divyield,dps,ebit,ebitda,ebitdamargin,ebitdausd,ebitusd,ebt,eps,epsdil,epsusd,equity,equityavg,equityusd,ev,evebit,evebitda,fcf,fcfps,fxusd,gp,grossmargin,intangibles,intexp,invcap,invcapavg,inventory,investments,investmentsc,investmentsnc,liabilities,liabilitiesc,liabilitiesnc,marketcap,ncf,ncfbus,ncfcommon,ncfdebt,ncfdiv,ncff,ncfi,ncfinv,ncfo,ncfx,netinc,netinccmn,netinccmnusd,netincdis,netincnci,netmargin,opex,opinc,payables,payoutratio,pb,pe,pe1,ppnenet,prefdivis,price,ps,ps1,receivables,retearn,revenue,revenueusd,rnd,roa,roe,roic,ros,sbcomp,sgna,sharefactor,sharesbas,shareswa,shareswadil,sps,tangibles,taxassets,taxexp,taxliabilities,tbvps,workingcapital
AZZ,MRY,2011-12-31,2011-02-28,2011-02-28,2018-05-15,920063,566524841,455146341,284019135,282505706,0.836,10.272,-16175571,138389837,138389837,273006712,34962641,4.881,1.213,225000000,0,225000000,225000000,127360,22166082,7308909,0.023,0.5,62688572,84854654,0.223,84854654,62688572,54958016,1.4,1.39,1.4,256017873,244930880,256017873,626514010,9,7.383,25909784,1.04,1.0,107642695,0.283,157144071,7730556,437804703,332770664,59552392,0,0,0,310506968,58186230,252320738,533166983,27782808,-104091416,379955,117700000,-12466812,106089395,-120266987,0,42085355,-124955,34962641,34962641,34962641,0,0,0.092,45029177,62613518,21713896,0.357,2.083,15.25,15.236,125361635,0,21.33,1.401,1.397,77825469,218889963,380649407,380649407,0,0.077,0.143,0.188,0.165,3146002,46645119,1.0,24996108,24922700,25201308,15.273,409380770,7003167,19995375,30159639,16.426,225832905
AZZ,MRY,2012-12-31,2012-02-29,2012-02-29,2018-05-15,1303974,606774565,588566165,302735899,304038666,0.797,11.444,-19482896,143302666,143302666,344525516,40735796,3.882,1.11,225000000,14285714,210714286,225000000,987771,22594687,11267525,0.02,0.5,77580054,100174741,0.214,100174741,77580054,63640905,1.62,1.61,1.62,287608765,275004495,287608765,696548720,8,6.953,44581932,1.774,1.0,124586894,0.266,168211963,13939149,442281359,433039988,60281130,0,0,0,319165800,77978577,241187223,631647273,4912829,-27362834,48,0,-12565821,-12366346,-46845730,0,64064828,60077,40735796,40735796,40735796,0,0,0.087,46840657,77746237,24401194,0.309,2.196,15.506,15.494,135826703,0,25.1,1.346,1.345,88685464,247059938,469112410,469112410,0,0.069,0.148,0.179,0.165,2927917,48864886,1.0,25165230,25131754,25362120,18.666,438562602,7654781,22905109,31471433,17.451,224757322
AZZ,MRY,2013-12-31,2013-02-28,2013-02-28,2018-05-15,-3189350,694204814,655674852,262431939,431772875,0.87,13.189,-13084000,55597751,55597751,406421000,60456000,2.207,1.079,210714285,14285714,196428571,210714285,1769656,29363000,39168672,0.012,0.53,107442000,136805000,0.24,136805000,107442000,94369000,2.39,2.37,2.39,333934474,319360030,333934474,1294543811,12,9.463,79654000,3.146,1.0,164173000,0.288,277296655,13073000,453125485,447698475,82330926,0,0,0,360270340,118899208,241371132,1133335346,-87705000,-137058000,16000,-18136000,-13423000,-30360000,-150142000,0,92738000,59000,60456000,60456000,60456000,0,0,0.106,66189000,97984000,28921539,0.222,3.394,18.746,18.686,154476220,0,44.66,1.986,1.982,110735261,294092945,570594000,570594000,0,0.092,0.189,0.24,0.188,3175000,66189000,1.0,25376967,25320000,25561000,22.535,416908159,7615525,33913000,36972005,16.466,143532731
AZZ,MRY,2014-12-31,2014-02-28,2014-02-28,2018-05-15,-11018000,953253000,977110026,296181000,657072000,0.769,14.734,-35267000,27565000,27565000,546018000,59597000,2.057,1.536,405616000,20848000,384768000,405616000,3018000,43305000,33733000,0.013,0.56,112318000,155623000,0.207,155623000,112318000,93911000,2.34,2.32,2.34,375913000,363765920,375913000,1518739140,13,9.759,72008000,2.822,1.0,205705000,0.274,459433000,18407000,727855000,760100551,107581000,0,0,0,577340000,144016000,433324000,1133132818,-28033000,-275702000,0,194902000,-14290000,176333000,-310969000,0,107275000,-672000,59597000,59597000,59597000,0,0,0.079,105591000,100114000,38833000,0.239,3.014,19.013,18.962,197639000,0,44.37,1.507,1.506,143350000,339400000,751723000,751723000,0,0.061,0.164,0.148,0.149,3703000,105591000,1.0,25538265,25514000,25693000,29.463,493820000,7801000,34314000,44794000,19.355,152165000
AZZ,MRY,2015-12-31,2015-02-28,2015-02-28,2018-05-15,-22832000,936914000,967895159,298634000,638280000,0.847,16.36,-28047000,22527000,22527000,612919000,65616000,2.002,1.23,337848000,21866000,315982000,337848000,4674000,46089000,28401000,0.013,0.58,107768000,153857000,0.188,153857000,107768000,91207000,2.56,2.55,2.56,420052000,407610381,420052000,1502638731,13,9.766,90110000,3.51,1.0,206773000,0.252,441697000,16561000,661396000,703021580,107697000,0,0,0,516862000,149142000,367720000,1167969531,-5038000,-11518000,0,-67776000,-14897000,-82414000,-39565000,0,118157000,-1216000,65616000,65616000,65616000,0,0,0.08,98871000,107902000,49580000,0.227,2.781,17.8,17.742,196583000,0,45.42,1.425,1.423,159314000,389446000,819692000,819692000,0,0.068,0.161,0.153,0.131,4080000,98871000,1.0,25714873,25676000,25778000,31.924,495217000,4526000,25591000,54626000,19.287,149492000
AZZ,MRY,2016-12-31,2016-02-29,2016-02-29,2018-05-15,-30560000,988201000,988590000,315525000,672676000,0.9,18.774,-38724000,40191000,40191000,661282000,75544000,2.11,1.04,325621000,23192000,302429000,325621000,20302000,47417000,0,0.012,0.6,117530000,164947000,0.185,164947000,117530000,102375000,2.93,2.91,2.93,484370000,459451500,484370000,1609027803,13,9.755,104865000,4.065,1.0,228118000,0.256,446343000,15155000,677739000,696606750,77131000,0,0,0,503831000,149549000,354282000,1304768803,17664000,-60584000,0,-10866000,-15482000,-25323000,-99308000,0,143589000,-1294000,75544000,75544000,75544000,0,0,0.085,107823000,120295000,46748000,0.205,2.694,17.272,17.235,226333000,0,50.5,1.467,1.465,194898000,453908000,889400000,889400000,0,0.076,0.164,0.169,0.132,4538000,107823000,1.0,25837006,25800000,25937000,34.473,541858000,200000,26831000,54550000,21.002,165976000
AZZ,MRY,2017-12-31,2017-02-28,2017-02-28,2018-05-15,-29094000,978354000,999592750,297052000,681302000,0.864,20.533,-40665000,11302000,11302000,658206000,61264000,2.172,0.835,271429000,16629000,254800000,271429000,20617000,50357000,1459000,0.011,0.64,100029000,150386000,0.174,150386000,100029000,85297000,2.36,2.35,2.36,533136000,516546250,533136000,1819873639,18,12.101,70511000,2.716,1.0,205332000,0.238,452692000,14732000,649019000,681220000,94007000,0,0,0,445218000,136770000,308448000,1522198639,-28889000,-22679000,-5282000,-54692000,-16645000,-76619000,-63344000,0,111176000,-102000,61264000,61264000,61264000,0,0,0.071,106424000,98908000,49816000,0.271,2.855,24.847,24.852,228610000,0,58.65,1.763,1.763,188732000,498527000,863538000,863538000,0,0.061,0.119,0.147,0.116,5870000,106424000,1.0,25953941,25965000,26097000,33.258,525662000,249000,24033000,54426000,20.245,160282000
AZZ,MRY,2018-12-31,2018-02-28,2018-02-28,2018-05-15,-25220000,1028209000,1017947000,329154000,699055000,0.796,21.764,-29154000,20853000,20853000,650121000,45169000,2.499,0.819,300895000,14286000,286609000,300895000,22698000,50526000,1816000,0.017,0.68,44759000,95285000,0.118,95285000,44759000,30899000,1.74,1.73,1.74,565203000,549194250,565203000,1358779044,30,14.26,49755000,1.916,1.0,160309000,0.198,482200000,13860000,694312000,716186250,110761000,0,0,0,463006000,131739000,331267000,1060520044,9551000,-44785000,-7518000,28996000,-17678000,3800000,-73939000,0,78909000,781000,45169000,45169000,45169000,0,0,0.056,112061000,48248000,54162000,0.391,1.876,23.479,23.477,216855000,0,40.85,1.309,1.309,193275000,526018000,810430000,810430000,0,0.044,0.082,0.062,0.055,6121000,112061000,1.0,25961323,25970000,26036000,31.206,546009000,0,-14270000,33106000,21.025,197415000
