ticker,dimension,calendardate,datekey,reportperiod,lastupdated,accoci,assets,assetsavg,assetsc,assetsnc,assetturnover,bvps,capex,cashneq,cashnequsd,cor,consolinc,currentratio,de,debt,debtc,debtnc,debtusd,deferredrev,depamor,deposits,divyield,dps,ebit,ebitda,ebitdamargin,ebitdausd,ebitusd,ebt,eps,epsdil,epsusd,equity,equityavg,equityusd,ev,evebit,evebitda,fcf,fcfps,fxusd,gp,grossmargin,intangibles,intexp,invcap,invcapavg,inventory,investments,investmentsc,investmentsnc,liabilities,liabilitiesc,liabilitiesnc,marketcap,ncf,ncfbus,ncfcommon,ncfdebt,ncfdiv,ncff,ncfi,ncfinv,ncfo,ncfx,netinc,netinccmn,netinccmnusd,netincdis,netincnci,netmargin,opex,opinc,payables,payoutratio,pb,pe,pe1,ppnenet,prefdivis,price,ps,ps1,receivables,retearn,revenue,revenueusd,rnd,roa,roe,roic,ros,sbcomp,sgna,sharefactor,sharesbas,shareswa,shareswadil,sps,tangibles,taxassets,taxexp,taxliabilities,tbvps,workingcapital
BASI,MRY,2011-12-31,2011-09-30,2011-09-30,2018-05-15,51000,32346000,31163000,10373000,21973000,1.064,2.523,-1174000,2963000,2963000,22638000,2302000,0.932,1.262,9607000,2694000,6913000,9607000,0,2134000,3571000,0.0,0.0,3058000,5192000,0.157,5192000,3058000,2352000,-0.74,-0.74,-0.74,14300000,13279250,14300000,13748888,4,2.648,-86000,-0.015,1.0,10506000,0.317,1437000,706000,26420000,25926750,1636000,0,0,0,18046000,11133000,6913000,8225888,1541000,0,4606000,-2946000,0,1660000,-1174000,0,1088000,-33000,2302000,2302000,2302000,0,0,0.069,9219000,1287000,1764000,0.0,0.575,3.573,-1.608,20399000,0,1.19,0.248,0.203,5189000,-8176000,33144000,33144000,534000,0.074,0.173,0.118,0.092,153000,8685000,1.0,6912511,5667000,5667000,5.849,30909000,0,50000,56000,5.454,-760000
BASI,MRY,2012-12-31,2012-09-30,2012-09-30,2018-05-15,29000,26975000,29279750,6892000,20083000,0.963,1.133,-860000,721000,721000,21370000,-6317000,0.547,2.22,8355000,2357000,5998000,8355000,0,2278000,3012000,0.0,0.0,-5601000,-3323000,-0.118,-3323000,-5601000,-6315000,-0.88,-0.88,-0.88,8377000,11674000,8377000,17917223,-3,-5.392,-1060000,-0.148,1.0,6838000,0.242,1383000,714000,20626000,20330000,1656000,0,0,0,18598000,12600000,5998000,9500223,-2242000,0,0,-1292000,0,-1164000,-860000,0,-200000,-18000,-6317000,-6317000,-6317000,0,0,-0.224,12524000,-5686000,3934000,0.0,1.134,-1.504,-1.477,18628000,0,1.3,0.337,0.33,4287000,-14493000,28208000,28208000,542000,-0.216,-0.541,-0.276,-0.199,83000,8787000,1.0,7307864,7158000,7158000,3.941,25592000,0,2000,17000,3.461,-5708000
BASI,MRY,2013-12-31,2013-09-30,2013-09-30,2018-05-15,32000,25597000,24906500,7233000,18364000,0.886,1.23,12000,1304000,1304000,15013000,773000,0.656,1.706,7408000,2296000,5112000,7408000,0,1723000,2815000,0.0,0.0,1438000,3161000,0.143,3161000,1438000,789000,0.1,0.09,0.1,9459000,8989750,9459000,17447193,12,5.52,1606000,0.21,1.0,7055000,0.32,1383000,649000,19292000,15932750,1379000,0,0,0,16138000,11026000,5112000,10358193,583000,0,0,-1022000,0,-1022000,12000,0,1594000,-1000,773000,773000,773000,0,0,0.035,6225000,830000,3584000,0.0,1.095,13.4,13.5,16913000,0,1.35,0.469,0.469,4312000,-13720000,22068000,22068000,454000,0.031,0.086,0.09,0.065,225000,5771000,1.0,7672736,7664000,8371000,2.879,24214000,0,16000,30000,3.15,-3793000
BASI,MRY,2014-12-31,2014-09-30,2014-09-30,2018-05-15,7000,23774000,24250250,6655000,17119000,1.014,1.181,-490000,981000,981000,16622000,-1070000,0.703,1.493,6017000,1267000,4750000,6017000,0,1597000,2990000,0.0,0.0,-575000,1022000,0.042,1022000,-575000,-1063000,-0.13,-0.13,-0.13,9536000,9460750,9536000,23998024,-41,23.481,1194000,0.15,1.0,7962000,0.324,1009000,488000,18334000,16003250,1564000,0,0,0,14238000,9467000,4771000,18648024,-323000,0,3000,-1699000,0,-1513000,-490000,0,1684000,-4000,-1070000,-1070000,-1070000,0,0,-0.044,7628000,334000,2672000,0.0,1.956,-17.428,-17.769,15949000,0,2.31,0.759,0.748,3435000,-14790000,24584000,24584000,658000,-0.044,-0.113,-0.036,-0.023,84000,6596000,1.0,8072738,7960000,7960000,3.088,22765000,0,7000,20000,2.82,-2812000
BASI,MRY,2015-12-31,2015-09-30,2015-09-30,2018-05-15,53000,23815000,23484000,6676000,17139000,0.967,1.324,-1434000,438000,438000,15209000,1099000,0.718,1.22,4836000,1102000,3734000,4836000,0,1437000,3414000,0.0,0.0,1401000,2838000,0.125,2838000,1401000,1114000,0.14,0.07,0.14,10728000,10480750,10728000,18193461,12,6.411,670000,0.083,1.0,7489000,0.33,1009000,287000,17901000,18342250,1466000,0,0,0,13087000,9303000,3784000,13697461,-543000,0,0,-1181000,0,-1213000,-1434000,0,2104000,0,1099000,1099000,1099000,0,0,0.048,6580000,909000,1741000,0.0,1.277,12.464,12.071,15989000,0,1.69,0.603,0.602,3999000,-13691000,22698000,22698000,715000,0.047,0.105,0.076,0.062,79000,6470000,1.0,8105007,8084000,8791000,2.808,22806000,0,15000,30000,2.814,-2627000
BASI,MRY,2016-12-31,2016-09-30,2016-09-30,2018-05-15,-35000,21129000,22363500,4877000,16252000,0.914,0.92,-1256000,386000,386000,16016000,-3230000,0.362,1.833,5338000,5140000,198000,5338000,0,1556000,3114000,0.0,0.0,-2845000,-1289000,-0.063,-1289000,-2845000,-3244000,-0.4,-0.4,-0.4,7458000,9247750,7458000,14629691,-5,-11.35,-196000,-0.024,1.0,4425000,0.216,38000,399000,12570000,13640250,1453000,0,0,0,13671000,13473000,198000,9323691,-52000,0,3000,141000,0,144000,-1256000,0,1060000,0,-3230000,-3230000,-3230000,0,0,-0.158,7465000,-3040000,2965000,0.0,1.25,-2.887,-2.875,16136000,0,1.15,0.456,0.456,2240000,-16921000,20441000,20441000,496000,-0.144,-0.349,-0.209,-0.139,45000,5998000,1.0,8107558,8107000,8107000,2.521,21091000,0,-14000,13000,2.602,-8596000
BASI,MRY,2017-12-31,2017-09-30,2017-09-30,2018-05-15,0,20417000,20729750,5306000,15111000,1.169,1.027,-339000,434000,434000,16545000,884000,0.687,1.411,4579000,352000,4227000,4579000,0,1680000,2980000,0.0,0.0,1283000,2963000,0.122,2963000,1283000,908000,0.11,0.1,0.11,8467000,8032750,8467000,18497456,14,6.243,897000,0.11,1.0,7697000,0.318,38000,375000,16801000,14417000,913000,0,0,0,11950000,7723000,4227000,14500456,48000,0,71000,-920000,0,-849000,-339000,0,1236000,0,884000,884000,884000,0,0,0.036,6419000,1278000,2052000,0.0,1.713,16.403,16.0,14965000,0,1.76,0.598,0.594,3145000,-16037000,24242000,24242000,465000,0.043,0.11,0.089,0.053,19000,5954000,1.0,8238896,8178000,8733000,2.964,20379000,0,24000,20000,2.473,-2417000
