ticker,dimension,calendardate,datekey,reportperiod,lastupdated,accoci,assets,assetsavg,assetsc,assetsnc,assetturnover,bvps,capex,cashneq,cashnequsd,cor,consolinc,currentratio,de,debt,debtc,debtnc,debtusd,deferredrev,depamor,deposits,divyield,dps,ebit,ebitda,ebitdamargin,ebitdausd,ebitusd,ebt,eps,epsdil,epsusd,equity,equityavg,equityusd,ev,evebit,evebitda,fcf,fcfps,fxusd,gp,grossmargin,intangibles,intexp,invcap,invcapavg,inventory,investments,investmentsc,investmentsnc,liabilities,liabilitiesc,liabilitiesnc,marketcap,ncf,ncfbus,ncfcommon,ncfdebt,ncfdiv,ncff,ncfi,ncfinv,ncfo,ncfx,netinc,netinccmn,netinccmnusd,netincdis,netincnci,netmargin,opex,opinc,payables,payoutratio,pb,pe,pe1,ppnenet,prefdivis,price,ps,ps1,receivables,retearn,revenue,revenueusd,rnd,roa,roe,roic,ros,sbcomp,sgna,sharefactor,sharesbas,shareswa,shareswadil,sps,tangibles,taxassets,taxexp,taxliabilities,tbvps,workingcapital
BBD,MRY,2011-12-31,2011-12-31,2011-12-31,2018-04-30,1751059000,720966589000,661960306500,,,0.078,9.698,-1588051000,93722190000,50245829967,0,11089442000,,11.187,26910091000,,,14426891398,0,2117666000,420971850000,0.033,0.349,14479854000,16597520000,0.321,8898172010,7762860449,14479854000,1.559,1.559,0.836,59139046000,55095140000,31705303191,,,,-38826628000,-6.367,1.865,51745602000,1.0,7046256000,0,647108234000,595002494500,0,466552892000,,,661584495000,,,63681590899,587515000,236054000,-173060000,2963175000,-3568337000,20965444000,16860648000,14199213000,-37238577000,0,10958054000,10958054000,5874772218,0,131388000,0.212,37938180000,13807422000,0,0.418,2.009,10.84,12.495,4258456000,0,10.443,2.296,2.296,0,632096000,51745602000,27741570268,0,0.017,0.199,0.024,0.28,0,22475064000,1.0,6097855934,6097855934,,4.549,713920333000,21554987000,3521800000,4940903000,117.077,
BBD,MRY,2012-12-31,2012-12-31,2012-12-31,2018-04-30,6396736000,799540624000,760253606500,,,0.079,11.666,-1306763000,59901564000,29240372529,0,11351694000,,10.236,34851714000,,,17012529099,0,2488182000,431717617000,0.024,0.256,15381324000,17869506000,0.296,8722827543,7508245423,15381324000,1.923,1.923,0.939,71137709000,65138377500,34725188678,30981895480,4,3.552,50167838000,8.227,2.049,60437970000,1.0,7617873000,0,766872901000,706990567500,0,561678358000,,,728194234000,,,66315901313,10574092000,1329393000,-43586000,8504176000,-3839385000,3850139000,-44750648000,-47141890000,51474601000,0,11291570000,11291570000,5511871330,0,60124000,0.187,45976734000,14461236000,0,0.273,1.91,12.031,11.586,4524827000,0,10.875,2.248,2.248,0,542422000,60437970000,29502213960,0,0.015,0.173,0.022,0.254,0,23362991000,1.0,6097855934,6097855934,,4.838,791922751000,23208095000,4089754000,6380355000,129.869,
BBD,MRY,2013-12-31,2013-12-31,2013-12-31,2018-04-30,-1102887000,838301614000,818921119000,,,0.071,11.79,-1028574000,67450363000,28570009064,0,12486138000,,10.659,35885003000,,,15199842008,0,2740830000,459318430000,0.157,1.232,14228951000,16969781000,0.294,7187904933,6026969180,14228951000,1.934,1.934,0.819,71884306000,71511007500,30448098166,35285195067,5,4.909,97464224000,15.985,2.361,57749377000,1.0,8220739000,0,798515515000,782694208000,0,573233864000,,,766198688000,,,47832182145,68931058000,767765000,-71792000,-1048731000,-4362781000,-6375062000,-23186678000,-25282630000,98492798000,1339711000,12395920000,12395920000,5250550642,0,90218000,0.215,44492895000,13256482000,0,1.504,1.571,9.11,9.577,4501967000,0,7.845,1.955,1.955,0,927314000,57749377000,24460953966,0,0.015,0.173,0.018,0.246,0,24505955000,1.0,6097171693,6097171693,,4.012,830080875000,30954195000,1833031000,3882800000,136.142,
BBD,MRY,2014-12-31,2014-12-31,2014-12-31,2018-04-30,-659501000,930451016000,884376315000,,,0.077,12.227,-1296128000,65430300000,24572241043,0,15416478000,,10.322,35821666000,,,13452767472,0,2932687000,489971732000,0.035,0.297,19229256000,22161943000,0.326,8322881071,7221515315,19229256000,2.174,2.174,0.816,82167741000,77026023500,30857959352,42125283551,5,5.061,79502995000,11.831,2.663,68027291000,1.0,7529915000,0,893312467000,845913991000,0,629553479000,,,848159211000,,,56252614713,86355268000,844951000,-420314000,-2706203000,-3925450000,8999501000,-3443356000,-10865381000,80799123000,618226000,15314943000,15314943000,5751501536,0,101535000,0.225,50086316000,17940975000,0,0.364,1.823,9.781,10.253,4700518000,0,8.371,2.202,2.202,0,1153439000,68027291000,25547536722,0,0.017,0.199,0.023,0.283,0,26639160000,1.0,6720020659,6720020659,,3.802,922921101000,34518374000,3914313000,4410511000,137.339,
BBD,MRY,2015-12-31,2015-12-31,2015-12-31,2018-04-30,-4002724000,1026703522000,978577269000,,,0.068,16.212,-1976455000,72091764000,18258970142,0,18237905000,,10.307,50282936000,,,12735360825,0,2942003000,488413491000,0.084,0.303,9498584000,12440587000,0.187,3150877353,2405744457,9498584000,2.84,2.84,0.719,90789427000,86478584000,22994602224,10281417785,4,3.263,-63330620000,-11.309,3.948,66507257000,1.0,7409635000,0,997485059000,945398763000,0,703626658000,,,935788760000,,,20237494029,-60321202000,-971672000,-133033000,10033057000,-5007596000,12994265000,-11961302000,-20074720000,-61354165000,2911155000,18132906000,18132906000,4592593812,0,104999000,0.273,58431725000,8075532000,0,0.421,0.88,4.407,5.024,5504435000,0,3.614,1.201,1.201,0,2096710000,66507257000,16844559661,0,0.019,0.21,0.01,0.143,0,27780017000,1.0,5600021736,5600021736,,3.008,1019293887000,52215306000,-8634322000,3553242000,182.016,
BBD,MRY,2016-12-31,2016-12-31,2016-12-31,2018-04-30,-398708000,1192029656000,1109366589000,,,0.087,17.297,-2293018000,72554651000,22286791890,0,17992726000,,11.32,52611064000,,,16160670864,0,3657146000,534410611000,0.046,0.333,31806979000,35464125000,0.368,10893603133,9770228536,31806979000,2.8,2.8,0.86,105302444000,98045935500,32346012594,37894206854,3,3.479,51666200000,8.486,3.256,96371930000,1.0,15797526000,0,1156288543000,1076886801000,0,838404376000,,,1192029656000,,,43824063834,39586740000,-7565093000,-9466000,3205494000,-5611350000,-23524819000,9152341000,8685938000,53959218000,-5617747000,17894249000,17894249000,5496620795,0,98477000,0.186,66166199000,30205731000,0,0.387,1.355,7.973,8.369,8397116000,0,7.198,1.48,1.48,0,4907381000,96371930000,29602804484,0,0.016,0.183,0.03,0.33,0,33153346000,1.0,6088073161,6088073161,,4.862,1176232130000,52840074000,13912730000,3893234000,193.203,
BBD,MRY,2017-12-31,2017-12-31,2017-12-31,2018-04-30,1817659000,1224353440000,1208191548000,,,0.075,17.538,-1452298000,81742951000,24686805689,0,17314603000,,10.429,50179401000,,,15154445820,0,4568568000,547965913000,0.03,0.283,23518320000,28086888000,0.308,8482389466,7102657646,23518320000,2.67,2.67,0.806,117403831000,111353137500,35456580997,56029719362,7,6.605,34099490000,5.094,3.311,91193634000,1.0,16179307000,0,1176610583000,1166449563000,0,827392088000,,,1224353440000,,,62316708517,-25982297000,-83172000,0,-2071428000,-6512102000,-43304122000,-18229963000,-25686328000,35551788000,806312000,17089364000,17089364000,5161078762,0,225239000,0.187,69168486000,22025148000,0,0.351,1.758,12.074,11.545,8432475000,0,9.309,2.263,2.263,0,7338990000,91193634000,27540962188,0,0.014,0.153,0.02,0.258,0,37605726000,1.0,6694177672,6694177672,,4.114,1208174133000,54256486000,6428956000,3668192000,180.481,
