ticker,dimension,calendardate,datekey,reportperiod,lastupdated,accoci,assets,assetsavg,assetsc,assetsnc,assetturnover,bvps,capex,cashneq,cashnequsd,cor,consolinc,currentratio,de,debt,debtc,debtnc,debtusd,deferredrev,depamor,deposits,divyield,dps,ebit,ebitda,ebitdamargin,ebitdausd,ebitusd,ebt,eps,epsdil,epsusd,equity,equityavg,equityusd,ev,evebit,evebitda,fcf,fcfps,fxusd,gp,grossmargin,intangibles,intexp,invcap,invcapavg,inventory,investments,investmentsc,investmentsnc,liabilities,liabilitiesc,liabilitiesnc,marketcap,ncf,ncfbus,ncfcommon,ncfdebt,ncfdiv,ncff,ncfi,ncfinv,ncfo,ncfx,netinc,netinccmn,netinccmnusd,netincdis,netincnci,netmargin,opex,opinc,payables,payoutratio,pb,pe,pe1,ppnenet,prefdivis,price,ps,ps1,receivables,retearn,revenue,revenueusd,rnd,roa,roe,roic,ros,sbcomp,sgna,sharefactor,sharesbas,shareswa,shareswadil,sps,tangibles,taxassets,taxexp,taxliabilities,tbvps,workingcapital
BBRG,MRY,2011-12-31,2011-12-25,2011-12-25,2018-05-05,0,247626000,220309250,25177000,222449000,1.676,4.353,-35542000,10093000,10093000,279105000,76444000,0.489,1.928,32571000,1714000,30857000,32571000,10863000,17350000,0,0.0,0.0,21467000,38817000,0.105,38817000,21467000,19756000,3.96,3.72,3.96,84584000,62791750,84584000,337940697,15,8.706,16056000,0.831,1.0,90140000,0.244,0,1711000,218647000,201682250,2767000,0,0,0,163042000,51457000,111585000,309680697,7633000,0,213000,-8429000,0,-8423000,-35542000,0,51598000,0,76444000,76444000,76444000,0,0,0.207,68673000,21467000,13058000,0.0,3.661,4.051,4.023,163208000,0,15.93,0.839,0.834,7622000,-108450000,369245000,369245000,0,0.347,1.217,0.106,0.058,1731000,44658000,1.0,19440094,19322000,20550000,19.11,247626000,58139000,-56688000,0,12.745,-26280000
BBRG,MRY,2012-12-31,2012-12-30,2012-12-30,2018-05-05,0,263338000,254159250,30957000,232381000,1.609,5.1,-36387000,13717000,13717000,308649000,16148000,0.545,1.626,23086000,2704000,20382000,23086000,12210000,19291000,0,0.0,0.0,23153000,42444000,0.104,42444000,23153000,21800000,0.82,0.78,0.82,100283000,95692000,100283000,275721008,11,6.496,15913000,0.813,1.0,100416000,0.245,0,1353000,215944000,219016500,3023000,0,0,0,163055000,56763000,106292000,260216008,3624000,0,-2544000,-9485000,0,-12289000,-36387000,0,52300000,0,16148000,16148000,16148000,0,0,0.039,77263000,23153000,10695000,0.0,2.595,16.114,16.073,175969000,0,13.18,0.636,0.631,9366000,-92302000,409065000,409065000,0,0.064,0.169,0.106,0.057,2355000,49772000,1.0,19743248,19584000,20612000,20.888,263338000,54372000,5652000,0,13.393,-25806000
BBRG,MRY,2013-12-31,2013-12-29,2013-12-29,2018-05-05,0,254852000,254339250,28207000,226645000,1.616,5.337,-29632000,7640000,7640000,313695000,7543000,0.518,1.456,15693000,2082000,13611000,15693000,12876000,20417000,0,0.0,0.0,8418000,28835000,0.07,28835000,8418000,7275000,0.39,0.37,0.39,103776000,105911500,103776000,338787987,40,11.749,8103000,0.415,1.0,97396000,0.237,0,1143000,208494000,215790750,2941000,0,0,0,151076000,54411000,96665000,325280987,-6077000,0,-6340000,-7393000,0,-14180000,-29632000,0,37735000,0,7543000,7543000,7543000,0,0,0.018,88978000,8418000,8781000,0.0,3.134,43.124,42.846,169127000,0,16.71,0.791,0.794,9567000,-84759000,411091000,411091000,0,0.03,0.071,0.039,0.02,2884000,51203000,1.0,19466247,19542000,20432000,21.036,254852000,56006000,-268000,0,13.106,-26204000
BBRG,MRY,2014-12-31,2014-12-28,2014-12-28,2018-05-05,0,251763000,247280000,17889000,233874000,1.651,2.955,-29914000,427000,427000,317777000,11822000,0.3,3.681,56000000,0,56000000,56000000,12783000,20607000,0,0.0,0.0,15452000,36059000,0.088,36059000,15452000,14105000,0.63,0.6,0.63,53784000,90579250,53784000,256970247,16,7.126,16994000,0.901,1.0,90532000,0.222,0,1347000,247646000,212888000,3132000,0,0,0,197979000,59690000,138289000,242910247,-7213000,0,-63510000,40307000,0,-24207000,-29914000,0,46908000,0,11822000,11822000,11822000,0,0,0.029,75080000,15452000,13238000,0.0,4.516,20.547,20.667,178877000,0,13.02,0.595,0.601,8692000,-72937000,408309000,408309000,0,0.048,0.131,0.073,0.038,2451000,51588000,1.0,18656701,18863000,19701000,21.646,251763000,54331000,2283000,0,13.833,-41801000
BBRG,MRY,2015-12-31,2015-12-27,2015-12-27,2018-05-05,0,248060000,251110750,15372000,232688000,1.688,3.643,-24605000,447000,447000,328403000,4580000,0.229,3.525,43300000,0,43300000,43300000,14728000,22520000,0,0.0,0.0,3200000,25720000,0.061,25720000,3200000,1716000,0.3,0.29,0.3,54824000,58320000,54824000,188748096,58,7.339,17625000,1.164,1.0,95591000,0.225,0,1484000,223803000,241023500,3163000,0,0,0,193236000,67110000,126126000,137627096,20000,0,-4488000,-12700000,0,-17605000,-24605000,0,42230000,0,4580000,4580000,4580000,0,0,0.011,92391000,3200000,16283000,0.0,2.51,30.05,30.167,170463000,0,9.05,0.325,0.323,9903000,-68357000,423994000,423994000,0,0.018,0.079,0.013,0.008,1498000,56746000,1.0,15207414,15143000,15865000,27.999,248060000,58054000,-2864000,0,16.482,-51738000
BBRG,MRY,2016-12-31,2016-12-25,2016-12-25,2018-05-05,0,166762000,220743500,17283000,149479000,1.859,-1.457,-15512000,444000,444000,326041000,-74715000,0.237,-8.746,41500000,4000000,37500000,41500000,18618000,22419000,0,0.0,0.0,-15179000,7240000,0.018,7240000,-15179000,-16882000,-5.09,-5.09,-5.09,-21530000,34655500,-21530000,109516020,-7,15.127,4838000,0.33,1.0,84213000,0.205,0,1703000,135001000,202121500,3114000,0,0,0,188292000,72817000,115475000,58904020,-3000,0,-2397000,-1800000,0,-4841000,-15512000,0,20350000,0,-74715000,-74715000,-74715000,0,0,-0.182,99392000,-15179000,15514000,0.0,-2.736,-0.788,-0.786,145120000,0,4.0,0.144,0.143,10386000,-143072000,410254000,410254000,0,-0.338,-2.156,-0.075,-0.037,1143000,60621000,1.0,14726005,14680000,14680000,27.946,166762000,0,57833000,0,11.286,-55534000
BBRG,MRY,2017-12-31,2017-12-31,2017-12-31,2018-05-05,0,142167000,151966000,16043000,126124000,2.682,-1.995,-9276000,393000,393000,322719000,-9769000,0.154,-5.687,38500000,38500000,0,38500000,19859000,21469000,0,0.0,0.0,-8691000,12778000,0.031,12778000,-8691000,-11155000,-0.64,-0.64,-0.64,-30329000,-22592000,-30329000,81024635,-9,6.341,3231000,0.213,1.0,84888000,0.208,0,2464000,76070000,114553250,3077000,0,0,0,172496000,104204000,68292000,38011635,-51000,0,25000,-3000000,0,-3282000,-9276000,0,12507000,0,-9769000,-9769000,-9769000,0,0,-0.024,93579000,-8691000,12614000,0.0,-1.253,-3.891,-3.906,121251000,0,2.5,0.093,0.093,10513000,-152841000,407607000,407607000,0,-0.064,0.432,-0.076,-0.021,988000,60820000,1.0,15204654,15173000,15173000,26.864,142167000,0,-1386000,0,9.349,-88161000
