ticker,dimension,calendardate,datekey,reportperiod,lastupdated,accoci,assets,assetsavg,assetsc,assetsnc,assetturnover,bvps,capex,cashneq,cashnequsd,cor,consolinc,currentratio,de,debt,debtc,debtnc,debtusd,deferredrev,depamor,deposits,divyield,dps,ebit,ebitda,ebitdamargin,ebitdausd,ebitusd,ebt,eps,epsdil,epsusd,equity,equityavg,equityusd,ev,evebit,evebitda,fcf,fcfps,fxusd,gp,grossmargin,intangibles,intexp,invcap,invcapavg,inventory,investments,investmentsc,investmentsnc,liabilities,liabilitiesc,liabilitiesnc,marketcap,ncf,ncfbus,ncfcommon,ncfdebt,ncfdiv,ncff,ncfi,ncfinv,ncfo,ncfx,netinc,netinccmn,netinccmnusd,netincdis,netincnci,netmargin,opex,opinc,payables,payoutratio,pb,pe,pe1,ppnenet,prefdivis,price,ps,ps1,receivables,retearn,revenue,revenueusd,rnd,roa,roe,roic,ros,sbcomp,sgna,sharefactor,sharesbas,shareswa,shareswadil,sps,tangibles,taxassets,taxexp,taxliabilities,tbvps,workingcapital
BBY,MRY,2011-12-31,2011-02-26,2011-02-26,2018-04-02,173000000,17849000000,18879750000,10473000000,7376000000,2.635,16.778,-744000000,1103000000,1103000000,37206000000,1366000000,1.209,1.599,1709000000,998000000,711000000,1709000000,0,896000000,0,0.018,0.58,2142000000,3038000000,0.061,3038000000,2142000000,2056000000,3.14,3.08,3.14,6602000000,6246500000,6602000000,13659138115,6,4.496,446000000,1.098,1.0,12541000000,0.252,2790000000,86000000,7002000000,6872750000,5897000000,350000000,22000000,328000000,10557000000,8663000000,1894000000,12760138115,-723000000,21000000,-1014000000,-99000000,-237000000,-1357000000,-569000000,160000000,1190000000,13000000,1277000000,1277000000,1277000000,188000000,89000000,0.026,10167000000,2374000000,4894000000,0.185,1.933,9.992,10.309,3823000000,0,32.37,0.257,0.264,2348000000,6372000000,49747000000,49747000000,0,0.068,0.204,0.312,0.043,110000000,10029000000,1.0,394196420,406100000,416500000,122.499,15059000000,0,779000000,256000000,38.269,1810000000
BBY,MRY,2012-12-31,2012-03-03,2012-03-03,2018-04-02,90000000,16005000000,16927000000,10297000000,5708000000,2.685,10.827,-766000000,1199000000,1199000000,34473000000,22000000,1.163,3.108,2208000000,523000000,1685000000,2208000000,0,897000000,0,0.026,0.62,-378000000,519000000,0.011,519000000,-378000000,-489000000,-3.36,-3.27,-3.36,3745000000,5173500000,3745000000,8401196862,-22,16.187,2527000000,6.899,1.0,10984000000,0.242,1694000000,111000000,6465000000,6733500000,5731000000,140000000,0,140000000,11639000000,8855000000,2784000000,8516196862,96000000,-174000000,-1433000000,509000000,-228000000,-2478000000,-724000000,178000000,3293000000,5000000,-1231000000,-1231000000,-1231000000,1402000000,1253000000,-0.027,8784000000,2200000000,5364000000,-0.185,2.274,-6.918,-7.235,3471000000,0,24.31,0.187,0.196,2288000000,3621000000,45457000000,45457000000,0,-0.073,-0.238,-0.056,-0.008,120000000,8755000000,1.0,350316613,366300000,374500000,124.098,14311000000,0,742000000,288000000,41.373,1442000000
BBY,MRY,2013-12-31,2014-02-01,2014-02-01,2018-04-02,492000000,14013000000,14174000000,10485000000,3528000000,2.865,11.51,-547000000,2678000000,2678000000,31212000000,523000000,1.41,2.515,1657000000,45000000,1612000000,1657000000,399000000,701000000,0,0.029,0.68,1020000000,1721000000,0.042,1721000000,1020000000,920000000,1.56,1.53,1.56,3986000000,3561500000,3986000000,7644019963,7,4.442,547000000,1.599,1.0,9399000000,0.231,526000000,100000000,5030000000,5347000000,5376000000,223000000,223000000,0,10024000000,7436000000,2588000000,8145019963,852000000,206000000,171000000,381000000,-233000000,319000000,-517000000,-180000000,1094000000,-44000000,532000000,532000000,532000000,172000000,-9000000,0.013,8255000000,1144000000,5122000000,0.436,2.043,15.31,15.09,2598000000,0,23.54,0.201,0.198,1308000000,3159000000,40611000000,40611000000,0,0.038,0.149,0.191,0.025,90000000,8106000000,1.0,346007645,342100000,347600000,118.711,13487000000,0,388000000,147000000,38.946,3049000000
BBY,MRY,2014-12-31,2015-01-31,2015-01-31,2018-04-02,382000000,15245000000,14816750000,11472000000,3773000000,2.723,14.231,-561000000,2432000000,2432000000,31292000000,1235000000,1.475,2.051,1613000000,41000000,1572000000,1613000000,326000000,656000000,0,0.02,0.72,1464000000,2120000000,0.053,2120000000,1464000000,1374000000,3.53,3.49,3.53,4995000000,4627750000,4995000000,12052751964,8,5.685,1374000000,3.931,1.0,9047000000,0.224,482000000,90000000,6167000000,6034250000,5174000000,1456000000,1456000000,0,10245000000,7777000000,2468000000,12346751964,-52000000,39000000,50000000,-24000000,-251000000,-223000000,-1712000000,-1224000000,1935000000,-52000000,1233000000,1233000000,1233000000,11000000,2000000,0.031,7597000000,1450000000,5030000000,0.204,2.472,10.014,9.972,2295000000,0,35.2,0.306,0.305,1280000000,4141000000,40339000000,40339000000,0,0.083,0.266,0.243,0.036,87000000,7592000000,1.0,350759999,349500000,353600000,115.419,14763000000,0,141000000,230000000,42.06,3695000000
BBY,MRY,2015-12-31,2016-01-30,2016-01-30,2018-04-02,271000000,13519000000,13989750000,9886000000,3633000000,2.825,12.903,-649000000,1976000000,1976000000,30337000000,897000000,1.428,2.088,1734000000,395000000,1339000000,1734000000,357000000,657000000,0,0.033,0.92,1480000000,2137000000,0.054,2137000000,1480000000,1400000000,2.59,2.56,2.59,4378000000,4629500000,4378000000,9514162003,6,4.452,694000000,2.003,1.0,9191000000,0.233,425000000,80000000,5927000000,6062250000,5051000000,1305000000,1305000000,0,9141000000,6925000000,2216000000,9572162003,-757000000,-51000000,-1008000000,-28000000,-499000000,-1536000000,-526000000,146000000,1343000000,-38000000,897000000,897000000,897000000,-90000000,0,0.023,7816000000,1375000000,4450000000,0.355,2.186,10.671,10.784,2346000000,0,27.93,0.242,0.245,1162000000,4130000000,39528000000,39528000000,0,0.064,0.194,0.244,0.037,104000000,7618000000,1.0,342719728,346500000,350700000,114.078,13094000000,0,503000000,128000000,38.591,2961000000
BBY,MRY,2016-12-31,2017-01-28,2017-01-28,2018-04-02,279000000,13856000000,13638250000,10516000000,3340000000,2.889,15.026,-524000000,2240000000,2240000000,29963000000,1228000000,1.477,1.942,1365000000,44000000,1321000000,1365000000,418000000,654000000,0,0.036,1.57,1909000000,2563000000,0.065,2563000000,1909000000,1837000000,3.86,3.81,3.86,4709000000,4428750000,4709000000,13668024783,7,5.333,2033000000,6.383,1.0,9440000000,0.24,425000000,72000000,5434000000,5659500000,4864000000,1681000000,1681000000,0,9147000000,7122000000,2025000000,13642024783,272000000,0,-527000000,-394000000,-505000000,-1418000000,-877000000,-356000000,2557000000,10000000,1228000000,1228000000,1228000000,-21000000,0,0.031,7586000000,1854000000,4984000000,0.407,2.897,11.109,11.262,2293000000,0,43.47,0.346,0.351,1347000000,4399000000,39403000000,39403000000,0,0.09,0.277,0.337,0.048,108000000,7547000000,1.0,313826197,318500000,322600000,123.714,13431000000,0,609000000,26000000,42.856,3394000000
BBY,MRY,2017-12-31,2018-02-03,2018-02-03,2018-04-02,314000000,13049000000,13558250000,9829000000,3220000000,3.109,12.485,-686000000,1101000000,1101000000,32275000000,1000000000,1.257,2.613,1355000000,544000000,811000000,1355000000,453000000,683000000,0,0.019,1.36,1893000000,2576000000,0.061,2576000000,1893000000,1818000000,3.33,3.26,3.33,3612000000,4152500000,3612000000,21051339646,11,8.172,1455000000,4.844,1.0,9876000000,0.234,425000000,75000000,5061000000,5538500000,5209000000,2032000000,2032000000,0,9437000000,7817000000,1620000000,20825339646,-1133000000,0,-1841000000,-46000000,-409000000,-2297000000,-1002000000,-307000000,2141000000,25000000,1000000000,1000000000,1000000000,-1000000,0,0.024,8033000000,1843000000,4873000000,0.408,5.766,20.825,21.393,2421000000,0,71.24,0.494,0.508,1049000000,3270000000,42151000000,42151000000,0,0.074,0.241,0.342,0.045,129000000,8023000000,1.0,292326497,300400000,307100000,140.316,12624000000,0,818000000,137000000,43.636,2012000000
