ticker,dimension,calendardate,datekey,reportperiod,lastupdated,accoci,assets,assetsavg,assetsc,assetsnc,assetturnover,bvps,capex,cashneq,cashnequsd,cor,consolinc,currentratio,de,debt,debtc,debtnc,debtusd,deferredrev,depamor,deposits,divyield,dps,ebit,ebitda,ebitdamargin,ebitdausd,ebitusd,ebt,eps,epsdil,epsusd,equity,equityavg,equityusd,ev,evebit,evebitda,fcf,fcfps,fxusd,gp,grossmargin,intangibles,intexp,invcap,invcapavg,inventory,investments,investmentsc,investmentsnc,liabilities,liabilitiesc,liabilitiesnc,marketcap,ncf,ncfbus,ncfcommon,ncfdebt,ncfdiv,ncff,ncfi,ncfinv,ncfo,ncfx,netinc,netinccmn,netinccmnusd,netincdis,netincnci,netmargin,opex,opinc,payables,payoutratio,pb,pe,pe1,ppnenet,prefdivis,price,ps,ps1,receivables,retearn,revenue,revenueusd,rnd,roa,roe,roic,ros,sbcomp,sgna,sharefactor,sharesbas,shareswa,shareswadil,sps,tangibles,taxassets,taxexp,taxliabilities,tbvps,workingcapital
BEBE,MRY,2011-12-31,2011-07-02,2011-07-02,2018-02-12,-5000,441122000,441781750,249355000,191767000,1.117,42.568,-13838000,95177000,95177000,301464000,-1779000,5.584,0.238,0,0,0,0,0,22072000,0,0.173,10.75,906000,22978000,0.047,22978000,906000,906000,-0.2,-0.2,-0.2,356253000,354849250,356253000,434631931,479,18.915,8022000,0.952,1.0,191810000,0.389,885000,0,300402000,294330750,33448000,161335000,96371000,64964000,84869000,44658000,40211000,522882931,-100513000,0,-12066000,0,-92446000,-104475000,-17898000,-3175000,21860000,1000000,-1779000,-1779000,-1779000,5835000,0,-0.004,185921000,5889000,17684000,-53.75,1.468,-293.92,-311.0,92500000,0,62.2,1.06,1.062,5222000,214345000,493274000,493274000,0,-0.004,-0.005,0.003,0.002,2844000,185921000,1.0,8406478,8422500,8432200,58.566,440237000,34370000,2685000,2059000,52.603,204697000
BEBE,MRY,2012-12-31,2012-06-30,2012-06-30,2018-02-12,152000,450420000,446868250,245636000,204784000,1.163,42.933,-42066000,104982000,104982000,311094000,11721000,5.097,0.244,0,0,0,0,0,20279000,0,0.017,1.0,21282000,41561000,0.08,41561000,21282000,21282000,1.4,1.4,1.4,362120000,359428500,362120000,381808330,17,9.187,-9326000,-1.107,1.0,208751000,0.402,912000,0,296338000,288577500,33292000,136430000,76428000,60002000,88300000,48188000,40112000,495047330,10602000,0,1346000,0,-8427000,-6957000,-15181000,26149000,32740000,-797000,11721000,11721000,11721000,1480000,0,0.023,186920000,21831000,16520000,0.714,1.367,42.236,41.929,114707000,0,58.7,0.952,0.951,9190000,217704000,519845000,519845000,0,0.026,0.033,0.074,0.041,2180000,186920000,1.0,8433515,8423500,8440200,61.714,449508000,29284000,9561000,2236000,53.293,197448000
BEBE,MRY,2013-12-31,2013-07-06,2013-07-06,2018-02-12,784000,344816000,395545000,180366000,164450000,1.171,32.826,-24611000,86965000,86965000,308974000,-77420000,3.726,0.329,0,0,0,0,0,21560000,0,0.017,1.0,-50435000,-28875000,-0.062,-28875000,-50435000,-50435000,-9.4,-9.4,-9.4,259500000,312078000,259500000,381512091,-7,-13.213,-32981000,-4.03,1.0,154195000,0.333,912000,0,208530000,260325250,33862000,93126000,38945000,54181000,85316000,48409000,36907000,463351091,-17614000,0,-20629000,0,-8180000,-28802000,19558000,44169000,-8370000,-403000,-77420000,-77420000,-77420000,8275000,0,-0.167,197170000,-42975000,18209000,-0.106,1.786,-5.985,-6.245,104720000,0,58.7,1.0,1.037,7051000,120330000,463169000,463169000,0,-0.196,-0.248,-0.194,-0.109,3786000,197170000,1.0,7893545,8184700,8184700,56.59,343904000,1188000,26985000,1102000,43.502,131957000
BEBE,MRY,2014-12-31,2014-07-05,2014-07-05,2018-02-12,3161000,270355000,304517000,160299000,110056000,1.396,23.299,-19799000,94345000,94345000,286990000,-73382000,2.703,0.46,0,0,0,0,0,19379000,0,0.032,1.0,-73545000,-54166000,-0.127,-54166000,-73545000,-73545000,-9.3,-9.3,-9.3,185131000,225152250,185131000,134278454,-1,-2.479,-50076000,-6.32,1.0,138127000,0.325,0,0,116711000,150724000,31683000,30606000,18665000,11941000,85224000,59299000,25925000,250218454,7660000,0,854000,0,-7930000,-6853000,44790000,64552000,-30277000,-280000,-73382000,-73382000,-73382000,14133000,0,-0.173,197796000,-59669000,20022000,-0.108,1.352,-3.41,-3.387,93640000,0,31.5,0.589,0.587,4814000,39022000,425117000,425117000,0,-0.241,-0.326,-0.488,-0.173,3485000,197796000,1.0,7943443,7923400,7923400,53.653,270355000,0,-163000,78000,34.024,101000000
BEBE,MRY,2015-12-31,2015-07-04,2015-07-04,2018-02-12,-1776000,216413000,233464750,114040000,102373000,1.833,19.031,-21921000,46947000,46947000,282816000,-27671000,2.794,0.428,0,0,0,0,0,17847000,0,0.023,0.45,-27026000,-9179000,-0.021,-9179000,-27026000,-27026000,-3.5,-3.5,-3.5,151568000,162348000,151568000,106604112,-3,-11.614,-46961000,-5.898,1.0,145181000,0.339,0,0,128654000,126242250,31317000,23121000,17880000,5241000,64845000,40812000,24033000,158469112,-46330000,0,20000,0,-3582000,-3562000,-17728000,4193000,-25040000,-1068000,-27671000,-27671000,-27671000,2297000,0,-0.065,170278000,-25097000,12595000,-0.129,1.046,-5.727,-5.686,93229000,0,19.9,0.37,0.37,7122000,7765000,427997000,427997000,0,-0.119,-0.17,-0.214,-0.063,2420000,170278000,1.0,7963272,7961600,7961600,53.758,216413000,0,645000,81000,27.173,73228000
BEBE,MRY,2016-12-31,2016-07-02,2016-07-02,2018-02-12,727000,179445000,181293750,129520000,49925000,0.0,16.065,-7179000,55525000,55525000,0,-27481000,3.952,0.395,0,0,0,0,0,19978000,0,0.0,0.0,-27481000,-7503000,,-7503000,-27481000,-27481000,-3.43,-3.43,-3.43,128603000,123648750,128603000,14051411,0,-1.873,-45820000,-5.733,1.0,0,,0,0,91146000,106107250,0,1102000,0,1102000,50842000,32774000,18068000,39232411,8842000,0,16000,0,0,16000,47467000,22244000,-38641000,-264000,-27481000,-27481000,-27481000,9548000,0,,46539000,-46539000,11264000,0.0,0.305,-1.428,-1.429,0,0,4.902,,,4645000,-19717000,0,0,0,-0.152,-0.222,-0.259,,1998000,46539000,1.0,8003348,7993000,7993000,0.0,179445000,0,0,85000,22.417,96746000
BEBE,MRY,2017-12-31,2017-07-01,2017-07-01,2018-02-12,573000,52521000,124505250,50467000,2054000,0.0,-1.371,-2445000,17032000,17032000,0,-138963000,0.809,-5.732,34300000,33158000,1142000,34300000,0,10013000,0,0.0,0.0,-138963000,-128950000,,-128950000,-138963000,-138963000,-17.25,-17.25,-17.25,-11100000,72265000,-11100000,21406685,0,-0.166,-71578000,-8.885,1.0,0,,0,0,7398000,53522750,0,1257000,0,1257000,63621000,62391000,1230000,48161685,-38409000,0,11000,33158000,0,33169000,-2445000,0,-69133000,-84000,-138963000,-138963000,-138963000,100632000,0,,41784000,-41784000,15265000,0.0,-4.339,-0.347,-0.345,0,0,5.95,,,5222000,-158680000,0,0,0,-1.116,-1.923,-2.596,,-597000,41784000,1.0,8094401,8056000,8056000,0.0,52521000,0,0,88000,6.488,-11924000
