ticker,dimension,calendardate,datekey,reportperiod,lastupdated,accoci,assets,assetsavg,assetsc,assetsnc,assetturnover,bvps,capex,cashneq,cashnequsd,cor,consolinc,currentratio,de,debt,debtc,debtnc,debtusd,deferredrev,depamor,deposits,divyield,dps,ebit,ebitda,ebitdamargin,ebitdausd,ebitusd,ebt,eps,epsdil,epsusd,equity,equityavg,equityusd,ev,evebit,evebitda,fcf,fcfps,fxusd,gp,grossmargin,intangibles,intexp,invcap,invcapavg,inventory,investments,investmentsc,investmentsnc,liabilities,liabilitiesc,liabilitiesnc,marketcap,ncf,ncfbus,ncfcommon,ncfdebt,ncfdiv,ncff,ncfi,ncfinv,ncfo,ncfx,netinc,netinccmn,netinccmnusd,netincdis,netincnci,netmargin,opex,opinc,payables,payoutratio,pb,pe,pe1,ppnenet,prefdivis,price,ps,ps1,receivables,retearn,revenue,revenueusd,rnd,roa,roe,roic,ros,sbcomp,sgna,sharefactor,sharesbas,shareswa,shareswadil,sps,tangibles,taxassets,taxexp,taxliabilities,tbvps,workingcapital
BGFV,MRY,2011-12-31,2012-01-01,2012-01-01,2018-05-02,0,394064000,400140750,298666000,95398000,2.255,7.235,-12488000,4900000,4900000,610531000,11673000,2.107,1.517,68238000,1617000,66621000,68238000,22483000,18544000,0,0.029,0.3,19167000,37711000,0.042,37711000,19167000,16606000,0.54,0.53,0.54,156590000,155440250,156590000,298235360,15,7.908,-10270000,-0.474,1.0,291603000,0.323,4433000,2561000,311212000,305095000,264278000,0,0,0,237474000,141757000,95717000,229636360,-720000,0,-665000,16438000,-6530000,9050000,-11988000,0,2218000,0,11673000,11673000,11673000,0,0,0.013,272436000,19167000,77593000,0.556,1.466,19.672,19.333,75369000,0,10.44,0.255,0.251,13106000,79037000,902134000,902134000,0,0.029,0.075,0.063,0.021,1708000,272436000,1.0,21995820,21656000,21869000,41.657,389631000,21646000,4933000,0,18.002,156909000
BGFV,MRY,2012-12-31,2012-12-30,2012-12-30,2018-05-02,0,406660000,404664500,311971000,94689000,2.324,7.706,-12900000,7635000,7635000,637721000,14915000,1.926,1.473,52036000,1720000,50316000,52036000,21386000,18895000,0,0.024,0.3,25972000,44867000,0.048,44867000,25972000,23770000,0.7,0.69,0.7,164420000,158168500,164420000,323556368,12,7.211,26704000,1.248,1.0,302769000,0.322,4433000,2202000,284667000,300244500,270350000,0,0,0,242240000,161961000,80279000,271268368,2735000,0,-2027000,-15658000,-6474000,-24219000,-12650000,0,39604000,0,14915000,14915000,14915000,0,0,0.016,276797000,25972000,92688000,0.429,1.65,18.188,17.957,72089000,0,12.57,0.288,0.286,15297000,87464000,940490000,940490000,0,0.037,0.094,0.087,0.028,1514000,276797000,1.0,21580618,21394000,21616000,43.96,402227000,24700000,8855000,0,18.851,150010000
BGFV,MRY,2013-12-31,2013-12-29,2013-12-29,2018-05-02,0,441888000,421420500,345009000,96879000,2.357,8.687,-22035000,9400000,9400000,664583000,27946000,1.957,1.316,46180000,1567000,44613000,46180000,21078000,20192000,0,0.021,0.4,47427000,67619000,0.068,67619000,47427000,45682000,1.28,1.27,1.28,190770000,181741500,190770000,464388676,9,6.868,4252000,0.195,1.0,328740000,0.331,4433000,1745000,297919000,285343750,300952000,0,0,0,251118000,176316000,74802000,427781676,1765000,0,4511000,701000,-8791000,-2487000,-22035000,0,26287000,0,27946000,27946000,27946000,0,0,0.028,281313000,47427000,104826000,0.313,2.242,15.307,14.992,75608000,0,19.19,0.431,0.42,16301000,106565000,993323000,993323000,0,0.066,0.154,0.166,0.048,144000,281313000,1.0,22291906,21765000,22083000,45.639,437455000,25564000,17736000,0,19.921,168693000
BGFV,MRY,2014-12-31,2014-12-28,2014-12-28,2018-05-02,0,455576000,445684500,357654000,97922000,2.194,8.929,-22565000,11503000,11503000,664411000,14876000,2.181,1.336,68664000,1197000,67467000,68664000,20736000,21505000,0,0.028,0.4,25175000,46680000,0.048,46680000,25175000,23508000,0.68,0.67,0.68,195004000,192053000,195004000,370640240,14,7.94,5970000,0.272,1.0,313449000,0.321,4433000,1667000,344339000,336034250,310088000,0,0,0,260572000,163965000,96607000,318193240,2103000,0,-2408000,7944000,-8888000,-3967000,-22465000,0,28535000,0,14876000,14876000,14876000,0,0,0.015,288274000,25175000,92369000,0.588,1.632,21.39,21.103,78440000,0,14.35,0.325,0.322,15680000,112521000,977860000,977860000,0,0.033,0.077,0.075,0.026,1730000,288274000,1.0,22173745,21933000,22133000,44.584,451143000,23817000,8632000,0,20.657,193689000
BGFV,MRY,2015-12-31,2016-01-03,2016-01-03,2018-05-02,0,445029000,453013500,332930000,112099000,2.272,9.209,-24567000,7119000,7119000,704134000,15297000,2.069,1.238,58673000,1435000,57238000,58673000,19516000,21410000,0,0.04,0.4,26539000,47949000,0.047,47949000,26539000,24748000,0.7,0.7,0.7,198831000,196179750,198831000,283015851,10,5.902,15078000,0.694,1.0,324964000,0.316,4433000,1791000,331230000,342840500,299446000,0,0,0,246198000,160920000,85278000,219478851,-4384000,0,-4033000,-6073000,-8808000,-19462000,-24567000,0,39645000,0,15297000,15297000,15297000,0,0,0.015,298425000,26539000,89961000,0.571,1.104,14.348,14.271,82036000,0,9.99,0.213,0.211,14180000,118998000,1029098000,1029098000,0,0.034,0.078,0.077,0.026,2098000,298425000,1.0,21969855,21741000,21927000,47.334,440596000,23402000,9451000,0,20.406,172010000
BGFV,MRY,2016-12-31,2017-01-01,2017-01-01,2018-05-02,0,433579000,432304750,324499000,109080000,2.362,9.489,-14109000,7895000,7895000,696777000,16886000,1.73,1.115,13325000,1326000,11999000,13325000,17028000,19130000,0,0.03,0.525,29487000,48617000,0.048,48617000,29487000,27936000,0.78,0.77,0.78,205037000,198430000,205037000,400974344,13,8.248,59562000,2.757,1.0,324458000,0.318,4433000,1551000,247049000,293685250,294319000,0,0,0,228542000,187527000,41015000,379882344,776000,0,-643000,-46481000,-11478000,-58786000,-14109000,0,73671000,0,16886000,16886000,16886000,0,0,0.017,294971000,29487000,109314000,0.673,1.853,22.497,22.244,78420000,0,17.35,0.372,0.367,12200000,124363000,1021235000,1021235000,0,0.039,0.085,0.1,0.029,1890000,294971000,1.0,21895236,21607000,21816000,47.264,429146000,23699000,11050000,0,19.861,136972000
BGFV,MRY,2017-12-31,2017-12-31,2017-12-31,2018-05-02,0,445060000,445068250,350891000,94169000,2.268,8.906,-16462000,7170000,7170000,686303000,1104000,1.91,1.379,49554000,1754000,47800000,49554000,15948000,19222000,0,0.079,0.6,16342000,35564000,0.035,35564000,16342000,14698000,0.05,0.05,0.05,187069000,201035250,187069000,208716158,12,5.869,-20846000,-0.972,1.0,323332000,0.32,0,1644000,303724000,306330000,313905000,0,0,0,257991000,183720000,74271000,162844158,-725000,0,-7661000,41436000,-12985000,20121000,-16462000,0,-4384000,0,1104000,1104000,1104000,0,0,0.001,306990000,16342000,113740000,12.0,0.871,147.504,152.0,77265000,0,7.6,0.161,0.161,10886000,112424000,1009635000,1009635000,0,0.002,0.005,0.053,0.016,2301000,306990000,1.0,21426863,21439000,21585000,47.093,445060000,14172000,13594000,0,21.189,167171000
