ticker,dimension,calendardate,datekey,reportperiod,lastupdated,accoci,assets,assetsavg,assetsc,assetsnc,assetturnover,bvps,capex,cashneq,cashnequsd,cor,consolinc,currentratio,de,debt,debtc,debtnc,debtusd,deferredrev,depamor,deposits,divyield,dps,ebit,ebitda,ebitdamargin,ebitdausd,ebitusd,ebt,eps,epsdil,epsusd,equity,equityavg,equityusd,ev,evebit,evebitda,fcf,fcfps,fxusd,gp,grossmargin,intangibles,intexp,invcap,invcapavg,inventory,investments,investmentsc,investmentsnc,liabilities,liabilitiesc,liabilitiesnc,marketcap,ncf,ncfbus,ncfcommon,ncfdebt,ncfdiv,ncff,ncfi,ncfinv,ncfo,ncfx,netinc,netinccmn,netinccmnusd,netincdis,netincnci,netmargin,opex,opinc,payables,payoutratio,pb,pe,pe1,ppnenet,prefdivis,price,ps,ps1,receivables,retearn,revenue,revenueusd,rnd,roa,roe,roic,ros,sbcomp,sgna,sharefactor,sharesbas,shareswa,shareswadil,sps,tangibles,taxassets,taxexp,taxliabilities,tbvps,workingcapital
BGG,MRY,2011-12-31,2011-07-03,2011-07-03,2018-05-08,-243498000,1666218000,1698826250,978739000,687479000,1.242,14.85,-59771000,209639000,209639000,1715219000,24355000,2.842,1.258,228000000,3000000,225000000,228000000,0,61828000,0,0.022,0.44,55372000,117200000,0.056,117200000,55372000,32054000,0.49,0.48,0.49,737943000,683910750,737943000,1269945466,22,10.836,97160000,1.956,1.0,394779000,0.187,292215000,23318000,1047981000,1144155000,427091000,21017000,0,21017000,928275000,344383000,583892000,1029761466,93085000,0,1532000,16308000,-22334000,-4494000,-59771000,0,156931000,419000,24355000,24355000,24355000,0,0,0.012,346563000,48216000,183733000,0.898,1.395,42.281,41.673,329225000,0,20.42,0.488,0.481,249358000,1092864000,2109998000,2109998000,0,0.014,0.036,0.048,0.026,9595000,297113000,1.0,50429063,49677000,50409000,42.474,1374003000,73164000,7699000,0,27.65,634356000
BGG,MRY,2012-12-31,2012-07-01,2012-07-01,2018-05-08,-322704000,1608231000,1646116000,911500000,696731000,1.255,13.196,-48116000,156075000,156075000,1734915000,29006000,2.98,1.545,228000000,3000000,225000000,228000000,0,63714000,0,0.025,0.44,48415000,112129000,0.054,112129000,48415000,29873000,0.58,0.57,0.58,631970000,702093750,631970000,1108461462,22,9.886,17845000,0.364,1.0,331618000,0.16,291831000,18542000,1082416000,1179637750,433684000,22163000,0,22163000,976261000,305909000,670352000,850906462,-53564000,-2673000,-39052000,-2007000,-22011000,-63070000,-50789000,0,65961000,-5666000,29006000,29006000,29006000,0,0,0.014,290381000,41237000,151153000,0.759,1.346,29.336,30.155,301249000,0,17.49,0.412,0.414,223996000,1099859000,2066533000,2066533000,0,0.018,0.041,0.041,0.023,5555000,290381000,1.0,48651027,48965000,49909000,42.204,1316400000,111478000,867000,0,27.487,605591000
BGG,MRY,2013-12-31,2013-06-30,2013-06-30,2018-05-08,-224928000,1447551000,1574338500,858981000,588570000,1.183,14.118,-32386000,188445000,188445000,1536793000,-33657000,3.126,1.167,225300000,300000,225000000,225300000,0,55752000,0,0.024,0.48,-33622000,22130000,0.012,22130000,-33622000,-52141000,-0.73,-0.73,-0.73,667938000,648779750,667938000,1193608796,-35,53.936,128427000,2.723,1.0,325705000,0.175,235332000,18519000,974319000,1120238750,408095000,19764000,0,19764000,779613000,274755000,504858000,953726796,32370000,-59627000,-10371000,-2700000,-23285000,-36356000,-92013000,0,160813000,-74000,-33657000,-33657000,-33657000,0,0,-0.018,366268000,-40563000,143189000,-0.658,1.428,-28.337,-27.123,287195000,0,19.8,0.512,0.501,190800000,1042917000,1862498000,1862498000,0,-0.021,-0.052,-0.03,-0.018,6514000,276188000,1.0,48168020,47172000,47172000,39.483,1212219000,75078000,-18484000,0,25.623,584226000
BGG,MRY,2014-12-31,2014-06-29,2014-06-29,2018-05-08,-195257000,1449706000,1445619250,870335000,579371000,1.286,14.677,-59743000,194668000,194668000,1512975000,28347000,2.871,1.156,225000000,0,225000000,225000000,0,50343000,0,0.023,0.48,55600000,105943000,0.057,105943000,55600000,37134000,0.59,0.59,0.59,672434000,651603250,672434000,1080280952,19,10.197,67336000,1.452,1.0,346085000,0.186,224839000,18466000,952012000,1004631500,376103000,27137000,0,27137000,777272000,303187000,474085000,962518952,6223000,0,-37645000,-1249000,-22697000,-61591000,-59743000,0,127079000,478000,28347000,28347000,28347000,0,0,0.015,299827000,46258000,169271000,0.814,1.431,33.955,34.915,297007000,0,20.6,0.518,0.514,220590000,1048466000,1859060000,1859060000,0,0.02,0.044,0.055,0.03,7174000,291367000,1.0,46724221,46366000,46436000,40.095,1224867000,64136000,8787000,0,26.734,567148000
BGG,MRY,2015-12-31,2015-06-28,2015-06-28,2018-05-08,-279110000,1456647000,1467448000,795243000,661404000,1.291,13.125,-69593000,118390000,118390000,1538651000,45687000,2.373,1.537,222685000,0,222685000,222685000,0,52260000,0,0.026,0.5,76490000,128750000,0.068,128750000,76490000,56958000,1.0,1.0,1.0,574250000,611977500,574250000,1105996906,14,8.59,81302000,1.831,1.0,356099000,0.188,276802000,19532000,949024000,1022924000,378688000,30779000,0,30779000,882397000,335116000,547281000,870590906,-76278000,-88144000,-41919000,0,-22559000,-67277000,-157987000,0,150895000,-1909000,45687000,45687000,45687000,0,0,0.024,289916000,66183000,182676000,0.5,1.516,19.056,19.52,314838000,0,19.52,0.459,0.457,215841000,1071493000,1894750000,1894750000,0,0.031,0.075,0.075,0.04,6227000,289916000,1.0,44599944,44392000,44442000,42.682,1179845000,68323000,11271000,0,26.966,460127000
BGG,MRY,2016-12-31,2016-07-03,2016-07-03,2018-05-08,-338450000,1456667000,1470941000,696001000,760666000,1.23,11.587,-62802000,89839000,89839000,1448361000,26561000,2.187,1.951,221339000,0,221339000,221339000,0,54400000,0,0.026,0.54,55389000,109789000,0.061,109789000,55389000,35356000,0.61,0.6,0.61,493626000,528301250,493626000,1125383386,20,10.25,52125000,1.212,1.0,360417000,0.199,265732000,20033000,1004134000,1025914000,386065000,52757000,0,52757000,963041000,318301000,644740000,913507386,-28551000,-22174000,-25052000,-2783000,-23617000,-54556000,-85836000,0,114927000,-3086000,26561000,26561000,26561000,0,0,0.015,315816000,44601000,181152000,0.885,1.851,34.393,34.557,326273000,0,21.08,0.505,0.501,191678000,1074437000,1808778000,1808778000,0,0.018,0.05,0.054,0.031,5109000,305482000,1.0,43335265,43019000,43200000,42.046,1190935000,98203000,8795000,0,27.955,377700000
BGG,MRY,2017-12-31,2017-07-02,2017-07-02,2018-05-08,-300026000,1450979000,1503939000,689441000,761538000,1.188,13.298,-82114000,61707000,61707000,1402274000,56650000,2.087,1.594,221793000,0,221793000,221793000,0,56183000,0,0.023,0.56,99954000,156137000,0.087,156137000,99954000,79661000,1.31,1.31,1.31,559334000,504137000,559334000,1262828991,12,8.088,8230000,0.195,1.0,383829000,0.215,262244000,20293000,1018443000,1081600750,374879000,51677000,0,51677000,891645000,330378000,561267000,1030943991,-28132000,0,-11910000,0,-24054000,-39339000,-78771000,3343000,90344000,-366000,56650000,56650000,56650000,0,0,0.032,297538000,86291000,193677000,0.427,1.843,18.198,18.397,364880000,0,24.1,0.577,0.569,230011000,1107033000,1786103000,1786103000,0,0.038,0.112,0.092,0.056,4923000,297538000,1.0,42777759,42178000,42263000,42.347,1188735000,64412000,23011000,0,28.262,359063000
