ticker,dimension,calendardate,datekey,reportperiod,lastupdated,accoci,assets,assetsavg,assetsc,assetsnc,assetturnover,bvps,capex,cashneq,cashnequsd,cor,consolinc,currentratio,de,debt,debtc,debtnc,debtusd,deferredrev,depamor,deposits,divyield,dps,ebit,ebitda,ebitdamargin,ebitdausd,ebitusd,ebt,eps,epsdil,epsusd,equity,equityavg,equityusd,ev,evebit,evebitda,fcf,fcfps,fxusd,gp,grossmargin,intangibles,intexp,invcap,invcapavg,inventory,investments,investmentsc,investmentsnc,liabilities,liabilitiesc,liabilitiesnc,marketcap,ncf,ncfbus,ncfcommon,ncfdebt,ncfdiv,ncff,ncfi,ncfinv,ncfo,ncfx,netinc,netinccmn,netinccmnusd,netincdis,netincnci,netmargin,opex,opinc,payables,payoutratio,pb,pe,pe1,ppnenet,prefdivis,price,ps,ps1,receivables,retearn,revenue,revenueusd,rnd,roa,roe,roic,ros,sbcomp,sgna,sharefactor,sharesbas,shareswa,shareswadil,sps,tangibles,taxassets,taxexp,taxliabilities,tbvps,workingcapital
BH,MRY,2011-12-31,2011-09-28,2011-09-28,2018-02-27,-5468000,672860000,597540000,240584000,432276000,1.187,195.207,-11011000,98987000,98987000,521397000,33964000,2.094,1.244,248896000,31413000,217483000,248896000,0,28361000,0,0.0,0.0,61808000,90169000,0.127,90169000,61808000,48432000,24.13,24.0,24.13,279678000,266903500,279678000,591321738,9,6.558,63740000,44.489,1.0,187803000,0.265,34479000,13376000,673421000,577921000,5886000,134104000,115321000,18783000,347930000,114869000,233061000,443404738,51424000,196000,-512000,84157000,0,66176000,-89503000,-81835000,74751000,0,34565000,34565000,34565000,0,-601000,0.049,132798000,55005000,36508000,0.0,1.585,12.828,12.823,371736000,0,309.42,0.625,0.625,4133000,230390000,709200000,709200000,0,0.058,0.13,0.107,0.087,950000,103771000,1.0,1433019,1432728,1440215,495.0,638381000,6150000,13867000,6664000,445.57,125715000
BH,MRY,2012-12-31,2012-09-26,2012-09-26,2018-02-27,43897000,773787000,729512250,348997000,424790000,1.015,225.008,-6296000,60359000,60359000,561055000,24745000,2.808,1.067,248454000,17851000,230603000,248454000,0,26424000,0,0.0,0.0,48229000,74653000,0.101,74653000,48229000,28046000,13.92,13.88,13.92,349125000,322272000,349125000,725250691,15,9.715,43670000,28.145,1.0,179152000,0.242,33777000,20183000,803811000,753001750,6624000,295124000,269858000,25266000,372574000,124294000,248280000,535560691,-12115000,0,403000,-442000,0,-709000,-87885000,-70717000,49966000,0,21593000,21593000,21593000,0,3152000,0.029,135971000,43181000,33210000,0.0,1.534,24.803,26.838,356638000,0,373.59,0.724,0.783,7001000,251983000,740207000,740207000,0,0.03,0.067,0.064,0.065,0,109547000,1.0,1433552,1551613,1555406,477.056,740010000,0,6453000,28042000,476.929,224703000
BH,MRY,2013-12-31,2013-09-25,2013-09-25,2018-02-27,21457000,988543000,878293750,197486000,791057000,0.861,365.816,-11718000,94626000,94626000,583003000,142172000,1.747,0.751,232736000,15989000,216747000,232736000,0,25250000,0,0.081,33.6,230940000,256190000,0.339,256190000,230940000,214560000,90.89,90.69,90.89,564589000,447758500,564589000,809020585,3,3.158,27074000,17.542,1.0,172819000,0.229,35972000,16380000,977667000,915428250,6475000,483178000,85479000,397699000,423954000,113014000,310940000,595213585,-578000,1699000,75611000,-18042000,0,56343000,-60765000,-46976000,38792000,-103000,140271000,140271000,140271000,0,1901000,0.186,152085000,20734000,31140000,0.37,1.054,4.243,4.567,346147000,0,415.12,0.788,0.848,7055000,348339000,755822000,755822000,0,0.16,0.313,0.252,0.306,0,126835000,1.0,1433835,1543370,1546665,489.722,952571000,0,74289000,84525000,617.202,84472000
BH,MRY,2014-12-31,2014-09-24,2014-09-24,2018-02-27,-522000,1174732000,1081637500,186268000,988464000,0.734,373.602,-33171000,124290000,124290000,626160000,28804000,1.648,0.839,324583000,9387000,315196000,324583000,0,24905000,0,0.0,0.0,59035000,83940000,0.106,83940000,59035000,39016000,16.85,16.82,16.85,638717000,601653000,638717000,813754350,13,9.694,-5596000,-3.273,1.0,167651000,0.211,63071000,20019000,1198920000,1088293500,6892000,578761000,21523000,557238000,536015000,113034000,422981000,600681350,29664000,-40143000,85897000,91722000,0,172865000,-170760000,-100544000,27575000,-16000,28804000,28804000,28804000,0,0,0.036,153377000,14274000,39207000,0.0,0.94,20.854,20.712,354147000,0,349.0,0.757,0.752,15962000,340775000,793811000,793811000,0,0.027,0.048,0.054,0.074,0,128472000,1.0,1721150,1709621,1712775,464.32,1111661000,10812000,10212000,96762000,650.238,73234000
BH,MRY,2015-12-31,2015-12-31,2015-12-31,2018-02-27,-3679000,987079000,1175586500,112837000,874242000,0.733,290.078,-10948000,56523000,56523000,678263000,-15843000,0.966,1.187,303851000,7789000,296062000,303851000,0,24780000,0,0.0,0.0,-16079000,8701000,0.01,8701000,-16079000,-37431000,-10.18,-10.18,-10.18,451372000,599186500,451372000,937346261,-58,107.729,41549000,26.702,1.0,183189000,0.213,61695000,21352000,1055845000,1238019000,7593000,495439000,23750000,471689000,535707000,116867000,418840000,673369261,-73146000,0,222000,-12529000,0,-12307000,-113300000,-102352000,52497000,-36000,-15843000,-15843000,-15843000,0,0,-0.018,159912000,23277000,109078000,0.0,1.492,-42.503,-32.006,332324000,0,325.82,0.782,0.589,17716000,415982000,861452000,861452000,0,-0.013,-0.026,-0.013,-0.019,0,135132000,1.0,2066691,1556039,1556039,553.619,925384000,0,-21588000,111867000,594.705,-4030000
BH,MRY,2016-12-31,2016-12-31,2016-12-31,2018-02-27,-3584000,1096967000,1068549000,127789000,969178000,0.796,441.015,-10946000,75808000,75808000,668284000,99451000,1.065,1.062,288684000,7129000,281555000,288684000,0,22925000,0,0.0,0.0,167188000,190113000,0.224,190113000,167188000,146263000,81.37,81.28,81.37,531940000,502253500,531940000,1194119838,7,6.281,52403000,42.874,1.0,181792000,0.214,66054000,20925000,1123778000,1111089250,6773000,599934000,22297000,577637000,565027000,120011000,445016000,978087838,19285000,0,64000,-15295000,0,-15231000,-28795000,-17849000,63349000,-38000,99451000,99451000,99451000,0,0,0.117,150184000,31608000,112882000,0.0,1.839,9.835,5.815,312264000,0,473.2,1.151,0.68,14195000,515433000,850076000,850076000,0,0.093,0.198,0.15,0.197,0,127259000,1.0,2066965,1222261,1223616,695.495,1030913000,0,46812000,152315000,854.698,7778000
BH,MRY,2017-12-31,2017-12-31,2017-12-31,2018-02-27,-1404000,1063584000,1055749250,112639000,950945000,0.795,276.323,-7030000,58577000,58577000,687281000,50071000,0.831,0.862,263742000,6748000,256994000,263742000,0,21448000,0,0.0,0.0,7232000,28680000,0.034,28680000,7232000,-12890000,40.8,40.77,40.8,571328000,533340250,571328000,1069067827,147,37.276,18750000,9.068,1.0,152523000,0.182,66645000,20122000,1066612000,1073623250,7268000,589310000,23289000,566021000,492256000,135492000,356764000,856818827,-8603000,0,30000,-23030000,0,-23000000,-11548000,-4518000,25780000,165000,50071000,50071000,50071000,0,0,0.06,152256000,267000,128744000,0.0,1.5,17.112,10.157,295800000,0,414.4,1.02,1.02,16284000,565504000,839804000,839804000,0,0.047,0.094,0.007,0.009,0,130808000,1.0,2067613,2067613,,406.171,996939000,0,-62961000,88401000,482.169,-22853000
