ticker,dimension,calendardate,datekey,reportperiod,lastupdated,accoci,assets,assetsavg,assetsc,assetsnc,assetturnover,bvps,capex,cashneq,cashnequsd,cor,consolinc,currentratio,de,debt,debtc,debtnc,debtusd,deferredrev,depamor,deposits,divyield,dps,ebit,ebitda,ebitdamargin,ebitdausd,ebitusd,ebt,eps,epsdil,epsusd,equity,equityavg,equityusd,ev,evebit,evebitda,fcf,fcfps,fxusd,gp,grossmargin,intangibles,intexp,invcap,invcapavg,inventory,investments,investmentsc,investmentsnc,liabilities,liabilitiesc,liabilitiesnc,marketcap,ncf,ncfbus,ncfcommon,ncfdebt,ncfdiv,ncff,ncfi,ncfinv,ncfo,ncfx,netinc,netinccmn,netinccmnusd,netincdis,netincnci,netmargin,opex,opinc,payables,payoutratio,pb,pe,pe1,ppnenet,prefdivis,price,ps,ps1,receivables,retearn,revenue,revenueusd,rnd,roa,roe,roic,ros,sbcomp,sgna,sharefactor,sharesbas,shareswa,shareswadil,sps,tangibles,taxassets,taxexp,taxliabilities,tbvps,workingcapital
BITA,MRY,2011-12-31,2011-12-31,2011-12-31,2018-04-28,26464548,1301319952,1238507887,1159199535,142120417,0.541,21.474,-17080138,601377150,95393942,213770767,87173802,2.857,0.469,0,0,0,0,0,13457983,0,0.0,0.0,98170556,111628539,0.167,17707168,15572384,96932242,2.11,2.06,0.335,885861500,854637089,140520505,44511116,2,2.514,-103770385,-2.515,6.304,456183549,0.681,95447994,1238314,198734096,115908946,0,412708,0,412708,415458452,405760712,9697740,165013560,-197344480,-45376367,-16517415,-20000000,0,-39117812,-71536421,0,-86690247,-4418810,87173802,87173802,13828015,0,0,0.13,384368447,71815102,370289389,0.0,1.174,11.933,11.951,34967855,0,4.0,1.553,1.553,555783441,-1560667982,669954316,106272051,36634393,0.07,0.102,0.847,0.147,18717176,347734054,1.0,41253390,41253390,,2.576,1205871958,10871800,9758440,45169063,29.231,753438823
BITA,MRY,2012-12-31,2012-12-31,2012-12-31,2018-04-28,25878340,1423780861,1362550406,1222845475,200935386,0.776,23.722,-52127800,600385558,96280021,292150155,135161647,2.853,0.441,0,0,0,0,0,31317998,0,0.0,0.0,157856712,189174710,0.179,30336747,25314479,154084903,3.4,3.33,0.545,987804383,936832941,158407919,208468472,8,6.872,76234509,1.831,6.236,764755825,0.724,87302174,3771809,307408266,253071181,42572,23091642,37713,23053929,435976478,428684863,7291615,303978497,-3913341,-3000000,-46210492,0,0,-48972455,-83303195,-18973656,128362309,2921749,135161647,135161647,21675015,0,0,0.128,611150259,153605566,375723884,0.0,1.919,14.024,13.389,78042235,0,7.3,1.793,1.793,621615028,-1425506335,1056905980,169489304,53794845,0.099,0.144,0.624,0.149,13285819,557355414,1.0,41640890,41640890,,4.07,1336478687,12537048,18923256,60252594,32.095,794160612
BITA,MRY,2013-12-31,2013-12-31,2013-12-31,2018-04-28,19778613,2122100748,1772940804,1908290157,213810591,0.812,35.442,-26936244,1101660090,181619016,335198970,241228181,2.976,0.438,0,0,0,0,0,42145510,0,0.0,0.0,266235094,308380604,0.214,50839439,43891356,263483179,6.07,5.74,1.001,1475848881,1231826632,243307554,1233765555,28,24.268,303619528,7.291,6.066,1104133394,0.767,81140121,2751915,298081691,302744978,0,40644062,0,40644062,646251867,641218846,5033021,1330842844,504169999,-18000000,220132181,0,0,230372860,-56758633,-8097207,330555772,-2895467,241228181,241228181,39768732,0,0,0.168,847747299,256386095,601799294,0.0,5.47,33.465,31.938,74836453,0,31.96,5.609,5.609,806324225,-1184278154,1439332364,237287463,104405159,0.136,0.196,0.879,0.185,19386459,748868802,1.0,41640890,41640890,,5.698,2040960627,12235229,22254998,44452573,49.013,1267071311
BITA,MRY,2014-12-31,2014-12-31,2014-12-31,2018-04-28,28918250,3675307238,2898703993,2917013433,758293805,0.903,49.22,-46145000,1282662624,207082539,671960000,489571000,2.043,0.737,0,0,0,0,0,59276000,0,0.0,0.0,589622000,648898000,0.248,104762891,95192936,583282000,11.63,10.89,1.878,2055552812,1765700846,331863647,2866932344,30,27.366,363775000,8.711,6.194,1945879000,0.743,430635540,6340000,534476244,416278967,370994,157455579,0,157455579,1514392329,1427532830,86859499,3044214793,119813000,-107693000,29490000,0,0,28658000,-320288000,-158535000,409920000,1523000,485639000,485639000,78405151,0,3932000,0.186,1418620000,527259000,1310669774,0.0,9.173,38.827,37.499,127878000,0,70.41,7.203,6.957,1633877868,-699087430,2617839000,422643287,148078000,0.168,0.275,1.416,0.225,57104000,1259638000,1.0,43235546,41762778,44576182,10.12,3244671698,26205070,97643000,165398901,77.693,1489480603
BITA,MRY,2015-12-31,2015-12-31,2015-12-31,2018-04-28,281594000,13071012000,8373159619,7885047000,5185965000,0.508,148.335,-188890000,3391528000,522470433,1450744000,-385284000,2.964,0.319,361084000,361084000,0,55625580,0,551073000,0,0.0,0.0,-434334000,116739000,0.027,17983833,-66909862,-442474000,-8.72,-8.72,-1.343,8624570000,5340061406,1328629109,988226047,-14,54.951,412993000,7.103,6.491,2803451000,0.659,3054005000,8140000,4326062000,2430269122,0,1282758000,0,1282758000,2748724000,2660501000,88223000,1195843555,1719401000,-6118000,3375896000,361084000,0,5274932000,-4175746000,-3643033000,601883000,18332000,-506992000,-506992000,-78102946,0,121708000,-0.119,3265589000,-462138000,2187510000,0.0,0.9,-15.311,-21.052,123932000,0,28.28,1.825,2.509,5110586000,218191000,4254195000,655365695,312100000,-0.061,-0.095,-0.179,-0.102,120045000,3013997000,1.0,42285840,58142432,58142432,11.272,10017007000,28966000,64518000,152263000,172.284,5224546000
BITA,MRY,2016-12-31,2016-12-31,2016-12-31,2018-04-28,742302000,29934756000,21502884000,16474959000,13459797000,0.268,150.737,-507480000,7499565000,1079882070,2077979000,-337953000,1.378,1.647,12608784000,8535984000,4072800000,1815571938,0,689227000,0,0.0,0.0,-341621000,347606000,0.06,50052701,-49190905,-393776000,-8.31,-8.31,-1.197,9822065000,9223317500,1414304947,675437376,-13,13.495,19916000,0.306,6.945,3694969000,0.64,2787773000,52155000,20302286000,12314174000,0,1597472000,0,1597472000,16173045000,11953916000,4219129000,1143228173,-918885000,-56513000,998726000,12380254000,0,15422674000,-16966591000,-11289573000,527396000,97636000,-541345000,-541345000,-77949688,0,203392000,-0.094,3804197000,-109228000,3285117000,0.0,0.808,-14.666,-15.828,194560000,0,18.94,1.375,1.485,16882652000,-150515000,5772948000,831261951,457367000,-0.025,-0.059,-0.028,-0.059,76981000,3417811000,1.0,60360516,65160205,65160205,12.757,27146983000,17387000,147569000,184432000,416.619,4521043000
BITA,MRY,2017-12-31,2017-12-31,2017-12-31,2018-04-28,468257000,51515732000,40725244000,28117369000,23398363000,0.215,284.167,-1486479000,10366623000,1566996644,3234680000,-1426988000,1.239,1.569,25802991000,17409043000,8393948000,3900325140,0,873916000,0,0.0,0.0,-1314657000,-440741000,-0.05,-66621470,-198720750,-1407290000,-23.01,-23.16,-3.478,19935718000,14878891500,3013440655,2932812076,-14,-44.022,-558253000,-7.957,6.616,5516579000,0.63,2269976000,92633000,41982885000,31142585500,0,1856932000,0,1856932000,31278061000,22699239000,8578822000,2190592194,7533038000,-49585000,26673000,13002539000,0,19842120000,-13103691000,-15465291000,928226000,-133617000,-1611114000,-1611114000,-243532559,0,184126000,-0.184,6593172000,-1076593000,5118178000,0.0,0.727,-8.995,-9.143,1296196000,0,31.8,1.656,1.686,34285273000,-1493209000,8751259000,1322821663,565702000,-0.04,-0.108,-0.042,-0.15,1185839000,6059046000,1.0,68886547,70154910,70154910,18.856,49245756000,52508000,203824000,224255000,701.957,5418130000
