ticker,dimension,calendardate,datekey,reportperiod,lastupdated,accoci,assets,assetsavg,assetsc,assetsnc,assetturnover,bvps,capex,cashneq,cashnequsd,cor,consolinc,currentratio,de,debt,debtc,debtnc,debtusd,deferredrev,depamor,deposits,divyield,dps,ebit,ebitda,ebitdamargin,ebitdausd,ebitusd,ebt,eps,epsdil,epsusd,equity,equityavg,equityusd,ev,evebit,evebitda,fcf,fcfps,fxusd,gp,grossmargin,intangibles,intexp,invcap,invcapavg,inventory,investments,investmentsc,investmentsnc,liabilities,liabilitiesc,liabilitiesnc,marketcap,ncf,ncfbus,ncfcommon,ncfdebt,ncfdiv,ncff,ncfi,ncfinv,ncfo,ncfx,netinc,netinccmn,netinccmnusd,netincdis,netincnci,netmargin,opex,opinc,payables,payoutratio,pb,pe,pe1,ppnenet,prefdivis,price,ps,ps1,receivables,retearn,revenue,revenueusd,rnd,roa,roe,roic,ros,sbcomp,sgna,sharefactor,sharesbas,shareswa,shareswadil,sps,tangibles,taxassets,taxexp,taxliabilities,tbvps,workingcapital
BJRI,MRY,2011-12-31,2012-01-03,2012-01-03,2018-05-07,0,502079000,464632000,86999000,415080000,1.336,11.982,-94154000,22391000,22391000,152695000,31570000,1.173,0.51,0,0,0,0,0,34075000,0,0.0,0.0,43652000,77727000,0.125,77727000,43652000,43652000,1.14,1.08,1.14,332449000,315493250,332449000,1208119221,27,15.543,-13205000,-0.478,1.0,468248000,0.754,4673000,0,400847000,374584500,5963000,31078000,23005000,8073000,169630000,74168000,95462000,1220044221,-9127000,0,5097000,0,0,8188000,-98264000,-7021000,80949000,0,31570000,31570000,31570000,0,0,0.051,425861000,42387000,23757000,0.0,3.67,38.646,38.623,390591000,0,44.03,1.965,1.959,14539000,120673000,620943000,620943000,0,0.068,0.1,0.117,0.07,4678000,381713000,1.0,27709385,27631000,29143000,22.473,497406000,13199000,12082000,31561000,17.928,12831000
BJRI,MRY,2012-12-31,2013-01-01,2013-01-01,2018-05-07,0,559521000,535308000,75365000,484156000,1.323,13.25,-109182000,15074000,15074000,175636000,31409000,0.914,0.505,0,0,0,0,0,41347000,0,0.0,0.0,42434000,83781000,0.118,83781000,42434000,42656000,1.12,1.09,1.12,371834000,357818000,371834000,902582306,21,10.773,-20851000,-0.745,1.0,532689000,0.752,4673000,-222000,457290000,440845500,6061000,25960000,18316000,7644000,187687000,82484000,105203000,921966306,-7317000,0,1886000,0,0,3196000,-98844000,6598000,88331000,0,31409000,31409000,31409000,0,0,0.044,491824000,40865000,25665000,0.0,2.48,29.354,29.375,457499000,0,32.9,1.302,1.3,18929000,152082000,708325000,708325000,0,0.059,0.088,0.096,0.06,4585000,440521000,1.0,28023292,27994000,28857000,25.303,554848000,8366000,11247000,33492000,19.772,-7119000
BJRI,MRY,2013-12-31,2013-12-31,2013-12-31,2018-05-07,0,610879000,594671250,70836000,540043000,1.303,14.208,-117060000,22995000,22995000,191891000,21022000,0.769,0.522,0,0,0,0,0,49007000,0,0.0,0.0,24879000,73886000,0.095,73886000,24879000,25012000,0.75,0.73,0.75,401436000,393057750,401436000,861453877,34,11.659,-21516000,-0.763,1.0,583234000,0.752,4673000,-133000,491072000,488684750,7433000,9791000,7988000,1803000,209443000,92139000,117304000,876749877,7921000,0,1551000,0,0,2232000,-89855000,16087000,95544000,0,21022000,21022000,21022000,0,0,0.027,559374000,23860000,31485000,0.0,2.184,41.706,41.413,516502000,0,31.06,1.131,1.13,12776000,173104000,775125000,775125000,0,0.035,0.053,0.051,0.032,4418000,496544000,1.0,28227620,28194000,28895000,27.493,606206000,10616000,3990000,30579000,21.456,-21303000
BJRI,MRY,2014-12-31,2014-12-30,2014-12-30,2018-05-07,0,647083000,628978500,81318000,565765000,1.344,13.249,-88124000,30683000,30683000,212979000,27397000,0.76,0.856,58000000,0,58000000,58000000,0,55387000,0,0.0,0.0,36561000,91948000,0.109,91948000,36561000,36323000,0.99,0.97,0.99,348689000,383174750,348689000,1319572932,36,14.351,11916000,0.43,1.0,632590000,0.748,4673000,238000,562702000,518543500,8010000,0,0,0,298394000,107025000,191369000,1311971932,7688000,0,-88520000,58000000,0,-27162000,-65190000,9791000,100040000,0,27397000,27397000,27397000,0,0,0.032,597164000,35426000,34395000,0.0,3.763,47.887,50.808,541349000,0,50.3,1.552,1.648,18796000,200501000,845569000,845569000,0,0.044,0.072,0.071,0.043,4855000,532410000,1.0,26082941,27710000,28316000,30.515,642410000,14595000,8926000,38974000,24.41,-25707000
BJRI,MRY,2015-12-31,2015-12-29,2015-12-29,2018-05-07,0,681665000,662525500,93003000,588662000,1.388,12.612,-86070000,34604000,34604000,226942000,45325000,0.796,1.154,100500000,0,100500000,100500000,0,59417000,0,0.0,0.0,63122000,122539000,0.133,122539000,63122000,62107000,1.76,1.73,1.76,316483000,335806000,316483000,1169578300,18,9.545,41154000,1.6,1.0,692655000,0.753,4673000,1015000,625994000,586022750,8893000,0,0,0,365182000,116894000,248288000,1128650300,3921000,0,-87138000,42500000,0,-40711000,-82592000,0,127224000,0,45325000,45325000,45325000,0,0,0.049,629533000,63122000,33033000,0.0,3.566,24.901,25.443,561832000,0,44.78,1.227,1.252,25364000,245826000,919597000,919597000,0,0.068,0.135,0.108,0.069,5395000,563616000,1.0,25204339,25718000,26231000,35.757,676992000,16971000,16782000,46669000,26.978,-23891000
BJRI,MRY,2016-12-31,2017-01-03,2017-01-03,2018-05-07,0,691312000,684408750,58690000,632622000,1.451,12.067,-109363000,22761000,22761000,251460000,45557000,0.467,1.515,148000000,0,148000000,148000000,0,64275000,0,0.0,0.0,62821000,127096000,0.128,127096000,62821000,61091000,1.91,1.88,1.91,274897000,302771250,274897000,971817417,15,7.646,28996000,1.217,1.0,741592000,0.747,4673000,1730000,686180000,645372000,9907000,0,0,0,416415000,125698000,290717000,888465417,-11843000,0,-92860000,47500000,0,-45350000,-104852000,0,138359000,0,45557000,45557000,45557000,0,0,0.046,678771000,62821000,31145000,0.0,3.232,19.502,20.0,601324000,0,38.2,0.895,0.916,14698000,208697000,993052000,993052000,0,0.067,0.15,0.097,0.063,5527000,605359000,1.0,23258257,23824000,24233000,41.683,686639000,0,15534000,37587000,30.142,-67008000
BJRI,MRY,2017-12-31,2018-01-02,2018-01-02,2018-05-07,0,684958000,696018500,60329000,624629000,1.482,12.538,-70736000,24335000,24335000,268707000,44780000,0.492,1.647,163500000,0,163500000,163500000,0,68665000,0,0.003,0.11,39891000,108556000,0.105,108556000,39891000,35390000,2.1,2.06,2.1,258729000,256785000,258729000,923583229,23,8.508,36300000,1.698,1.0,763075000,0.74,4673000,4501000,696909000,728281250,10514000,0,0,0,426229000,122541000,303688000,758277229,1574000,0,-65540000,15500000,-2269000,-52631000,-52831000,0,107036000,0,44780000,44780000,44780000,0,0,0.043,723184000,39891000,25275000,0.052,2.931,16.933,17.5,589844000,0,36.75,0.735,0.761,13865000,189825000,1031782000,1031782000,0,0.064,0.174,0.055,0.039,6946000,646530000,1.0,20633394,21374000,21772000,48.273,680285000,0,-9390000,21694000,32.966,-62212000
