ticker,dimension,calendardate,datekey,reportperiod,lastupdated,accoci,assets,assetsavg,assetsc,assetsnc,assetturnover,bvps,capex,cashneq,cashnequsd,cor,consolinc,currentratio,de,debt,debtc,debtnc,debtusd,deferredrev,depamor,deposits,divyield,dps,ebit,ebitda,ebitdamargin,ebitdausd,ebitusd,ebt,eps,epsdil,epsusd,equity,equityavg,equityusd,ev,evebit,evebitda,fcf,fcfps,fxusd,gp,grossmargin,intangibles,intexp,invcap,invcapavg,inventory,investments,investmentsc,investmentsnc,liabilities,liabilitiesc,liabilitiesnc,marketcap,ncf,ncfbus,ncfcommon,ncfdebt,ncfdiv,ncff,ncfi,ncfinv,ncfo,ncfx,netinc,netinccmn,netinccmnusd,netincdis,netincnci,netmargin,opex,opinc,payables,payoutratio,pb,pe,pe1,ppnenet,prefdivis,price,ps,ps1,receivables,retearn,revenue,revenueusd,rnd,roa,roe,roic,ros,sbcomp,sgna,sharefactor,sharesbas,shareswa,shareswadil,sps,tangibles,taxassets,taxexp,taxliabilities,tbvps,workingcapital
BLIN,MRY,2011-12-31,2011-09-30,2011-09-30,2018-05-15,-117000,31409000,31433000,7296000,24113000,0.836,43.084,-677000,2528000,2528000,12995000,-782000,1.257,0.481,5198000,1966000,3232000,5198000,1169000,1718000,0,0.0,0.0,-547000,1171000,0.045,1171000,-547000,-758000,-1.5,-1.5,-1.5,21208000,21299250,21208000,9059902,-16,7.737,146000,0.299,1.0,13272000,0.505,21649000,211000,6628000,6697250,0,0,0,0,10201000,5802000,4399000,6546902,-517000,-696000,979000,-945000,0,34000,-1373000,0,823000,-1000,-782000,-782000,-782000,0,0,-0.03,13819000,-547000,1291000,0.0,0.309,-8.372,-8.867,1779000,0,13.3,0.249,0.247,4274000,-16770000,26267000,26267000,1866000,-0.025,-0.037,-0.082,-0.021,356000,10613000,1.0,492248,487510,487510,53.88,9760000,0,24000,0,19.827,1494000
BLIN,MRY,2012-12-31,2012-09-30,2012-09-30,2018-05-15,-176000,33690000,32866500,6751000,26939000,0.8,39.045,-1489000,2126000,2126000,11771000,-946000,1.225,0.467,4769000,1654000,3115000,4769000,1042000,1899000,0,0.0,0.0,-602000,1297000,0.049,1297000,-602000,-878000,-1.75,-1.75,-1.75,22970000,21921500,22970000,21306245,-35,16.427,-1210000,-2.312,1.0,14525000,0.552,23072000,276000,7752000,8091750,0,0,0,0,10720000,5509000,5211000,18244245,-402000,-472000,2347000,-1008000,0,1339000,-1961000,0,279000,-59000,-946000,-946000,-946000,0,0,-0.036,15127000,-602000,1132000,0.0,0.794,-19.286,-17.143,2735000,0,30.0,0.694,0.597,3977000,-17716000,26296000,26296000,1456000,-0.029,-0.043,-0.074,-0.023,386000,11661000,1.0,608141,523363,523363,50.244,10618000,0,68000,0,18.049,1242000
BLIN,MRY,2013-12-31,2013-09-30,2013-09-30,2018-05-15,-162000,36977000,34836250,6987000,29990000,0.703,32.449,-1359000,2830000,2830000,11538000,-3598000,1.009,0.626,6831000,1562000,5269000,6831000,1960000,2004000,0,0.0,0.0,-3154000,-1150000,-0.047,-1150000,-3154000,-3427000,-5.75,-5.75,-5.75,22748000,22401250,22748000,22801509,-7,-19.827,-1436000,-2.307,1.0,12968000,0.529,25294000,273000,8762000,7480250,0,0,0,0,14229000,6922000,7307000,19439509,704000,-895000,2280000,741000,0,3021000,-2254000,0,-77000,14000,-3598000,-3598000,-3598000,0,0,-0.147,16122000,-3154000,1746000,0.0,0.855,-5.403,-4.783,3065000,0,27.5,0.793,0.698,3194000,-21314000,24506000,24506000,1365000,-0.103,-0.161,-0.422,-0.129,437000,13067000,1.0,706891,622329,622329,39.378,11683000,0,171000,0,16.666,65000
BLIN,MRY,2014-12-31,2014-09-30,2014-09-30,2018-05-15,-333000,33560000,35237500,5345000,28215000,0.674,22.991,-468000,1256000,1256000,12205000,-6215000,0.905,0.684,7531000,1349000,6182000,7531000,1990000,2486000,0,0.0,0.0,-5233000,-2747000,-0.116,-2747000,-5233000,-5972000,-7.9,-7.9,-7.9,19933000,21610750,19933000,19296637,-3,-7.025,-4316000,-5.48,1.0,11532000,0.486,24723000,739000,9203000,9691750,0,0,0,0,13627000,5909000,7718000,14233637,-1574000,0,2993000,564000,0,2913000,-468000,0,-3848000,-171000,-6215000,-6215000,-6215000,0,0,-0.262,16765000,-5233000,1126000,0.0,0.714,-2.29,-2.057,2175000,0,16.25,0.6,0.539,3342000,-27529000,23737000,23737000,2386000,-0.176,-0.288,-0.54,-0.22,506000,12380000,1.0,875916,787597,787597,30.139,8837000,0,243000,0,10.193,-564000
BLIN,MRY,2015-12-31,2015-09-30,2015-09-30,2018-05-15,-356000,19187000,29157000,3480000,15707000,0.659,6.389,-187000,337000,337000,11039000,-16768000,0.683,2.383,8107000,412000,7695000,8107000,1542000,2319000,0,0.0,0.0,-16102000,-13783000,-0.717,-13783000,-16102000,-16994000,-19.4,-19.4,-19.4,5672000,14945250,5672000,13216484,0,-0.959,-2950000,-3.39,1.0,8185000,0.426,13669000,892000,8194000,8833000,0,0,0,0,13515000,5094000,8421000,5418484,-919000,0,203000,523000,0,2055000,-187000,0,-2763000,-24000,-16768000,-16882000,-16882000,0,0,-0.878,24287000,-16102000,1626000,0.0,0.955,-0.321,-0.314,1315000,114000,6.1,0.282,0.276,2463000,-44411000,19224000,19224000,1901000,-0.579,-1.13,-1.823,-0.838,314000,9695000,1.0,888276,870125,870125,22.093,5518000,0,-226000,0,6.215,-1614000
BLIN,MRY,2016-12-31,2016-09-30,2016-09-30,2018-05-15,-353000,17728000,17938250,3591000,14137000,0.886,6.076,-165000,661000,661000,7282000,-7824000,0.968,0.541,2160000,45000,2115000,2160000,1360000,1717000,0,0.0,0.0,-6957000,-5240000,-0.33,-5240000,-6957000,-7871000,-4.2,-4.2,-4.2,11502000,7226000,11502000,18809034,-2,-3.59,-2847000,-1.504,1.0,8613000,0.542,13189000,914000,2327000,4213250,0,0,0,0,6226000,3711000,2515000,14743034,324000,0,3715000,-154000,0,3168000,-165000,0,-2682000,3000,-7824000,-7955000,-7955000,0,0,-0.5,12156000,-3543000,1285000,0.0,1.282,-1.853,-0.94,512000,131000,3.95,0.928,0.47,2549000,-52366000,15895000,15895000,1578000,-0.443,-1.101,-1.651,-0.438,320000,8390000,1.0,3732413,1893003,1893003,8.397,4539000,0,-47000,0,2.398,-120000
BLIN,MRY,2017-12-31,2017-09-30,2017-09-30,2018-05-15,-350000,17573000,17869500,4126000,13447000,0.912,2.684,-93000,748000,748000,7160000,-1602000,1.138,0.559,2500000,0,2500000,2500000,1466000,641000,0,0.0,0.0,-1385000,-744000,-0.046,-744000,-1385000,-1586000,-0.45,-0.45,-0.45,11274000,11623250,11274000,13656433,-9,-18.355,-1033000,-0.249,1.0,9133000,0.561,12904000,201000,2794000,2591750,0,0,0,0,6299000,3627000,2672000,12056433,87000,0,852000,340000,0,1117000,-93000,0,-940000,3000,-1602000,-1883000,-1883000,0,0,-0.116,10518000,-1385000,1241000,0.0,1.069,-6.403,-6.378,209000,281000,2.87,0.74,0.731,3026000,-54249000,16293000,16293000,1587000,-0.105,-0.162,-0.534,-0.085,559000,8063000,1.0,4200848,4147140,4147140,3.929,4669000,0,16000,0,1.112,499000
