ticker,dimension,calendardate,datekey,reportperiod,lastupdated,accoci,assets,assetsavg,assetsc,assetsnc,assetturnover,bvps,capex,cashneq,cashnequsd,cor,consolinc,currentratio,de,debt,debtc,debtnc,debtusd,deferredrev,depamor,deposits,divyield,dps,ebit,ebitda,ebitdamargin,ebitdausd,ebitusd,ebt,eps,epsdil,epsusd,equity,equityavg,equityusd,ev,evebit,evebitda,fcf,fcfps,fxusd,gp,grossmargin,intangibles,intexp,invcap,invcapavg,inventory,investments,investmentsc,investmentsnc,liabilities,liabilitiesc,liabilitiesnc,marketcap,ncf,ncfbus,ncfcommon,ncfdebt,ncfdiv,ncff,ncfi,ncfinv,ncfo,ncfx,netinc,netinccmn,netinccmnusd,netincdis,netincnci,netmargin,opex,opinc,payables,payoutratio,pb,pe,pe1,ppnenet,prefdivis,price,ps,ps1,receivables,retearn,revenue,revenueusd,rnd,roa,roe,roic,ros,sbcomp,sgna,sharefactor,sharesbas,shareswa,shareswadil,sps,tangibles,taxassets,taxexp,taxliabilities,tbvps,workingcapital
BMO,MRY,2011-12-31,2011-10-31,2011-10-31,2017-12-05,666000000,500575000000,469142500000,,,0.03,44.571,-639000000,25656000000,25770394782,0,3114000000,,17.939,76489000000,,,76830048585,0,538000000,0,0.049,2.87,3990000000,4528000000,0.325,4548189412,4007790582,3990000000,4.9,4.84,4.922,26353000000,23267500000,26470502560,85881024239,21,18.882,977000000,1.652,0.996,13943000000,1.0,5211000000,0,546197000000,512256000000,0,273879000000,,,472739000000,,,38784067594,2216000000,677000000,129000000,4995000000,-1663000000,-191000000,97000000,59000000,1616000000,694000000,3114000000,3114000000,3127884680,0,0,0.223,8741000000,5202000000,0,0.583,1.465,12.399,12.022,2061000000,0,59.17,2.769,2.498,0,11381000000,13943000000,14005168944,0,0.007,0.134,0.008,0.286,0,7411000000,1.0,655468440,591253000,593555000,23.687,495364000000,4674000000,876000000,905000000,837.821,
BMO,MRY,2012-12-31,2012-10-31,2012-10-31,2017-12-05,480000000,525449000000,513012000000,,,0.031,38.744,-664000000,26282000000,26280633407,0,4156000000,,17.287,76268000000,,,76264034270,0,682000000,0,0.048,2.83,5030000000,5712000000,0.359,5711702991,5029738453,5030000000,6.13,6.1,6.13,28655000000,27504000000,28653510017,97269678196,19,17.03,9597000000,12.976,1.0,15929000000,1.0,5269000000,0,570166000000,558181500000,0,283884000000,,,495359000000,,,43725126164,286000000,-21000000,88000000,800000000,-1419000000,-2034000000,-7452000000,-6767000000,10261000000,-489000000,4156000000,4156000000,4155783899,0,0,0.261,10135000000,5794000000,0,0.462,1.526,10.522,9.645,2120000000,0,59.12,2.745,2.745,0,13540000000,15929000000,15928171735,0,0.008,0.151,0.009,0.316,0,8572000000,1.0,739599563,739599563,,21.536,520180000000,4199000000,874000000,575000000,703.327,
BMO,MRY,2013-12-31,2013-10-31,2013-10-31,2017-12-05,437000000,537044000000,531246500000,,,0.032,40.722,-615000000,32607000000,31222650138,0,4195000000,,16.802,58416000000,,,55935913468,0,694000000,0,0.041,2.88,5250000000,5944000000,0.353,5691643893,5027108081,5250000000,6.19,6.17,5.927,30107000000,29381000000,28828789146,101865995120,20,17.897,10829000000,14.647,1.044,16830000000,1.0,5330000000,0,557523000000,563844500000,0,268599000000,,,505865000000,,,51531276186,6433000000,140000000,-553000000,-1354000000,-1896000000,-4832000000,-1659000000,-1184000000,11444000000,1480000000,4195000000,4195000000,4016898743,0,0,0.249,10993000000,5837000000,0,0.486,1.787,12.829,11.759,2168000000,0,69.7,3.198,3.198,0,15087000000,16830000000,16115472193,0,0.008,0.143,0.009,0.312,0,8716000000,1.0,739329644,739329644,,21.797,531714000000,4092000000,1055000000,545000000,719.184,
BMO,MRY,2014-12-31,2014-10-31,2014-10-31,2017-12-05,1375000000,588659000000,562851500000,,,0.032,47.346,-737000000,34496000000,30666082313,0,4333000000,,16.124,65918000000,,,58599455413,0,747000000,0,0.038,2.79,5236000000,5983000000,0.328,5318737548,4654673208,5236000000,6.44,6.41,5.725,34313000000,32210000000,30503399885,76870317338,16,14.453,-3664000000,-5.056,1.125,18223000000,1.0,7405000000,0,612676000000,585099500000,0,292685000000,,,553255000000,,,52615394007,2038000000,-956000000,133000000,594000000,-1851000000,-465000000,3034000000,4727000000,-2927000000,2396000000,4333000000,4333000000,3851928764,0,0,0.238,12426000000,5797000000,0,0.487,1.725,13.659,12.681,2276000000,0,72.6,3.248,3.248,0,17237000000,18223000000,16199791802,0,0.008,0.135,0.009,0.287,0,9314000000,1.0,724729945,724729945,,22.353,581254000000,3684000000,903000000,413000000,802.028,
BMO,MRY,2015-12-31,2015-10-31,2015-10-31,2017-12-05,4640000000,641881000000,615270000000,,,0.032,52.164,-524000000,47677000000,36414531595,0,4405000000,,15.27,68281000000,,,52151365058,0,788000000,438169000000,0.044,2.56,5341000000,6129000000,0.316,4681180949,4079325738,5341000000,6.59,6.57,5.033,39422000000,36867500000,30109563616,71468709695,17,15.267,1726000000,2.284,1.309,19389000000,1.0,8277000000,0,654208000000,633442000000,0,301800000000,,,601968000000,,,43900352505,11909000000,0,-567000000,3686000000,-2135000000,149000000,4026000000,4550000000,2250000000,5484000000,4405000000,4405000000,3364431731,0,0,0.227,13436000000,5953000000,0,0.509,1.458,13.048,11.541,2285000000,0,58.09,2.964,2.964,0,18930000000,19389000000,14808846049,0,0.007,0.119,0.008,0.275,0,10418000000,1.0,755729945,755729945,,19.595,633604000000,3723000000,936000000,367000000,838.4,
BMO,MRY,2016-12-31,2016-10-31,2016-10-31,2017-12-05,4426000000,687935000000,664908000000,,,0.032,57.262,-611000000,36102000000,26901639344,0,4631000000,,15.261,67772000000,,,50500745156,0,1047000000,473372000000,0.04,2.56,5732000000,6779000000,0.321,5051415797,4271236959,5732000000,6.94,6.92,5.171,42304000000,40863000000,31523099851,62394141337,14,12.352,-3339000000,-4.52,1.342,21087000000,1.0,8559000000,0,711046000000,682627000000,0,319595000000,,,645607000000,,,46986620487,-8642000000,-12147000000,137000000,6894000000,-2219000000,8046000000,-15332000000,-2574000000,-2728000000,1372000000,4631000000,4631000000,3450819672,0,0,0.22,14540000000,6547000000,0,0.495,1.491,13.616,12.298,2147000000,0,63.6,2.99,2.99,0,21205000000,21087000000,15713114754,0,0.007,0.113,0.008,0.272,0,10944000000,1.0,738783341,738783341,,21.269,679376000000,4007000000,1101000000,323000000,919.588,
BMO,MRY,2017-12-31,2017-10-31,2017-10-31,2017-12-05,3066000000,709580000000,698757500000,,,0.032,57.906,-791000000,39089000000,30320353707,0,5350000000,,14.998,57996000000,,,44986037852,0,1103000000,483488000000,0.035,2.7,6646000000,7749000000,0.348,6010704312,5155134967,6646000000,7.95,7.92,6.167,44354000000,43329000000,34404281725,82307573161,15,13.693,2117000000,2.764,1.289,22260000000,1.0,8403000000,0,720084000000,715565000000,0,328180000000,,,665226000000,,,58680297721,946000000,0,-291000000,3993000000,-2010000000,1996000000,-3155000000,-2364000000,2908000000,-803000000,5350000000,5350000000,4149860378,0,0,0.24,14840000000,7420000000,0,0.438,1.706,14.14,12.423,2033000000,0,76.61,3.399,3.399,0,23709000000,22260000000,17266521874,0,0.008,0.123,0.009,0.299,0,11214000000,1.0,765961333,765961333,,22.542,701177000000,4236000000,1296000000,358000000,915.421,
