ticker,dimension,calendardate,datekey,reportperiod,lastupdated,accoci,assets,assetsavg,assetsc,assetsnc,assetturnover,bvps,capex,cashneq,cashnequsd,cor,consolinc,currentratio,de,debt,debtc,debtnc,debtusd,deferredrev,depamor,deposits,divyield,dps,ebit,ebitda,ebitdamargin,ebitdausd,ebitusd,ebt,eps,epsdil,epsusd,equity,equityavg,equityusd,ev,evebit,evebitda,fcf,fcfps,fxusd,gp,grossmargin,intangibles,intexp,invcap,invcapavg,inventory,investments,investmentsc,investmentsnc,liabilities,liabilitiesc,liabilitiesnc,marketcap,ncf,ncfbus,ncfcommon,ncfdebt,ncfdiv,ncff,ncfi,ncfinv,ncfo,ncfx,netinc,netinccmn,netinccmnusd,netincdis,netincnci,netmargin,opex,opinc,payables,payoutratio,pb,pe,pe1,ppnenet,prefdivis,price,ps,ps1,receivables,retearn,revenue,revenueusd,rnd,roa,roe,roic,ros,sbcomp,sgna,sharefactor,sharesbas,shareswa,shareswadil,sps,tangibles,taxassets,taxexp,taxliabilities,tbvps,workingcapital
BNNY,MRY,2011-12-31,2011-03-31,2011-03-31,2017-04-11,0,67261000,,29071000,38190000,,-65.272,-886000,7333000,7333000,71804000,20155000,1.813,-0.532,0,0,0,0,0,494000,0,,0.0,-4266000,-3772000,-0.032,-3772000,-4266000,-5151000,1.29,0.5,1.29,-30148000,,-30148000,,,,17352000,37.568,1.0,45812000,0.39,30989000,885000,12903000,,9653000,0,0,0,16036000,16036000,0,,-1217000,0,26000,-6066000,-12529000,-18569000,-886000,0,18238000,0,596000,596000,596000,0,19559000,0.005,30674000,15138000,10490000,0.0,,,,1555000,0,,,,9128000,-34868000,117616000,117616000,0,,,,-0.036,373000,30674000,1.0,,461884,1201125,254.644,36272000,7134000,-5747000,0,78.531,13035000
BNNY,MRY,2012-12-31,2012-03-31,2012-03-31,2017-04-11,0,72429000,69845000,26045000,46384000,2.026,-72.537,-3538000,562000,562000,85877000,10036000,2.708,-0.74,12796000,0,12796000,12796000,0,845000,0,0.0,0.0,7005000,7850000,0.055,7850000,7005000,6844000,0.65,0.27,0.65,-34436000,-32292000,-34436000,,,,-2247000,-4.79,1.0,55604000,0.393,31985000,161000,43060000,27981500,10202000,0,0,0,25492000,9618000,15874000,594374267,-6771000,0,-3920000,12796000,-13550000,-4524000,-3538000,0,1291000,0,303000,303000,303000,0,9733000,0.002,37790000,17814000,2166000,0.0,-17.26,1961.631,53.6,4298000,0,34.84,4.201,0.116,11870000,-38829000,141481000,141481000,0,0.004,-0.009,0.25,0.05,651000,37790000,1.0,17060111,469089,1111088,301.608,40444000,6809000,6541000,0,85.192,16427000
BNNY,MRY,2013-12-31,2013-03-31,2013-03-31,2017-04-11,0,89535000,86105000,47611000,41924000,1.968,3.771,-2766000,4930000,4930000,104566000,11252000,2.88,0.376,7007000,0,7007000,7007000,0,1065000,0,0.0,0.0,19532000,20597000,0.122,20597000,19532000,19364000,0.66,0.64,0.66,65082000,71847000,65082000,650404850,33,31.578,5950000,0.347,1.0,64906000,0.383,31925000,168000,43154000,34932500,15147000,0,0,0,24453000,16533000,7920000,663364850,4368000,0,-3906000,-5789000,0,-1582000,-2766000,0,8716000,0,11252000,11252000,11252000,0,0,0.066,45461000,19445000,4342000,0.0,10.193,58.955,57.97,6138000,0,38.26,3.914,3.867,18756000,-28125000,169472000,169472000,0,0.131,0.157,0.559,0.115,-7049000,45461000,1.0,17338339,17129334,17707839,9.894,57610000,7432000,8112000,0,3.338,31078000
BNNY,MRY,2014-12-31,2014-03-31,2014-03-31,2017-04-11,0,103641000,95239500,61710000,41931000,2.143,4.994,-1637000,17608000,17608000,128475000,15289000,3.462,0.221,0,0,0,0,0,1466000,0,0.0,0.0,26161000,27627000,0.135,27627000,26161000,25826000,0.9,0.88,0.9,84912000,77205000,84912000,679890748,25,24.61,15609000,0.922,1.0,75629000,0.371,31864000,335000,36345000,37861750,18489000,0,0,0,18729000,17824000,905000,683176748,12378000,0,1958000,-7007000,0,-2931000,-1937000,0,17246000,0,15289000,15289000,15289000,0,0,0.075,49509000,26120000,7144000,0.0,8.046,44.684,44.656,6620000,0,40.19,3.347,3.333,18324000,-12836000,204104000,204104000,0,0.161,0.198,0.691,0.128,-1653000,49509000,1.0,16998675,16926827,17412548,12.058,71777000,6351000,10537000,0,4.221,43886000
