ticker,dimension,calendardate,datekey,reportperiod,lastupdated,accoci,assets,assetsavg,assetsc,assetsnc,assetturnover,bvps,capex,cashneq,cashnequsd,cor,consolinc,currentratio,de,debt,debtc,debtnc,debtusd,deferredrev,depamor,deposits,divyield,dps,ebit,ebitda,ebitdamargin,ebitdausd,ebitusd,ebt,eps,epsdil,epsusd,equity,equityavg,equityusd,ev,evebit,evebitda,fcf,fcfps,fxusd,gp,grossmargin,intangibles,intexp,invcap,invcapavg,inventory,investments,investmentsc,investmentsnc,liabilities,liabilitiesc,liabilitiesnc,marketcap,ncf,ncfbus,ncfcommon,ncfdebt,ncfdiv,ncff,ncfi,ncfinv,ncfo,ncfx,netinc,netinccmn,netinccmnusd,netincdis,netincnci,netmargin,opex,opinc,payables,payoutratio,pb,pe,pe1,ppnenet,prefdivis,price,ps,ps1,receivables,retearn,revenue,revenueusd,rnd,roa,roe,roic,ros,sbcomp,sgna,sharefactor,sharesbas,shareswa,shareswadil,sps,tangibles,taxassets,taxexp,taxliabilities,tbvps,workingcapital
BOX,MRY,2011-12-31,2011-12-31,2011-12-31,2018-03-22,,,,,,,,-13467000,,,6873000,-50271000,,,,,,,,2838000,,,0.0,-50161000,-47323000,-2.244,-47323000,-50161000,-50270000,-9.53,-9.53,-9.53,,,,,,,-47740000,-9.035,1.0,14211000,0.674,,109000,,,,,,,,,,,30283000,-1012000,250000,10631000,0,102849000,-38293000,-23814000,-34273000,0,-50271000,-50351000,-50351000,0,0,-2.388,64065000,-49854000,,0.0,,,,,80000,,,,,,21084000,21084000,14396000,,,,-2.379,6222000,49669000,,,5284000,5284000,3.99,,,1000,,,
BOX,MRY,2012-12-31,2013-01-31,2013-01-31,2018-03-22,0,195792000,,161979000,33813000,,-23.901,-19499000,127625000,127625000,14280000,-112563000,2.833,-0.531,31028000,968000,30060000,31028000,40099000,8616000,0,,0.0,-110740000,-102124000,-1.737,-102124000,-110740000,-112504000,-14.68,-14.68,-14.68,-183656000,,-183656000,,,,-101250000,-13.177,1.0,44517000,0.757,830000,1764000,41185000,,0,0,0,0,97549000,57180000,40369000,,91360000,-62000,2241000,19776000,0,172797000,314000,19875000,-81751000,0,-112563000,-112789000,-112789000,0,0,-1.918,153646000,-109129000,11906000,0.0,,,,29949000,226000,,,,17218000,-192609000,58797000,58797000,28996000,,,,-1.883,7536000,124650000,1.0,,7684000,7684000,7.652,194962000,0,59000,0,25.372,104799000
BOX,MRY,2013-12-31,2014-01-31,2014-01-31,2018-03-22,15000,235429000,215610500,166448000,68981000,0.576,-26.432,-32185000,108851000,108851000,25974000,-168557000,1.363,-0.525,34000000,0,34000000,34000000,90072000,17867000,0,,0.0,-167283000,-149416000,-1.203,-149416000,-167283000,-170988000,-14.89,-14.89,-14.89,-332512000,-258084000,-332512000,,,,-123954000,-10.93,1.0,98218000,0.791,14648000,3705000,23771000,32478000,0,0,0,0,174724000,122159000,52565000,,-18774000,0,2415000,1773000,0,105165000,-32185000,0,-91769000,15000,-168557000,-168898000,-168898000,0,0,-1.36,256998000,-158780000,12405000,0.0,,,,41385000,341000,,,,42669000,-361166000,124192000,124192000,45967000,-0.783,0.654,-5.151,-1.347,11749000,211031000,1.0,,11341000,11341000,10.951,220781000,0,-2431000,0,17.55,44289000
BOX,MRY,2014-12-31,2015-01-31,2015-01-31,2018-03-22,-56000,492666000,364047500,406229000,86437000,0.595,16.912,-38883000,333803000,333803000,47273000,-168227000,2.446,0.837,41863000,625000,41238000,41863000,120057000,29019000,0,0.0,0.0,-166787000,-137768000,-0.637,-137768000,-166787000,-168796000,-11.48,-11.48,-11.48,268129000,-32191500,268129000,2127955616,-12,-15.446,-123783000,-7.808,1.0,169167000,0.782,17585000,2009000,17088000,20429500,0,0,0,0,224537000,166053000,58484000,2253225616,221585000,0,190253000,5931000,0,345439000,-38883000,0,-84900000,-71000,-168227000,-181992000,-181992000,0,0,-0.841,335823000,-166656000,17486000,0.0,8.404,-12.381,-1.639,58446000,13765000,18.81,10.41,1.378,54174000,-529393000,216440000,216440000,66402000,-0.5,5.653,-8.164,-0.771,31929000,269421000,1.0,119788709,15854000,15854000,13.652,475081000,0,-569000,0,29.966,240176000
BOX,MRY,2015-12-31,2016-01-31,2016-01-31,2018-03-22,-84000,497488000,484846500,319994000,177494000,0.624,1.118,-73137000,213693000,213693000,87100000,-202948000,1.278,2.608,52014000,4698000,47316000,52014000,186413000,40394000,0,0.0,0.0,-201101000,-160707000,-0.531,-160707000,-201101000,-202258000,-1.67,-1.67,-1.67,137901000,185354750,137901000,1158003585,-5,-7.206,-139458000,-1.15,1.0,215604000,0.712,18196000,1157000,67147000,106447250,0,7379000,7379000,0,359587000,250466000,109121000,1328440585,-144695000,0,15125000,-2176000,0,2513000,-80861000,-7724000,-66321000,-26000,-202948000,-202948000,-202948000,0,0,-0.67,416607000,-201003000,9862000,0.0,9.633,-6.546,-6.443,120492000,0,10.76,4.389,4.31,99542000,-732341000,302704000,302704000,102500000,-0.419,-1.095,-1.889,-0.664,59504000,314107000,1.0,123461021,121240000,121240000,2.497,479292000,0,690000,0,3.886,69528000
BOX,MRY,2016-12-31,2017-01-31,2017-01-31,2018-03-22,-120000,493674000,450847750,322101000,171573000,0.884,0.576,-14869000,204172000,204172000,112130000,-151787000,1.081,5.606,75445000,13748000,61697000,75445000,241984000,40154000,0,0.0,0.0,-149977000,-109823000,-0.276,-109823000,-149977000,-150873000,-1.19,-1.19,-1.19,74732000,96500000,74732000,2083684740,-13,-18.973,-16087000,-0.126,1.0,286475000,0.719,16836000,896000,50170000,56439500,0,0,0,0,418942000,297941000,121001000,2213142740,-8350000,0,26812000,-8781000,0,479000,-7572000,7297000,-1218000,-39000,-151787000,-151787000,-151787000,0,0,-0.381,437130000,-150655000,6658000,0.0,29.614,-14.581,-14.345,117176000,0,17.07,5.552,5.459,120113000,-884128000,398605000,398605000,115928000,-0.337,-1.573,-2.657,-0.376,78372000,321202000,1.0,129651010,127469000,127469000,3.127,476838000,0,914000,0,3.675,24160000
BOX,MRY,2017-12-31,2018-01-31,2018-01-31,2018-03-22,288000,553566000,489480000,399189000,154377000,1.034,0.11,-11715000,208426000,208426000,135248000,-154960000,1.013,35.983,85824000,18844000,66980000,85824000,320923000,40112000,0,0.0,0.0,-153232000,-113120000,-0.223,-113120000,-153232000,-154245000,-1.16,-1.16,-1.16,14968000,35755750,14968000,2913140906,-19,-25.753,50107000,0.374,1.0,370894000,0.733,16317000,1013000,20680000,38237750,0,0,0,0,538598000,393967000,144631000,3027802906,30685000,0,32059000,-16122000,0,-19830000,-11715000,0,61822000,408000,-154960000,-154960000,-154960000,0,0,-0.306,524915000,-154021000,17036000,0.0,202.285,-19.539,-19.172,123977000,0,22.24,5.982,5.885,162133000,-1039088000,506142000,506142000,136791000,-0.317,-4.334,-4.007,-0.303,97485000,388124000,1.0,136142217,133932000,133932000,3.779,537249000,0,715000,0,3.933,5222000
