ticker,dimension,calendardate,datekey,reportperiod,lastupdated,accoci,assets,assetsavg,assetsc,assetsnc,assetturnover,bvps,capex,cashneq,cashnequsd,cor,consolinc,currentratio,de,debt,debtc,debtnc,debtusd,deferredrev,depamor,deposits,divyield,dps,ebit,ebitda,ebitdamargin,ebitdausd,ebitusd,ebt,eps,epsdil,epsusd,equity,equityavg,equityusd,ev,evebit,evebitda,fcf,fcfps,fxusd,gp,grossmargin,intangibles,intexp,invcap,invcapavg,inventory,investments,investmentsc,investmentsnc,liabilities,liabilitiesc,liabilitiesnc,marketcap,ncf,ncfbus,ncfcommon,ncfdebt,ncfdiv,ncff,ncfi,ncfinv,ncfo,ncfx,netinc,netinccmn,netinccmnusd,netincdis,netincnci,netmargin,opex,opinc,payables,payoutratio,pb,pe,pe1,ppnenet,prefdivis,price,ps,ps1,receivables,retearn,revenue,revenueusd,rnd,roa,roe,roic,ros,sbcomp,sgna,sharefactor,sharesbas,shareswa,shareswadil,sps,tangibles,taxassets,taxexp,taxliabilities,tbvps,workingcapital
BR,MRY,2011-12-31,2011-06-30,2011-06-30,2018-05-08,16100000,1904000000,1697925000,751400000,1152600000,1.276,6.466,-47300000,241500000,241500000,1617100000,169600000,0.96,1.388,524300000,400000000,124300000,524300000,80700000,72300000,0,0.025,0.6,267500000,339800000,0.157,339800000,267500000,267500000,1.36,1.32,1.36,797300000,735725000,797300000,3382303685,12,9.954,167000000,1.338,1.0,549800000,0.254,882800000,0,521300000,626125000,0,0,0,0,1106700000,782700000,324000000,2969403685,-171100000,-293500000,-174300000,200000000,-74800000,-52500000,-340800000,0,214300000,7900000,169600000,169600000,169600000,2200000,0,0.078,280100000,269700000,119000000,0.441,3.724,17.508,17.699,83100000,0,24.07,1.37,1.386,406600000,642200000,2166900000,2166900000,0,0.1,0.231,0.427,0.123,27900000,270000000,1.0,123365338,124800000,128300000,17.363,1021200000,0,97900000,71300000,8.282,-31300000
BR,MRY,2012-12-31,2012-06-30,2012-06-30,2018-05-08,3500000,1987600000,1956500000,777400000,1210200000,1.177,6.804,-46700000,320500000,320500000,1715100000,123600000,1.895,1.337,524400000,0,524400000,524400000,85800000,92000000,0,0.03,0.64,199500000,291500000,0.127,291500000,199500000,199500000,1.0,0.97,1.0,850500000,806900000,850500000,3002020478,15,10.299,237500000,1.914,1.0,588400000,0.255,923300000,0,857900000,968725000,0,0,0,0,1137100000,410300000,726800000,2656520478,79000000,-72400000,-8000000,0,-78100000,-88700000,-110500000,2100000,284200000,-6000000,123600000,123600000,123600000,1400000,0,0.054,387500000,200900000,102200000,0.64,3.123,21.493,21.27,79000000,0,21.27,1.153,1.146,370700000,686100000,2303500000,2303500000,0,0.063,0.153,0.206,0.087,24400000,299900000,1.0,124895180,124100000,127500000,18.562,1064300000,0,75900000,63200000,8.514,367100000
BR,MRY,2013-12-31,2013-06-30,2013-06-30,2018-05-08,4200000,2018200000,1906700000,807000000,1211200000,1.275,6.777,-50900000,266000000,266000000,1767800000,212100000,1.719,1.473,524500000,0,524500000,524500000,89400000,93400000,0,0.027,0.72,323200000,416600000,0.171,416600000,323200000,323200000,1.74,1.69,1.74,816000000,789975000,816000000,3564450824,11,8.556,220000000,1.805,1.0,663000000,0.273,899000000,0,908200000,900925000,0,0,0,0,1202200000,469500000,732700000,3222150824,-54500000,0,-192200000,0,-85800000,-273200000,-52000000,0,270900000,-200000,212100000,212100000,212100000,0,0,0.087,339800000,323200000,143100000,0.414,3.949,15.192,15.276,80900000,0,26.58,1.326,1.333,442400000,811300000,2430800000,2430800000,0,0.111,0.268,0.359,0.133,22500000,323600000,1.0,121224636,121900000,125400000,19.941,1119200000,0,111100000,71200000,9.296,337500000
BR,MRY,2014-12-31,2014-06-30,2014-06-30,2018-05-08,10300000,2192100000,2042050000,880600000,1311500000,1.253,7.981,-40300000,347600000,347600000,1761400000,263000000,1.818,1.279,524100000,0,524100000,524100000,120500000,97400000,0,0.02,0.84,395500000,492900000,0.193,492900000,395500000,395500000,2.2,2.12,2.2,961700000,889025000,961700000,5304412874,13,10.762,347400000,2.905,1.0,796600000,0.311,986100000,0,898100000,935700000,0,0,0,0,1230400000,484400000,746000000,5024712874,81600000,-96900000,-80200000,-500000,-96700000,-158900000,-150300000,0,387700000,3100000,263000000,263000000,263000000,0,0,0.103,378400000,418200000,116300000,0.382,5.225,19.105,18.927,88300000,0,41.64,1.964,1.947,424800000,973900000,2558000000,2558000000,0,0.129,0.296,0.423,0.155,11800000,378400000,1.0,120670338,119600000,124100000,21.388,1206000000,0,132500000,62400000,10.008,396200000
BR,MRY,2015-12-31,2015-06-30,2015-06-30,2018-05-08,-20900000,2368100000,2206925000,861400000,1506700000,1.221,7.797,-50300000,324100000,324100000,1828200000,287100000,1.693,1.552,689400000,0,689400000,689400000,147800000,79000000,0,0.022,1.08,461500000,540500000,0.201,540500000,461500000,438900000,2.39,2.32,2.39,927800000,945050000,927800000,6314142448,13,11.682,381100000,3.178,1.0,866000000,0.321,1166200000,22600000,1058300000,995975000,0,0,0,0,1440300000,508900000,931400000,5994942448,-23500000,-202900000,-239600000,165000000,-122300000,-158300000,-276400000,-7500000,431400000,-20200000,287100000,287100000,287100000,0,0,0.107,399100000,466900000,115900000,0.452,6.461,20.881,20.925,97300000,0,50.01,2.225,2.226,444500000,1132000000,2694200000,2694200000,0,0.13,0.304,0.463,0.171,-1900000,399100000,1.0,119874874,119900000,124000000,22.47,1201900000,0,151800000,61700000,10.1,352500000
BR,MRY,2016-12-31,2016-06-30,2016-06-30,2018-05-08,-38200000,2872700000,2512450000,1289100000,1583600000,1.153,8.838,-57700000,727700000,727700000,1975900000,307500000,1.86,1.748,1015500000,124800000,890700000,1015500000,153000000,79200000,0,0.018,1.2,494600000,573800000,0.198,573800000,494600000,468900000,2.6,2.53,2.6,1045500000,953450000,1045500000,8172739776,16,14.243,380000000,3.212,1.0,921100000,0.318,1209600000,25700000,1258000000,1223850000,0,0,0,0,1827300000,692900000,1134400000,7707639776,403700000,-53000000,-95000000,332900000,-138200000,108600000,-136900000,-4900000,437700000,-5700000,307500000,307500000,307500000,0,0,0.106,420900000,500200000,133200000,0.462,7.372,25.065,25.077,112200000,0,65.2,2.661,2.662,453400000,1297800000,2897000000,2897000000,0,0.122,0.323,0.404,0.171,21800000,420900000,1.0,118215334,118300000,121600000,24.489,1663100000,0,161400000,61600000,14.058,596200000
BR,MRY,2017-12-31,2017-06-30,2017-06-30,2018-05-08,-55800000,3149800000,3075350000,989600000,2160200000,1.347,8.572,-175400000,271100000,271100000,3109600000,326800000,1.329,2.138,1102100000,0,1102100000,1102100000,156700000,100500000,0,0.017,1.32,530900000,631400000,0.152,631400000,530900000,488200000,2.77,2.7,2.77,1003800000,995800000,1003800000,9881298742,18,15.65,340500000,2.886,1.0,1033000000,0.249,1645700000,42700000,1590200000,1635600000,0,0,0,0,2146000000,744900000,1401100000,8884198742,-456700000,-448700000,-281900000,85000000,-152200000,-311700000,-659300000,-6000000,515900000,-1600000,326800000,326800000,326800000,0,0,0.079,501400000,531600000,167200000,0.477,8.851,27.185,27.278,198100000,0,75.56,2.145,2.152,589500000,1469400000,4142600000,4142600000,0,0.106,0.328,0.325,0.128,5500000,501400000,1.0,117578067,118000000,120800000,35.107,1504100000,0,161400000,82000000,12.845,244700000
