ticker,dimension,calendardate,datekey,reportperiod,lastupdated,accoci,assets,assetsavg,assetsc,assetsnc,assetturnover,bvps,capex,cashneq,cashnequsd,cor,consolinc,currentratio,de,debt,debtc,debtnc,debtusd,deferredrev,depamor,deposits,divyield,dps,ebit,ebitda,ebitdamargin,ebitdausd,ebitusd,ebt,eps,epsdil,epsusd,equity,equityavg,equityusd,ev,evebit,evebitda,fcf,fcfps,fxusd,gp,grossmargin,intangibles,intexp,invcap,invcapavg,inventory,investments,investmentsc,investmentsnc,liabilities,liabilitiesc,liabilitiesnc,marketcap,ncf,ncfbus,ncfcommon,ncfdebt,ncfdiv,ncff,ncfi,ncfinv,ncfo,ncfx,netinc,netinccmn,netinccmnusd,netincdis,netincnci,netmargin,opex,opinc,payables,payoutratio,pb,pe,pe1,ppnenet,prefdivis,price,ps,ps1,receivables,retearn,revenue,revenueusd,rnd,roa,roe,roic,ros,sbcomp,sgna,sharefactor,sharesbas,shareswa,shareswadil,sps,tangibles,taxassets,taxexp,taxliabilities,tbvps,workingcapital
BRFS,MRY,2011-12-31,2011-12-31,2011-12-31,2018-04-30,-161500000,29983500000,28867500000,11123800000,18859700000,0.89,16.209,-1670200000,1366800000,732761370,19047000000,1365100000,1.393,1.125,8324300000,3723200000,4601100000,4462778370,0,886300000,0,0.022,0.421,2849200000,3735500000,0.145,2002655911,1527497583,1523900000,1.571,1.571,0.842,14110000000,13873250000,7564576338,20150593968,13,10.062,-518600000,-0.596,1.865,6659200000,0.259,4386100000,1325300000,24567100000,23679700000,2679200000,1570000000,1396200000,173800000,15873500000,7987800000,7885700000,17041580046,-943800000,-234900000,-72000000,259500000,-501600000,-326300000,-1884900000,29200000,1151600000,115800000,1367400000,1367400000,733083039,0,-2300000,0.053,4667100000,1992100000,2681300000,0.5,2.253,23.246,23.212,9798400000,0,19.55,1.237,1.235,3210200000,1760400000,25706200000,13781467913,0,0.047,0.099,0.12,0.111,0,4264400000,1.0,871692074,870507468,870546236,15.832,25597400000,4281300000,156500000,2999900000,29.405,3136000000
BRFS,MRY,2012-12-31,2012-12-31,2012-12-31,2018-04-30,-201000000,30765500000,30374500000,11590000000,19175500000,0.855,16.778,-2146100000,1930700000,942452641,20072100000,777400000,1.549,1.109,9771700000,2694200000,7077500000,4769961402,0,942500000,0,0.003,0.056,1890500000,2833000000,0.109,1382901711,922829398,754700000,0.894,0.894,0.436,14589200000,14349600000,7121577708,22030640390,23,15.931,297500000,0.342,2.049,5902500000,0.227,4751700000,1135800000,26373200000,25470150000,3018600000,859300000,655100000,204200000,16176300000,7481600000,8694700000,18354169802,563900000,-62600000,13400000,910600000,-439800000,450300000,-2372800000,45600000,2443600000,42900000,770000000,770000000,375868096,27200000,7400000,0.03,4564900000,1337600000,3381200000,0.128,2.577,48.831,48.373,10670700000,0,21.11,1.448,1.448,3142300000,2274200000,25974600000,12679251251,0,0.025,0.054,0.074,0.073,0,4173100000,1.0,869453804,869534940,869703606,14.582,26013800000,2824800000,-15300000,1204100000,29.917,4108400000
BRFS,MRY,2013-12-31,2013-12-31,2013-12-31,2018-04-30,-353700000,32374600000,31570050000,13242500000,19132100000,0.88,16.882,-1471200000,3127700000,1324802615,20877600000,1066800000,1.57,1.203,10538400000,3053800000,7484600000,4463759276,0,1117400000,0,0.015,0.313,2756300000,3873700000,0.139,1640786486,1167488394,1191500000,1.226,1.224,0.519,14696200000,14642700000,6224882247,22081543023,18,13.458,1847500000,2.122,2.361,6909900000,0.249,4757900000,1564800000,26591400000,26482300000,3111600000,1088100000,471200000,616900000,17678400000,8436000000,9242400000,18208516644,1197000000,-73000000,53200000,-231300000,-579100000,-757200000,-1512600000,125500000,3318700000,148200000,1062400000,1062400000,450001694,-47200000,4400000,0.038,5026400000,1883500000,3674700000,0.603,2.925,40.463,40.189,10821600000,0,20.87,1.547,1.544,3346200000,2511900000,27787500000,11769975602,0,0.034,0.073,0.104,0.099,0,4568300000,1.0,872473246,870534511,871441705,13.52,27616700000,2769400000,129100000,1313100000,31.724,4806500000
BRFS,MRY,2014-12-31,2014-12-31,2014-12-31,2018-04-30,-620400000,36103700000,34239150000,17488300000,18615400000,0.847,18.026,-1367900,6006900000,2255881368,20497400000,2224800000,1.828,1.301,12301800000,0,12301800000,4619920661,0,1230400,0,0.016,0.363,5149100000,5150330400,0.178,1934198070,1933735996,2577600000,2.556,2.555,0.96,15689900000,15193050000,5892316017,23650339114,12,12.227,3633900,0.004,2.663,8509400000,0.293,4328600000,2571500000,28500900000,27546150000,2941400000,1823100000,845700000,977400000,20413800000,9569100000,10844700000,20372250294,2879200,-427600,99800,58100,-726000,-568100,-1913600,-500,5001800,359100,2225000000,2225000000,835595073,-89800000,-200000,0.077,5056700000,3452700000,3522200000,0.378,3.457,24.381,24.325,10059300000,0,23.35,1.87,1.866,3054600000,3945800000,29006800000,10893455807,0,0.065,0.146,0.187,0.178,0,4618600000,1.0,872473246,870412068,870823890,12.515,31775100000,2635200000,352600000,1601800000,36.506,7919200000
BRFS,MRY,2015-12-31,2015-12-31,2015-12-31,2018-04-30,-1079500000,40388000000,38245850000,19180100000,21207900000,0.842,16.432,-1839200000,6709200000,1699265986,22107700000,3130800000,1.65,1.919,17020500000,4469400000,12551100000,4310850283,0,1316600000,0,0.036,0.499,7747200000,9063800000,0.282,2295624970,1962164408,2721700000,3.718,3.717,0.942,13836000000,14762950000,3504299199,13798565067,7,6.011,2297400000,2.729,3.948,10088900000,0.313,5010900000,5025500000,34067200000,31284050000,4032900000,2520300000,1167800000,1352500000,26552000000,11621200000,14930800000,11979422673,-644100000,1804700000,82400000,-3507200000,-889100000,-4293900000,-1686300000,71400000,4136600000,1199500000,3111200000,3111200000,787986099,-183100000,19600000,0.097,5756700000,4332200000,4745000000,0.53,3.418,15.203,14.676,10915800000,0,13.82,1.469,1.427,3880400000,6076800000,32196600000,8154561984,0,0.081,0.211,0.248,0.241,0,5312000000,1.0,866817849,842000012,842401821,9.685,35377100000,3456500000,-389500000,1773500000,42.016,7558900000
BRFS,MRY,2016-12-31,2016-12-31,2016-12-31,2018-04-30,-1290300000,42944900000,41666450000,18893700000,24051200000,0.81,15.238,-2396900000,6575200000,2019720473,26206400000,-367400000,1.495,2.514,20298000000,4580600000,15717400000,6234986945,0,1602800000,0,0.016,0.23,4183900000,5786700000,0.172,1777514974,1285178927,-322500000,-0.458,-0.458,-0.141,12219400000,13027700000,3753463369,15681364907,12,8.822,-575700000,-0.718,3.256,7526500000,0.223,6672600000,4506400000,37354700000,35710950000,4791600000,1971800000,771300000,1200500000,30725500000,12640400000,18085100000,12877705111,994000000,-2873000000,6400000,4890600000,-1176300000,3720700000,-4159900000,-148100000,1821200000,-387900000,-372400000,-372400000,-114391030,0,5000000,-0.011,5740600000,1785900000,5839800000,-1.635,3.431,-112.576,-104.915,11746200000,0,14.76,1.243,1.142,3095800000,1350700000,33732900000,10361818461,0,-0.009,-0.029,0.117,0.124,0,5543100000,1.0,872473246,801903266,801903266,12.922,36272300000,3856500000,49900000,1872800000,45.233,6253300000
BRFS,MRY,2017-12-31,2017-12-31,2017-12-31,2018-04-30,-1405200000,45228500000,44086700000,19185400000,26043100000,0.759,14.576,-1501100000,6138600000,1853889828,26565300000,-1098900000,1.287,2.861,21159600000,5746600000,15413000000,6390311669,0,1918000000,0,0.0,0.0,2255100000,4173100000,0.125,1260298381,681052186,-1372200000,-1.367,-1.367,-0.413,11712900000,11966150000,3537358057,13641355880,20,10.824,-848400000,-1.056,3.311,6904100000,0.206,7197600000,3627300000,38144000000,37749350000,4948200000,1502700000,341500000,1161200000,33515600000,14907900000,18607700000,9148448749,-346200000,-1120900000,509900000,697200000,0,1207100000,-2288000000,259300000,652700000,82000000,-1125600000,-1125600000,-339937182,0,26700000,-0.034,6190300000,713800000,6445500000,0.0,2.586,-26.912,-27.274,12190600000,0,11.26,0.905,0.895,3925300000,101400000,33469400000,10107936699,0,-0.026,-0.094,0.06,0.067,0,5302100000,1.0,812473246,803559763,803559763,12.579,38030900000,5035800000,-246600000,2525700000,47.328,4277500000
