ticker,dimension,calendardate,datekey,reportperiod,lastupdated,accoci,assets,assetsavg,assetsc,assetsnc,assetturnover,bvps,capex,cashneq,cashnequsd,cor,consolinc,currentratio,de,debt,debtc,debtnc,debtusd,deferredrev,depamor,deposits,divyield,dps,ebit,ebitda,ebitdamargin,ebitdausd,ebitusd,ebt,eps,epsdil,epsusd,equity,equityavg,equityusd,ev,evebit,evebitda,fcf,fcfps,fxusd,gp,grossmargin,intangibles,intexp,invcap,invcapavg,inventory,investments,investmentsc,investmentsnc,liabilities,liabilitiesc,liabilitiesnc,marketcap,ncf,ncfbus,ncfcommon,ncfdebt,ncfdiv,ncff,ncfi,ncfinv,ncfo,ncfx,netinc,netinccmn,netinccmnusd,netincdis,netincnci,netmargin,opex,opinc,payables,payoutratio,pb,pe,pe1,ppnenet,prefdivis,price,ps,ps1,receivables,retearn,revenue,revenueusd,rnd,roa,roe,roic,ros,sbcomp,sgna,sharefactor,sharesbas,shareswa,shareswadil,sps,tangibles,taxassets,taxexp,taxliabilities,tbvps,workingcapital
BRLI,MRY,2011-12-31,2011-10-31,2011-10-31,2017-06-15,0,283259000,271994000,206780000,76479000,1.919,6.744,-14117000,22895000,22895000,287853000,36359000,2.506,0.493,33882000,22904000,10978000,33882000,0,15005000,0,0.0,0.0,66593000,81598000,0.156,81598000,66593000,64846000,1.3,1.29,1.3,189767000,174809000,189767000,586117996,8,7.183,16829000,0.602,1.0,234228000,0.449,30312000,1747000,181420000,176425500,9691000,0,0,0,93492000,82514000,10978000,560115996,4234000,-1425000,498000,-11668000,0,-11170000,-15542000,0,30946000,0,36359000,36359000,36359000,0,0,0.07,174454000,59774000,38612000,0.0,2.952,15.405,15.415,43567000,0,20.04,1.073,1.074,148060000,143907000,522081000,522081000,0,0.134,0.208,0.377,0.128,40000,174454000,1.0,,,28207358,18.665,252947000,23552000,28487000,8853000,8.989,124266000
BRLI,MRY,2012-12-31,2012-10-31,2012-10-31,2017-06-15,0,312825000,298774750,223577000,89248000,2.056,8.202,-15715000,26099000,26099000,337644000,42156000,3.107,0.377,18047000,4421000,13626000,18047000,0,16663000,0,0.0,0.0,75971000,92634000,0.151,92634000,75971000,74516000,1.52,1.51,1.52,227247000,209356250,227247000,771798844,10,8.332,37383000,1.348,1.0,276611000,0.45,29731000,1455000,203090000,196622500,14902000,4977000,0,4977000,85578000,71952000,13626000,768934844,3130000,-5675000,-4966000,-23612000,0,-28578000,-21390000,0,53098000,0,42156000,42156000,42156000,0,0,0.069,200480000,76131000,41288000,0.0,3.384,18.24,18.263,50440000,0,27.76,1.252,1.254,153247000,186063000,614255000,614255000,0,0.141,0.201,0.386,0.124,290000,200480000,1.0,,,27920920,22.141,283094000,27190000,32360000,9753000,10.218,151625000
BRLI,MRY,2013-12-31,2013-10-31,2013-10-31,2017-06-15,0,421528000,370822250,294878000,126650000,1.929,9.813,-25100000,18969000,18969000,392815000,45825000,2.204,0.552,46199000,31817000,14382000,46199000,0,19739000,0,0.0,0.0,82703000,102442000,0.143,102442000,82703000,81097000,1.65,1.65,1.65,271595000,253450250,271595000,901899833,10,8.804,-7438000,-0.269,1.0,322539000,0.451,51505000,1606000,263491000,234785500,19095000,5237000,0,5237000,149933000,133762000,16171000,896888833,-7191000,-19013000,-1767000,21027000,0,19260000,-44113000,0,17662000,0,45825000,45825000,45825000,0,0,0.064,240566000,81973000,61614000,0.0,3.302,19.572,19.642,65649000,0,32.41,1.254,1.255,206261000,231888000,715354000,715354000,0,0.124,0.181,0.352,0.116,290000,240566000,1.0,,,27851720,25.834,370023000,44231000,35272000,18292000,13.37,161116000
BRLI,MRY,2014-12-31,2014-10-31,2014-10-31,2017-06-15,0,478863000,456059500,351849000,127014000,1.825,11.506,-15523000,18563000,18563000,462283000,46758000,2.434,0.502,55429000,40032000,15397000,55429000,0,25164000,0,0.0,0.0,83413000,108577000,0.13,108577000,83413000,80967000,1.69,1.68,1.69,318902000,294943250,318902000,872283425,10,8.034,1052000,0.038,1.0,369999000,0.445,49588000,2446000,321577000,298850000,20791000,5153000,0,5153000,159961000,144564000,15397000,832938425,-445000,-2303000,259000,547000,0,806000,-17826000,0,16575000,0,46758000,46758000,46758000,0,0,0.056,286574000,83425000,71166000,0.0,2.612,17.814,17.775,66388000,0,30.04,1.001,1.0,263346000,278646000,832282000,832282000,0,0.103,0.159,0.279,0.1,290000,286574000,1.0,,,27855125,30.028,429275000,43454000,34209000,15620000,15.488,207285000
