ticker,dimension,calendardate,datekey,reportperiod,lastupdated,accoci,assets,assetsavg,assetsc,assetsnc,assetturnover,bvps,capex,cashneq,cashnequsd,cor,consolinc,currentratio,de,debt,debtc,debtnc,debtusd,deferredrev,depamor,deposits,divyield,dps,ebit,ebitda,ebitdamargin,ebitdausd,ebitusd,ebt,eps,epsdil,epsusd,equity,equityavg,equityusd,ev,evebit,evebitda,fcf,fcfps,fxusd,gp,grossmargin,intangibles,intexp,invcap,invcapavg,inventory,investments,investmentsc,investmentsnc,liabilities,liabilitiesc,liabilitiesnc,marketcap,ncf,ncfbus,ncfcommon,ncfdebt,ncfdiv,ncff,ncfi,ncfinv,ncfo,ncfx,netinc,netinccmn,netinccmnusd,netincdis,netincnci,netmargin,opex,opinc,payables,payoutratio,pb,pe,pe1,ppnenet,prefdivis,price,ps,ps1,receivables,retearn,revenue,revenueusd,rnd,roa,roe,roic,ros,sbcomp,sgna,sharefactor,sharesbas,shareswa,shareswadil,sps,tangibles,taxassets,taxexp,taxliabilities,tbvps,workingcapital
BSET,MRY,2011-12-31,2011-11-26,2011-11-26,2018-03-28,-608000,223174000,215616500,140203000,82971000,1.174,13.329,-3957000,69601000,69601000,125642000,55342000,2.705,0.464,3662000,0,3662000,3662000,0,5514000,9238000,0.012,0.095,60663000,66177000,0.261,66177000,60663000,59751000,4.84,4.79,4.84,152435000,142290000,152435000,27939404,0,0.422,-9388000,-0.821,1.0,127566000,0.504,0,912000,105408000,118109250,45129000,0,0,0,70739000,51827000,18912000,90692404,58530000,72908000,-2792000,-12053000,-695000,-15542000,79503000,292000,-5431000,0,55342000,55342000,55342000,0,0,0.219,145694000,-18128000,18821000,0.02,0.595,1.639,1.638,66203000,0,7.93,0.358,0.358,14756000,96331000,253208000,253208000,0,0.257,0.389,0.514,0.24,0,121933000,1.0,11436621,11436621,,22.14,223174000,1160000,4409000,0,19.514,88376000
BSET,MRY,2012-12-31,2012-11-24,2012-11-24,2018-03-28,-1223000,227180000,220938500,132508000,94672000,1.221,14.44,-8981000,45566000,45566000,128350000,26713000,2.52,0.444,3053000,0,3053000,3053000,0,5473000,12253000,0.173,1.95,12309000,17782000,0.066,17782000,12309000,12014000,2.43,2.41,2.43,157280000,155149000,157280000,68282416,5,3.84,-1025000,-0.094,1.0,141322000,0.524,0,295000,132087000,118348000,57916000,0,0,0,69900000,52580000,17320000,122535416,-24035000,861000,-6157000,-570000,-21441000,-28184000,-3807000,4313000,7956000,0,26713000,26713000,26713000,0,0,0.099,136242000,5080000,22405000,0.802,0.779,4.587,4.63,69360000,0,11.25,0.454,0.454,15755000,104319000,269672000,269672000,0,0.121,0.172,0.104,0.046,0,134801000,1.0,10892037,10892037,,24.759,227180000,17317000,-14699000,0,20.857,79928000
BSET,MRY,2013-12-31,2013-11-30,2013-11-30,2018-03-28,-1414000,225849000,226002750,126374000,99475000,1.422,14.409,-13344000,12733000,12733000,155292000,5096000,2.457,0.435,2467000,0,2467000,2467000,0,6198000,16214000,0.014,0.22,8442000,14640000,0.046,14640000,8442000,8187000,0.48,0.47,0.48,157409000,158597250,157409000,166239131,19,11.355,-2704000,-0.248,1.0,165994000,0.517,0,255000,164142000,149797250,53069000,28125000,28125000,0,68440000,51441000,16999000,172281131,-32833000,2348000,-1044000,-549000,-2935000,-4441000,-39032000,-28036000,10640000,0,5096000,5096000,5096000,0,0,0.016,155989000,10005000,19892000,0.458,1.094,33.807,32.854,74706000,0,15.77,0.536,0.536,16080000,104526000,321286000,321286000,0,0.023,0.032,0.056,0.026,0,155318000,1.0,10924612,10924612,,29.409,225849000,15152000,3091000,0,20.673,74933000
BSET,MRY,2014-12-31,2014-11-29,2014-11-29,2018-03-28,-1974000,240746000,231106750,130094000,110652000,1.474,14.943,-12823000,26673000,26673000,158317000,9299000,1.948,0.535,2218000,316000,1902000,2218000,0,7316000,22202000,0.024,0.48,14795000,22111000,0.065,22111000,14795000,14607000,0.88,0.87,0.88,156832000,157246500,156832000,188508469,12,8.526,17438000,1.662,1.0,182421000,0.535,1730000,188000,147788000,156834750,57272000,23125000,23125000,0,83914000,66773000,17141000,205705469,13940000,2348000,-4994000,-528000,-5155000,-11166000,-5155000,5320000,30261000,0,9299000,9299000,9299000,0,0,0.027,167290000,15131000,22251000,0.545,1.312,22.121,22.273,74812000,0,19.6,0.604,0.604,15228000,106339000,340738000,340738000,0,0.04,0.059,0.094,0.043,300000,166073000,1.0,10495177,10495177,,32.466,239016000,14969000,5308000,0,22.774,63321000
BSET,MRY,2015-12-31,2015-11-28,2015-11-28,2018-03-28,-2678000,282543000,271389500,147284000,135259000,1.588,16.222,-10993000,36268000,36268000,179291000,20433000,1.845,0.593,13773000,5273000,8500000,13773000,0,10137000,23999000,0.017,0.54,32475000,42612000,0.099,42612000,32475000,31868000,1.91,1.88,1.91,177366000,172729500,177366000,341497712,10,8.014,23403000,2.14,1.0,251636000,0.584,17682000,607000,162516000,172390000,59896000,23125000,23125000,0,105177000,79850000,25327000,347261712,9595000,-8668000,2285000,-1461000,-5786000,-5140000,-19661000,0,34396000,0,20433000,20433000,20433000,0,0,0.047,225829000,25807000,20916000,0.283,1.958,16.995,16.628,96104000,0,31.76,0.806,0.806,21197000,120904000,430927000,430927000,0,0.075,0.118,0.188,0.075,0,224050000,1.0,10933933,10933933,,39.412,264861000,13471000,11435000,0,24.224,67434000
BSET,MRY,2016-12-31,2016-11-26,2016-11-26,2018-03-28,-2553000,278267000,275916750,140569000,137698000,1.566,16.73,-20834000,35144000,35144000,167519000,15829000,1.825,0.54,7111000,3290000,3821000,7111000,0,12249000,25181000,0.02,0.58,26329000,38578000,0.089,38578000,26329000,25777000,1.47,1.46,1.47,180705000,180509000,180705000,305202923,11,7.911,18228000,1.688,1.0,264519000,0.612,17360000,552000,155861000,170290500,53215000,23125000,23125000,0,97562000,77013000,20549000,319173923,-1124000,0,-6097000,-6867000,-6311000,-19352000,-20834000,0,39062000,0,15829000,15829000,15829000,0,0,0.037,236326000,28193000,21281000,0.395,1.766,20.164,20.102,104655000,0,29.55,0.739,0.739,18358000,129388000,432038000,432038000,0,0.057,0.088,0.155,0.061,0,235178000,1.0,10801148,10801148,,39.999,260907000,8071000,9948000,0,24.155,63556000
BSET,MRY,2017-12-31,2017-11-25,2017-11-25,2018-03-28,-2570000,293748000,280062250,159382000,134366000,1.616,17.835,-11026000,53949000,53949000,177579000,18256000,1.912,0.534,3734000,3405000,329000,3734000,0,13312000,27107000,0.018,0.72,28110000,41422000,0.092,41422000,28110000,27876000,1.71,1.7,1.71,191460000,187919750,191460000,387690386,13,9.36,25358000,2.362,1.0,274924000,0.608,17351000,234000,142826000,156785250,54476000,23125000,23125000,0,102288000,83356000,18932000,420287386,18805000,-655000,395000,-3473000,-7725000,-11444000,-6135000,5546000,36384000,0,18256000,18256000,18256000,0,0,0.04,248990000,25934000,21760000,0.421,2.195,23.022,22.895,103244000,0,39.15,0.929,0.929,19640000,139378000,452503000,452503000,0,0.065,0.097,0.179,0.062,0,245493000,1.0,10735310,10735310,,42.151,276397000,8393000,9620000,0,25.747,76026000
