ticker,dimension,calendardate,datekey,reportperiod,lastupdated,accoci,assets,assetsavg,assetsc,assetsnc,assetturnover,bvps,capex,cashneq,cashnequsd,cor,consolinc,currentratio,de,debt,debtc,debtnc,debtusd,deferredrev,depamor,deposits,divyield,dps,ebit,ebitda,ebitdamargin,ebitdausd,ebitusd,ebt,eps,epsdil,epsusd,equity,equityavg,equityusd,ev,evebit,evebitda,fcf,fcfps,fxusd,gp,grossmargin,intangibles,intexp,invcap,invcapavg,inventory,investments,investmentsc,investmentsnc,liabilities,liabilitiesc,liabilitiesnc,marketcap,ncf,ncfbus,ncfcommon,ncfdebt,ncfdiv,ncff,ncfi,ncfinv,ncfo,ncfx,netinc,netinccmn,netinccmnusd,netincdis,netincnci,netmargin,opex,opinc,payables,payoutratio,pb,pe,pe1,ppnenet,prefdivis,price,ps,ps1,receivables,retearn,revenue,revenueusd,rnd,roa,roe,roic,ros,sbcomp,sgna,sharefactor,sharesbas,shareswa,shareswadil,sps,tangibles,taxassets,taxexp,taxliabilities,tbvps,workingcapital
BV,MRY,2011-12-31,2011-04-30,2011-04-30,2017-11-28,52000,37972000,,31095000,6877000,,-1.644,-2282000,15300000,15300000,25615000,-20057000,0.866,-1.49,0,0,0,0,32160000,2311000,0,,0.0,-19496000,-17185000,-0.267,-17185000,-19496000,-19496000,-1.13,-1.13,-1.13,-29250000,,-29250000,,,,-2929000,-0.165,1.0,38867000,0.603,0,0,-13229000,,0,0,0,0,43589000,35901000,7688000,,-986000,0,2068000,0,0,2068000,-2282000,0,-647000,-125000,-20057000,-20103000,-20103000,0,0,-0.312,58571000,-19704000,1558000,0.0,,,,6865000,46000,,,,12954000,-40828000,64482000,64482000,10847000,,,,-0.302,4681000,47724000,1.0,,17790000,17790000,3.625,37972000,0,561000,399000,2.134,-4806000
BV,MRY,2012-12-31,2012-04-30,2012-04-30,2017-11-28,-20000,156867000,97419500,147551000,9316000,1.089,3.545,-5119000,74867000,74867000,37416000,-24367000,2.571,0.676,0,0,0,0,45586000,3108000,0,0.0,0.0,-23556000,-20448000,-0.193,-20448000,-23556000,-23556000,-0.92,-0.92,-0.92,93598000,32174000,93598000,,,,-5439000,-0.206,1.0,68720000,0.647,0,0,24600000,5685500,0,50834000,50834000,0,63269000,57400000,5869000,1160599139,59317000,0,115827000,0,0,115905000,-56253000,-50884000,-320000,-15000,-24367000,-24367000,-24367000,0,0,-0.23,91435000,-22715000,2523000,0.0,12.4,-47.63,-21.533,8868000,0,19.81,10.935,4.928,17977000,-65157000,106136000,106136000,21266000,-0.25,-0.757,-4.143,-0.222,7632000,70169000,1.0,58586529,26403000,26403000,4.02,156867000,0,811000,31000,5.941,90151000
BV,MRY,2013-12-31,2013-04-30,2013-04-30,2017-11-28,-146000,341943000,339064000,182139000,159804000,0.433,3.306,-10853000,25649000,25649000,47350000,-63752000,1.937,0.417,0,0,0,0,52959000,10900000,0,0.0,0.0,-64398000,-53498000,-0.364,-53498000,-64398000,-64924000,-0.92,-0.92,-0.92,241349000,254586000,241349000,503258410,-7,-9.407,-32664000,-0.471,1.0,99462000,0.677,143582000,526000,78702000,59806000,0,70290000,70290000,0,100594000,94010000,6584000,527707410,-49322000,-60750000,63169000,0,0,63679000,-91084000,-19481000,-21811000,-106000,-63752000,-63752000,-63752000,16249000,0,-0.434,147309000,-47847000,6362000,0.0,2.186,-8.278,-7.88,14461000,0,7.25,3.594,3.424,27582000,-128909000,146812000,146812000,32169000,-0.188,-0.25,-1.077,-0.439,21943000,104104000,1.0,72787229,69336000,69336000,2.117,198361000,0,-1172000,2032000,2.717,88129000
BV,MRY,2014-12-31,2014-04-30,2014-04-30,2017-11-28,328000,327270000,324134250,154294000,172976000,0.519,2.677,-10020000,32538000,32538000,52905000,-63166000,1.33,0.585,27000000,27000000,0,27000000,56673000,15068000,0,0.0,0.0,-63476000,-48408000,-0.288,-48408000,-63476000,-63666000,-0.84,-0.84,-0.84,206462000,221119750,206462000,487428776,-7,-10.069,-54128000,-0.716,1.0,115240000,0.685,152543000,190000,53200000,23368500,0,40700000,40700000,0,120808000,115989000,4819000,516724776,6889000,-9616000,13499000,27000000,0,40715000,9848000,29484000,-44108000,434000,-63166000,-63166000,-63166000,10320000,0,-0.376,167756000,-52516000,3346000,0.0,2.503,-8.18,-8.0,17005000,0,6.72,3.073,3.02,39099000,-192075000,168145000,168145000,37585000,-0.195,-0.286,-2.716,-0.378,13611000,112852000,1.0,76893568,75564000,75564000,2.225,174727000,0,-500000,1730000,2.266,38305000
BV,MRY,2015-12-31,2015-04-30,2015-04-30,2017-11-28,-638000,342961000,329431500,169280000,173681000,0.58,2.403,-11438000,54041000,54041000,69906000,-34421000,1.853,0.792,57000000,0,57000000,57000000,62930000,12453000,0,0.0,0.0,-32916000,-20463000,-0.107,-20463000,-32916000,-34367000,-0.44,-0.44,-0.44,191383000,194796250,191383000,438848465,-13,-21.446,-28004000,-0.356,1.0,121275000,0.634,150653000,1451000,103931000,78605250,0,52730000,52730000,0,151578000,91336000,60242000,427635465,22107000,25500000,7545000,30000000,0,36845000,2485000,-12077000,-16566000,-657000,-34421000,-34421000,-34421000,1257000,0,-0.18,151858000,-30583000,3539000,0.0,2.234,-12.424,-12.227,19054000,0,5.38,2.237,2.213,49532000,-226496000,191181000,191181000,37695000,-0.104,-0.177,-0.419,-0.172,12195000,108880000,1.0,79486146,78645000,78645000,2.431,192308000,0,54000,0,2.415,77944000
BV,MRY,2016-12-31,2016-04-30,2016-04-30,2017-11-28,-878000,328282000,335070750,142657000,185625000,0.596,2.265,-23982000,43963000,43963000,76867000,-25339000,1.55,0.779,42000000,0,42000000,42000000,65216000,14062000,0,0.0,0.0,-23121000,-9059000,-0.045,-9059000,-23121000,-25301000,-0.31,-0.31,-0.31,184534000,185786250,184534000,271993340,-11,-30.025,-4265000,-0.053,1.0,122899000,0.615,148762000,2180000,85545000,96222250,0,50682000,50682000,0,143748000,92012000,51736000,272937340,-10078000,4501000,3027000,-15000000,0,-11973000,-17665000,1816000,19717000,-157000,-25339000,-25339000,-25339000,0,0,-0.127,145910000,-23011000,6110000,0.0,1.479,-10.771,-10.806,31649000,0,3.35,1.366,1.356,39597000,-251835000,199766000,199766000,41477000,-0.076,-0.136,-0.24,-0.116,15086000,100206000,1.0,81473833,80859000,80859000,2.471,179520000,0,38000,0,2.203,50645000
BV,MRY,2017-12-31,2017-04-30,2017-04-30,2017-11-28,-1682000,321955000,321100250,142515000,179440000,0.627,2.225,-9098000,52494000,52494000,76403000,-15941000,1.126,0.728,32000000,32000000,0,32000000,72196000,14139000,0,0.0,0.0,-13533000,606000,0.003,606000,-13533000,-15388000,-0.19,-0.19,-0.19,186305000,184246250,186305000,391861246,-28,646.636,5667000,0.068,1.0,124832000,0.62,146872000,1855000,28021000,57946750,0,38689000,38689000,0,135650000,126568000,9082000,393148246,8531000,0,1786000,-10000000,0,-8214000,2625000,11723000,14765000,-645000,-15941000,-15941000,-15941000,0,0,-0.079,137961000,-13129000,4310000,0.0,2.11,-24.663,-24.737,28358000,0,4.7,1.954,1.94,43713000,-267776000,201235000,201235000,40087000,-0.05,-0.087,-0.234,-0.067,16282000,97200000,1.0,83648563,83051000,83051000,2.423,175083000,0,553000,0,2.091,15947000
