ticker,dimension,calendardate,datekey,reportperiod,lastupdated,accoci,assets,assetsavg,assetsc,assetsnc,assetturnover,bvps,capex,cashneq,cashnequsd,cor,consolinc,currentratio,de,debt,debtc,debtnc,debtusd,deferredrev,depamor,deposits,divyield,dps,ebit,ebitda,ebitdamargin,ebitdausd,ebitusd,ebt,eps,epsdil,epsusd,equity,equityavg,equityusd,ev,evebit,evebitda,fcf,fcfps,fxusd,gp,grossmargin,intangibles,intexp,invcap,invcapavg,inventory,investments,investmentsc,investmentsnc,liabilities,liabilitiesc,liabilitiesnc,marketcap,ncf,ncfbus,ncfcommon,ncfdebt,ncfdiv,ncff,ncfi,ncfinv,ncfo,ncfx,netinc,netinccmn,netinccmnusd,netincdis,netincnci,netmargin,opex,opinc,payables,payoutratio,pb,pe,pe1,ppnenet,prefdivis,price,ps,ps1,receivables,retearn,revenue,revenueusd,rnd,roa,roe,roic,ros,sbcomp,sgna,sharefactor,sharesbas,shareswa,shareswadil,sps,tangibles,taxassets,taxexp,taxliabilities,tbvps,workingcapital
BWLD,MRY,2011-12-31,2011-12-25,2011-12-25,2017-10-25,-295000,495359000,453730750,139245000,356114000,1.729,17.321,-130127000,20530000,20530000,572599000,50426000,1.219,0.558,0,0,0,0,1852000,49913000,0,0.0,0.0,72902000,122815000,0.157,122815000,72902000,72902000,2.75,2.73,2.75,317986000,295804500,317986000,1202371472,16,9.79,18133000,0.989,1.0,211879000,0.27,38798000,0,321761000,298244500,6311000,39956000,39956000,0,177373000,114270000,63103000,1252571472,5221000,-33744000,1709000,0,0,3690000,-146682000,17189000,148260000,-47000,50426000,50426000,50426000,0,0,0.064,139095000,72784000,74339000,0.0,3.939,24.84,24.815,310170000,0,68.24,1.597,1.595,12165000,204772000,784478000,784478000,0,0.111,0.17,0.244,0.093,6921000,72689000,1.0,18355385,18337000,18483000,42.781,456561000,13884000,22476000,38512000,24.87,24975000
BWLD,MRY,2012-12-31,2012-12-30,2012-12-30,2017-10-25,-125000,591087000,535290750,125536000,465551000,1.944,20.601,-130542000,21340000,21340000,788384000,57275000,0.891,0.542,0,0,0,0,1763000,67462000,0,0.0,0.0,83368000,150830000,0.145,150830000,83368000,83368000,3.08,3.06,3.08,383372000,358782250,383372000,1306709915,15,8.663,14646000,0.788,1.0,252146000,0.242,69735000,0,359169000,365969500,7820000,9579000,9579000,0,207715000,140843000,66872000,1338031915,810000,-43580000,2783000,0,0,-1588000,-142753000,31369000,145188000,-37000,57275000,57275000,57275000,0,0,0.055,169532000,82614000,87982000,0.0,3.49,23.362,23.357,386570000,0,71.94,1.286,1.285,20203000,262047000,1040530000,1040530000,0,0.107,0.16,0.228,0.08,3968000,84149000,1.0,18599276,18582000,18705000,55.997,521352000,9896000,26093000,37128000,28.016,-15307000
BWLD,MRY,2013-12-31,2013-12-29,2013-12-29,2017-10-25,-996000,705728000,628456250,182756000,522972000,2.016,24.797,-138735000,57502000,57502000,966789000,71554000,1.098,0.515,0,0,0,0,1818000,84978000,0,0.0,0.0,101535000,186513000,0.147,186513000,101535000,101535000,3.81,3.79,3.81,465808000,432212750,465808000,2706709062,26,14.512,40625000,2.164,1.0,299930000,0.237,65936000,0,415816000,405993750,9492000,7584000,7584000,0,239920000,166474000,73446000,2743380062,36162000,-10288000,2514000,0,0,3039000,-145741000,3282000,179360000,-496000,71554000,71554000,71554000,0,0,0.056,199069000,100861000,98823000,0.0,5.89,38.34,38.341,440538000,0,146.08,2.166,2.165,21845000,333601000,1266719000,1266719000,0,0.114,0.166,0.25,0.08,6025000,96182000,1.0,18779984,18770000,18872000,67.486,639792000,13616000,29981000,37822000,34.059,16282000
BWLD,MRY,2014-12-31,2014-12-28,2014-12-28,2017-10-25,-2096000,853466000,762117500,263929000,589537000,1.989,30.304,-137466000,93329000,93329000,1146636000,94055000,1.35,0.487,0,0,0,0,2099000,98454000,0,0.0,0.0,135639000,234093000,0.154,234093000,135639000,135446000,4.98,4.95,4.98,573713000,537206500,573713000,3390919371,24,14.485,80400000,4.252,1.0,369587000,0.244,75737000,193000,488915000,461260250,11893000,19547000,19547000,0,279167000,195485000,83682000,3465014371,35827000,-30572000,3032000,0,0,-1942000,-179029000,-10991000,217866000,-1068000,94094000,94094000,94094000,0,-39000,0.062,233863000,135724000,116909000,0.0,6.04,36.825,36.763,494401000,0,183.08,2.285,2.283,28322000,427695000,1516223000,1516223000,0,0.123,0.175,0.294,0.089,11753000,118038000,1.0,18926231,18908000,19002000,80.189,777729000,25586000,41352000,39815000,41.08,68444000
BWLD,MRY,2015-12-31,2015-12-27,2015-12-27,2017-10-25,-4094000,1072382000,950414750,197751000,874631000,1.907,34.43,-172548000,11220000,11220000,1395983000,94876000,0.75,0.636,73101000,2147000,70954000,73101000,2144000,127503000,0,0.0,0.0,138019000,265522000,0.146,265522000,138019000,136334000,5.0,4.97,5.0,655344000,635360500,655344000,3155935363,22,11.886,64712000,3.404,1.0,416739000,0.23,243383000,1685000,627257000,580032000,15351000,9043000,9043000,0,416645000,263623000,153022000,3090631363,-82109000,-203642000,-19645000,70709000,0,45499000,-365191000,10999000,237260000,323000,95069000,95069000,95069000,0,-193000,0.052,278252000,138487000,182017000,0.0,4.716,32.509,32.456,604712000,0,162.28,1.705,1.702,34087000,499085000,1812722000,1812722000,0,0.1,0.15,0.238,0.076,8192000,129133000,1.0,19045054,19013000,19131000,95.341,828999000,21591000,41265000,23726000,43.554,-65872000
BWLD,MRY,2016-12-31,2016-12-25,2016-12-25,2017-10-25,-3878000,1047219000,995310250,176587000,870632000,1.996,28.855,-141699000,49266000,49266000,1557680000,94213000,0.73,1.022,209057000,3745000,205312000,209057000,3089000,152140000,0,0.0,0.0,138696000,290836000,0.146,290836000,138696000,134536000,5.14,5.12,5.14,518039000,607130250,518039000,3000084532,21,10.315,140890000,7.638,1.0,429113000,0.216,236201000,4160000,728840000,651242000,16532000,0,0,0,529319000,241969000,287350000,2914160532,38046000,-3862000,-228487000,141835000,0,-99666000,-144844000,717000,282589000,-33000,94745000,94745000,94745000,0,-532000,0.048,292413000,136700000,154611000,0.0,5.625,30.758,31.148,592806000,0,160.1,1.467,1.486,34225000,374683000,1986793000,1986793000,0,0.095,0.156,0.213,0.07,121000,123109000,1.0,18202127,18445000,18491000,107.714,811018000,1018000,39791000,21588000,45.175,-65382000
