ticker,dimension,calendardate,datekey,reportperiod,lastupdated,accoci,assets,assetsavg,assetsc,assetsnc,assetturnover,bvps,capex,cashneq,cashnequsd,cor,consolinc,currentratio,de,debt,debtc,debtnc,debtusd,deferredrev,depamor,deposits,divyield,dps,ebit,ebitda,ebitdamargin,ebitdausd,ebitusd,ebt,eps,epsdil,epsusd,equity,equityavg,equityusd,ev,evebit,evebitda,fcf,fcfps,fxusd,gp,grossmargin,intangibles,intexp,invcap,invcapavg,inventory,investments,investmentsc,investmentsnc,liabilities,liabilitiesc,liabilitiesnc,marketcap,ncf,ncfbus,ncfcommon,ncfdebt,ncfdiv,ncff,ncfi,ncfinv,ncfo,ncfx,netinc,netinccmn,netinccmnusd,netincdis,netincnci,netmargin,opex,opinc,payables,payoutratio,pb,pe,pe1,ppnenet,prefdivis,price,ps,ps1,receivables,retearn,revenue,revenueusd,rnd,roa,roe,roic,ros,sbcomp,sgna,sharefactor,sharesbas,shareswa,shareswadil,sps,tangibles,taxassets,taxexp,taxliabilities,tbvps,workingcapital
BXC,MRY,2011-12-31,2011-12-31,2011-12-31,2018-05-03,-21900000,503915000,577526250,356488000,147427000,3.04,1.78,-6533000,4898000,4898000,1545282000,-38567000,2.897,59.176,360105000,31410000,328695000,360105000,0,10562000,0,0.0,0.0,-7095000,3467000,0.002,3467000,-7095000,-37605000,-8.2,-8.2,-8.2,8374000,2933500,8374000,482529793,-68,139.178,-56865000,-12.086,1.0,210149000,0.12,0,30510000,736048000,814190250,185577000,0,0,0,495541000,123074000,372467000,92717793,-9399000,0,58521000,-47293000,0,29111000,11822000,0,-50332000,0,-38567000,-38567000,-38567000,0,0,-0.022,218419000,-8270000,70228000,0.0,11.072,-2.404,-1.829,123128000,0,15.0,0.053,0.04,138872000,-177972000,1755431000,1755431000,0,-0.067,-13.147,-0.009,-0.004,1974000,207857000,1.0,6181186,4704900,4704900,373.107,503915000,358000,962000,382000,107.104,233414000
BXC,MRY,2012-12-31,2012-12-29,2012-12-29,2018-05-03,-30042000,544736000,593797000,412139000,132597000,3.213,-3.146,-2826000,5188000,5188000,1677772000,-23027000,2.949,-27.454,412776000,44330000,368446000,412776000,0,8565000,0,0.0,0.0,5516000,14081000,0.007,14081000,5516000,-22641000,-3.5,-3.5,-3.5,-20592000,-7493750,-20592000,623152006,112,44.255,-77076000,-11.776,1.0,230070000,0.121,0,28157000,812588000,850793500,230059000,0,0,0,565328000,139736000,425592000,179014006,290000,0,-526000,50410000,0,58171000,16369000,0,-74250000,0,-23027000,-23027000,-23027000,0,0,-0.012,224561000,5509000,77850000,0.0,-8.693,-7.774,-8.029,115353000,0,28.1,0.094,0.096,157465000,-201002000,1907842000,1907842000,0,-0.039,3.073,0.006,0.003,2797000,215996000,1.0,6370605,6545200,6545200,291.487,544736000,445000,386000,449000,83.227,272403000
BXC,MRY,2013-12-31,2014-01-04,2014-01-04,2018-05-03,-16293000,528489000,642908250,401725000,126764000,3.347,-0.736,-4912000,5034000,5034000,1923489000,-40618000,3.761,-90.605,415756000,28518000,387238000,415756000,0,9117000,0,0.0,0.0,-21607000,-12490000,-0.006,-12490000,-21607000,-49631000,-5.1,-5.1,-5.1,-5898000,-7845500,-5898000,619524024,-28,-49.602,-44793000,-5.588,1.0,228483000,0.106,0,28024000,832385000,888570500,223580000,0,0,0,534387000,106826000,427561000,168059024,-154000,0,35523000,1595000,0,34274000,5453000,0,-39881000,0,-40618000,-40618000,-40618000,0,0,-0.019,249784000,-21301000,60363000,0.0,-28.494,-4.138,-3.804,111119000,0,19.4,0.078,0.072,150297000,-241621000,2151972000,2151972000,0,-0.063,5.177,-0.024,-0.01,6117000,240667000,1.0,8662836,8016300,8016300,268.45,528489000,824000,-9013000,823000,65.927,294899000
BXC,MRY,2014-12-31,2015-01-03,2015-01-03,2018-05-03,-34425000,535965000,602231500,414894000,121071000,3.287,-4.163,-3016000,4522000,4522000,1750289000,-13872000,3.539,-15.877,430216000,29959000,400257000,430216000,0,9473000,0,0.0,0.0,13211000,22684000,0.011,22684000,13211000,-13560000,-1.61,-1.61,-1.61,-36026000,-17778250,-36026000,567137204,42,25.002,-15317000,-1.781,1.0,229104000,0.116,0,26771000,844417000,875740500,242546000,0,0,0,571991000,117242000,454749000,101172204,-512000,0,-957000,14775000,0,7437000,4352000,0,-12301000,0,-13872000,-13872000,-13872000,0,0,-0.007,215568000,13536000,67291000,0.0,-2.808,-7.293,-7.081,105267000,0,11.4,0.051,0.05,144537000,-255540000,1979393000,1979393000,0,-0.023,0.78,0.015,0.007,3840000,211346000,1.0,8874754,8600100,8600100,230.159,535965000,0,312000,0,61.929,297652000
BXC,MRY,2015-12-31,2016-01-02,2016-01-02,2018-05-03,-34774000,513142000,583581500,402024000,111118000,3.284,-5.231,-1561000,4808000,4808000,1694113000,-11576000,3.088,-12.181,401671000,23898000,377773000,401671000,0,9741000,0,0.0,0.0,15919000,25660000,0.013,25660000,15919000,-11423000,-1.32,-1.32,-1.32,-45896000,-40163250,-45896000,509496964,32,19.856,38366000,4.385,1.0,222472000,0.116,0,27342000,779832000,790173000,226660000,0,0,0,559038000,130173000,428865000,47402964,286000,0,-459000,-35295000,0,-38840000,-801000,0,39927000,0,-11576000,-11576000,-11576000,0,0,-0.006,206056000,16416000,88087000,0.0,-1.033,-4.095,-4.015,101576000,0,5.3,0.025,0.024,138545000,-267116000,1916585000,1916585000,0,-0.02,0.288,0.02,0.008,1827000,196315000,1.0,8943955,8750000,8750000,219.038,513142000,0,153000,0,58.481,271851000
BXC,MRY,2016-12-31,2016-12-31,2016-12-31,2018-05-03,-36651000,444137000,510678500,345810000,98327000,3.683,-3.304,-631000,5540000,5540000,1653637000,16085000,2.241,-15.883,321957000,51165000,270792000,321957000,0,9342000,0,0.0,0.0,42104000,51446000,0.027,51446000,42104000,17206000,1.8,1.77,1.8,-29841000,-49084500,-29841000,441467534,10,8.581,40766000,4.514,1.0,227406000,0.121,0,24898000,606213000,728682750,191287000,0,0,0,473978000,154341000,319637000,67463534,732000,0,-178000,-84637000,0,-77510000,36845000,0,41397000,0,16085000,16085000,16085000,0,0,0.009,185754000,41652000,82735000,0.0,-2.261,4.194,4.15,88322000,0,7.47,0.036,0.036,125857000,-251252000,1881043000,1881043000,0,0.031,-0.328,0.058,0.022,2339000,204509000,1.0,9031263,9031263,,208.281,444137000,0,1121000,0,49.178,191469000
BXC,MRY,2017-12-31,2017-12-30,2017-12-30,2018-05-03,-36507000,494095000,502607750,343404000,150691000,3.612,3.847,-797000,4696000,4696000,1584506000,62994000,2.92,13.116,298270000,21593000,276677000,298270000,0,9032000,0,0.0,0.0,30810000,39842000,0.022,39842000,30810000,9585000,6.96,6.81,6.96,35002000,-9525500,35002000,418159636,13,10.495,-3300000,-0.363,1.0,231029000,0.127,0,21225000,670064000,664858250,187512000,0,0,0,459093000,117605000,341488000,88798636,-844000,0,-226000,-26437000,0,-25179000,26838000,0,-2503000,0,62994000,62994000,62994000,0,0,0.035,201041000,29988000,70623000,0.0,2.537,1.41,1.402,83772000,0,9.76,0.049,0.049,134072000,-188170000,1815535000,1815535000,0,0.125,-6.613,0.046,0.017,2480000,198709000,1.0,9098221,9098221,,199.548,494095000,53853000,-53409000,0,54.307,225799000
