ticker,dimension,calendardate,datekey,reportperiod,lastupdated,accoci,assets,assetsavg,assetsc,assetsnc,assetturnover,bvps,capex,cashneq,cashnequsd,cor,consolinc,currentratio,de,debt,debtc,debtnc,debtusd,deferredrev,depamor,deposits,divyield,dps,ebit,ebitda,ebitdamargin,ebitdausd,ebitusd,ebt,eps,epsdil,epsusd,equity,equityavg,equityusd,ev,evebit,evebitda,fcf,fcfps,fxusd,gp,grossmargin,intangibles,intexp,invcap,invcapavg,inventory,investments,investmentsc,investmentsnc,liabilities,liabilitiesc,liabilitiesnc,marketcap,ncf,ncfbus,ncfcommon,ncfdebt,ncfdiv,ncff,ncfi,ncfinv,ncfo,ncfx,netinc,netinccmn,netinccmnusd,netincdis,netincnci,netmargin,opex,opinc,payables,payoutratio,pb,pe,pe1,ppnenet,prefdivis,price,ps,ps1,receivables,retearn,revenue,revenueusd,rnd,roa,roe,roic,ros,sbcomp,sgna,sharefactor,sharesbas,shareswa,shareswadil,sps,tangibles,taxassets,taxexp,taxliabilities,tbvps,workingcapital
CAG,MRY,2011-12-31,2011-05-29,2011-05-29,2018-04-03,-91200000,11408700000,11533175000,3899300000,7509400000,1.074,11.42,-447300000,972400000,972400000,9483500000,819400000,1.834,1.442,3233800000,363500000,2870300000,3233800000,0,360900000,0,0.036,0.89,1416700000,1777600000,0.144,1777600000,1416700000,1239200000,1.9,1.88,1.9,4669700000,4785200000,4669700000,12590233294,8,7.083,905000000,2.213,1.0,2902600000,0.234,4545700000,177500000,6998800000,7276950000,1803400000,0,0,0,6732000000,2125600000,4606400000,10238633294,19200000,-131100000,-765300000,-294300000,-374500000,-1432100000,88900000,412500000,1352300000,10100000,817600000,817600000,817600000,11500000,1800000,0.066,1499000000,1403600000,1083700000,0.468,2.193,12.523,13.179,2670100000,0,25.04,0.827,0.827,849400000,4690300000,12386100000,12386100000,0,0.071,0.171,0.195,0.114,44800000,1499000000,1.0,408891106,408891106,,30.292,6863000000,0,421600000,0,16.784,1773700000
CAG,MRY,2012-12-31,2012-05-27,2012-05-27,2018-04-03,-299100000,11441900000,11569725000,3218800000,8223100000,1.152,10.688,-326000000,103000000,103000000,10532100000,474400000,1.447,1.556,2936700000,78100000,2858600000,2936700000,0,370900000,0,0.038,0.95,863600000,1234500000,0.093,1234500000,863600000,659600000,1.13,1.12,1.13,4439500000,4716575000,4439500000,12782733526,14,10.355,726000000,1.748,1.0,2799000000,0.21,5206900000,204000000,6843500000,6810050000,1869600000,0,0,0,6905900000,2225200000,4680700000,10487933526,-869400000,-635200000,-139200000,-323600000,-388600000,-849600000,-1064300000,-39600000,1052000000,-7500000,467900000,467900000,467900000,-6500000,6500000,0.035,1980300000,818700000,1190300000,0.841,2.362,22.415,22.345,2741900000,0,25.25,0.787,0.787,924800000,4765100000,13331100000,13331100000,0,0.04,0.099,0.127,0.065,41800000,1980300000,1.0,415363704,415363704,,32.095,6235000000,0,191700000,0,15.011,993600000
CAG,MRY,2013-12-31,2013-05-26,2013-05-26,2018-04-03,-196100000,20405300000,16491475000,4379800000,16025500000,0.817,12.63,-404600000,183900000,183900000,10104400000,786100000,1.288,2.857,9589800000,702900000,8886900000,9589800000,0,418600000,0,0.021,0.74,1412000000,1830600000,0.136,1830600000,1412000000,1135800000,1.88,1.85,1.88,5264400000,4860850000,5264400000,24334638430,17,13.293,1007600000,2.417,1.0,3364900000,0.25,11830300000,276200000,14579600000,11279000000,2340900000,0,0,0,15042300000,3401300000,11641000000,14492338430,80900000,-5018800000,298600000,4232100000,-400700000,4133000000,-5465800000,-1500000,1412200000,1500000,773900000,773900000,773900000,-87700000,12200000,0.057,2065900000,1299000000,1498100000,0.394,2.753,18.726,18.495,3757600000,0,34.77,1.076,1.076,1279400000,5129500000,13469300000,13469300000,0,0.047,0.159,0.125,0.105,67000000,2065900000,1.0,416805822,416805822,,32.316,8575000000,0,361900000,0,20.573,978500000
CAG,MRY,2014-12-31,2014-05-25,2014-05-25,2018-04-03,-134300000,19319500000,20252000000,4230800000,15088700000,0.585,12.486,-421100000,141300000,141300000,8910800000,315100000,1.601,2.656,8946400000,225900000,8720500000,8946400000,0,354600000,0,0.032,1.0,858900000,1213500000,0.103,1213500000,858900000,481400000,0.72,0.7,0.72,5258500000,5430500000,5258500000,22564836467,26,18.595,1147500000,2.725,1.0,2927400000,0.247,11033400000,377500000,14448800000,14624375000,2077000000,0,0,0,13964300000,2642400000,11321900000,13312636467,-800000,-39900000,3700000,-612300000,-420900000,-1034100000,-531500000,0,1568600000,-3800000,303100000,303100000,303100000,310100000,12000000,0.026,1778900000,1148500000,1349300000,1.389,2.532,43.922,43.903,3636000000,0,31.61,1.125,1.125,1058400000,5010600000,11838200000,11838200000,0,0.015,0.056,0.059,0.073,44800000,1778900000,1.0,421152688,421152688,,28.109,8286100000,0,178300000,0,19.675,1588400000
CAG,MRY,2015-12-31,2015-05-31,2015-05-31,2018-04-03,-329500000,17437800000,18545375000,3563300000,13874500000,0.487,10.598,-236500000,164700000,164700000,6737800000,-240800000,1.076,2.834,7904500000,1015700000,6888800000,7904500000,0,284600000,0,0.026,1.0,288300000,572900000,0.063,572900000,288300000,-39900000,-0.6,-0.59,-0.6,4526000000,5052325000,4526000000,24721389148,85,43.151,1268100000,2.969,1.0,2296200000,0.254,5817100000,328200000,16050400000,14151450000,1642600000,0,0,0,12827800000,3310100000,9517700000,16488489148,0,-20700000,79800000,-1078800000,-425200000,-1454200000,-41600000,391400000,1504600000,-8800000,-252600000,-252600000,-252600000,692100000,11800000,-0.028,1383400000,912800000,1080000000,-1.667,3.643,-65.275,-64.35,2644600000,0,38.61,1.825,1.825,739000000,4331100000,9034000000,9034000000,0,-0.014,-0.05,0.02,0.032,33300000,1383400000,1.0,427052296,427052296,,21.154,11620700000,0,212700000,0,27.211,253200000
CAG,MRY,2016-12-31,2016-05-29,2016-05-29,2018-04-03,-344500000,13390600000,14601675000,3576700000,9813900000,0.593,8.509,-241800000,798100000,798100000,6234900000,-665900000,1.412,2.584,5454700000,573300000,4881400000,5454700000,0,278500000,0,0.022,1.0,-334800000,-56300000,-0.006,-56300000,-334800000,-630600000,-1.57,-1.56,-1.57,3713600000,3541050000,3713600000,24762331545,-73,-439.828,1017400000,2.331,1.0,2429200000,0.28,5542200000,295800000,9972600000,11732275000,1044100000,0,0,0,9595800000,2532400000,7063400000,19765231545,651400000,-10400000,217000000,-2513700000,-432500000,-2733200000,2127400000,0,1259200000,-2000000,-677000000,-677000000,-677000000,794400000,11100000,-0.078,2024600000,404600000,706700000,-0.637,5.322,-29.195,-28.847,1697800000,0,45.29,2.281,2.281,650100000,3218300000,8664100000,8664100000,0,-0.046,-0.191,-0.029,-0.039,41800000,2024600000,1.0,436414916,436414916,,19.853,7848400000,0,46400000,0,17.984,1044300000
CAG,MRY,2017-12-31,2017-05-28,2017-05-28,2018-04-03,-212900000,10096300000,11214050000,2013200000,8083100000,0.698,9.379,-228900000,251400000,251400000,5484800000,648000000,1.17,1.508,2996400000,227200000,2769200000,2996400000,0,268000000,0,0.023,0.9,1089500000,1357500000,0.173,1357500000,1089500000,894000000,1.48,1.46,1.48,3990800000,4094275000,3990800000,18897926901,17,13.921,946600000,2.225,1.0,2342100000,0.299,5519000000,195500000,5601800000,6629425000,927900000,0,0,0,6018500000,1720500000,4298000000,16607326901,-583100000,163300000,-926200000,-1050200000,-415000000,-1569100000,-189300000,0,1175500000,-200000,639300000,639300000,639300000,-102000000,8700000,0.082,1417100000,925000000,773100000,0.608,4.161,25.977,26.372,1647700000,0,39.03,2.122,2.122,563400000,4247000000,7826900000,7826900000,0,0.057,0.156,0.164,0.139,36100000,1417100000,1.0,425501586,425501586,,18.395,4577300000,0,254700000,0,10.757,292700000
