ticker,dimension,calendardate,datekey,reportperiod,lastupdated,accoci,assets,assetsavg,assetsc,assetsnc,assetturnover,bvps,capex,cashneq,cashnequsd,cor,consolinc,currentratio,de,debt,debtc,debtnc,debtusd,deferredrev,depamor,deposits,divyield,dps,ebit,ebitda,ebitdamargin,ebitdausd,ebitusd,ebt,eps,epsdil,epsusd,equity,equityavg,equityusd,ev,evebit,evebitda,fcf,fcfps,fxusd,gp,grossmargin,intangibles,intexp,invcap,invcapavg,inventory,investments,investmentsc,investmentsnc,liabilities,liabilitiesc,liabilitiesnc,marketcap,ncf,ncfbus,ncfcommon,ncfdebt,ncfdiv,ncff,ncfi,ncfinv,ncfo,ncfx,netinc,netinccmn,netinccmnusd,netincdis,netincnci,netmargin,opex,opinc,payables,payoutratio,pb,pe,pe1,ppnenet,prefdivis,price,ps,ps1,receivables,retearn,revenue,revenueusd,rnd,roa,roe,roic,ros,sbcomp,sgna,sharefactor,sharesbas,shareswa,shareswadil,sps,tangibles,taxassets,taxexp,taxliabilities,tbvps,workingcapital
CALM,MRY,2011-12-31,2011-05-28,2011-05-28,2018-04-02,-320000,640843000,638431750,355041000,285802000,1.475,8.777,-18837000,57679000,57679000,757050000,58268000,3.303,0.53,88161000,11743000,76418000,88161000,0,30754000,0,0.036,0.521,101098000,131852000,0.14,131852000,101098000,94242000,1.275,1.27,1.275,418906000,401719750,418906000,718654082,7,5.45,43473000,0.911,1.0,184931000,0.196,32180000,6856000,531663000,528936250,110021000,137892000,118750000,19142000,221966000,107482000,114484000,690417082,-41774000,4829000,143000,-49160000,-24883000,-73479000,-30605000,-16597000,62310000,0,60839000,60839000,60839000,0,-2571000,0.065,101448000,83483000,52546000,0.409,1.648,11.348,11.345,231431000,0,14.465,0.733,0.733,65839000,406361000,941981000,941981000,0,0.095,0.151,0.191,0.107,-2392000,101448000,1.0,47730182,47710000,47884000,19.744,608663000,0,33403000,58490000,12.753,247559000
CALM,MRY,2012-12-31,2012-06-02,2012-06-02,2018-04-02,-222000,726316000,689389750,442202000,284114000,1.615,10.029,-25772000,97128000,97128000,911334000,89967000,3.144,0.515,76220000,11458000,64762000,76220000,0,30752000,0,0.024,0.418,143892000,174644000,0.157,174644000,143892000,138845000,1.88,1.875,1.88,479125000,447831250,479125000,830084850,5,4.753,72286000,1.514,1.0,201782000,0.181,30145000,5047000,534607000,519230000,117158000,185953000,163623000,22330000,246988000,140656000,106332000,831877850,39449000,38343000,318000,-11941000,-19937000,-31560000,-27049000,-39620000,98058000,0,89735000,89735000,89735000,0,232000,0.081,113130000,88652000,67646000,0.222,1.736,9.27,9.266,229056000,0,17.42,0.747,0.747,65351000,466164000,1113116000,1113116000,0,0.13,0.2,0.277,0.129,-702000,113130000,1.0,47754182,47750000,47884000,23.311,696171000,0,49110000,75971000,14.572,301546000
CALM,MRY,2013-12-31,2013-06-01,2013-06-01,2018-04-02,166000,745627000,739314750,414881000,330746000,1.742,10.77,-26166000,24984000,24984000,1073555000,50761000,3.187,0.44,65020000,10373000,54647000,65020000,0,34173000,0,0.026,0.571,79718000,113891000,0.088,113891000,79718000,75230000,1.05,1.05,1.05,517732000,506229000,517732000,1108517371,13,9.733,31372000,0.654,1.0,214549000,0.167,36743000,4488000,618725000,604295000,147993000,178317000,157904000,20413000,227583000,130195000,97388000,1078162371,-72144000,-74907000,380000,-11200000,-30524000,-41344000,-88338000,12735000,57538000,0,50423000,50423000,50423000,0,338000,0.039,154956000,59593000,47234000,0.544,2.082,21.382,21.305,273025000,0,22.37,0.837,0.833,83151000,498711000,1288104000,1288104000,0,0.068,0.1,0.132,0.062,411000,126956000,1.0,48196798,47967000,48088000,26.854,708884000,0,24807000,58773000,14.746,284686000
CALM,MRY,2014-12-31,2014-05-31,2014-05-31,2018-04-02,561000,811661000,771985750,445393000,366268000,1.866,12.368,-58370000,14521000,14521000,1138143000,109807000,3.678,0.365,61093000,10216000,50877000,61093000,0,37203000,0,0.015,0.51,164997000,202200000,0.14,202200000,164997000,161242000,2.27,2.26,2.27,593833000,558532750,593833000,1735479416,10,8.583,65550000,1.363,1.0,302764000,0.21,39619000,3755000,697513000,662202000,146117000,201524000,194738000,6786000,216916000,121101000,95815000,1686905416,-10463000,-11548000,279000,-10745000,-24534000,-35000000,-99383000,-29465000,123920000,0,109207000,109207000,109207000,0,600000,0.076,156712000,146052000,49471000,0.225,2.841,15.447,15.366,319652000,0,34.88,1.171,1.164,87727000,572874000,1440907000,1440907000,0,0.141,0.196,0.249,0.115,1273000,156712000,1.0,48363114,48095000,48297000,29.96,772042000,0,52035000,73936000,16.08,324292000
CALM,MRY,2015-12-31,2015-05-30,2015-05-30,2018-04-02,22000,928653000,881837000,508964000,419689000,1.787,14.614,-79764000,8667000,8667000,1180407000,162281000,5.012,0.319,50860000,10065000,40795000,50860000,0,40708000,0,0.018,1.01,247835000,288543000,0.183,288543000,247835000,245522000,3.35,3.33,3.35,703564000,656512000,703564000,2788201836,11,9.663,115566000,2.401,1.0,395721000,0.251,36756000,2313000,832544000,761862750,146260000,268804000,249961000,18843000,224091000,101546000,122545000,2747868836,-5854000,-8160000,531000,-10233000,-48910000,-59552000,-141632000,-53708000,195330000,0,161254000,161254000,161254000,0,1027000,0.102,160954000,234767000,60081000,0.301,3.906,17.041,16.922,364090000,0,56.69,1.743,1.731,101977000,679969000,1576128000,1576128000,0,0.183,0.246,0.325,0.157,2268000,160386000,1.0,48471844,48136000,48437000,32.743,891897000,0,84268000,81293000,18.526,407418000
CALM,MRY,2016-12-31,2016-05-28,2016-05-28,2018-04-02,-48000,1111765000,1141117500,626283000,485482000,1.673,18.97,-73265000,29046000,29046000,1260576000,318047000,7.505,0.212,25570000,16320000,9250000,25570000,0,44592000,0,0.054,2.492,486399000,530991000,0.278,530991000,486399000,485243000,6.56,6.53,6.56,915275000,875402250,915275000,2239159640,4,4.217,308573000,6.403,1.0,648074000,0.34,34154000,1156000,990684000,930360750,154799000,414474000,360499000,53975000,194404000,83451000,110953000,2220058640,20379000,-33959000,-1760000,-25290000,-120942000,-148910000,-212549000,-105325000,381838000,0,316041000,316041000,316041000,0,2006000,0.166,176197000,471877000,36262000,0.38,2.426,7.025,6.973,397353000,0,45.74,1.163,1.155,79278000,890440000,1908650000,1908650000,0,0.277,0.361,0.523,0.255,3071000,177760000,1.0,48536481,48195000,48365000,39.603,1077611000,11830000,169202000,95382000,22.334,542832000
CALM,MRY,2017-12-31,2017-06-03,2017-06-03,2018-04-02,-128000,1033094000,1064246000,436206000,596888000,1.01,17.342,-66573000,17564000,17564000,1028963000,-74427000,6.744,0.224,10939000,4826000,6113000,10939000,0,49113000,0,0.0,0.0,-113827000,-64714000,-0.06,-64714000,-113827000,-114145000,-1.54,-1.54,-1.54,842687000,864381000,842687000,1863472041,-16,-28.796,-115889000,-2.396,1.0,45550000,0.042,64674000,318000,897116000,923298500,160692000,207758000,138462000,69296000,188601000,64679000,123922000,1872626041,-11482000,-105722000,-1715000,-16510000,0,-18298000,56132000,228427000,-49316000,0,-74278000,-74278000,-74278000,0,-149000,-0.069,177644000,-132094000,59853000,0.0,2.222,-25.211,-25.032,458184000,0,38.55,1.743,1.735,64509000,816046000,1074513000,1074513000,0,-0.07,-0.086,-0.123,-0.106,3427000,173980000,1.0,48576551,48362000,48362000,22.218,968420000,52691000,-39867000,110282000,19.929,371527000
