ticker,dimension,calendardate,datekey,reportperiod,lastupdated,accoci,assets,assetsavg,assetsc,assetsnc,assetturnover,bvps,capex,cashneq,cashnequsd,cor,consolinc,currentratio,de,debt,debtc,debtnc,debtusd,deferredrev,depamor,deposits,divyield,dps,ebit,ebitda,ebitdamargin,ebitdausd,ebitusd,ebt,eps,epsdil,epsusd,equity,equityavg,equityusd,ev,evebit,evebitda,fcf,fcfps,fxusd,gp,grossmargin,intangibles,intexp,invcap,invcapavg,inventory,investments,investmentsc,investmentsnc,liabilities,liabilitiesc,liabilitiesnc,marketcap,ncf,ncfbus,ncfcommon,ncfdebt,ncfdiv,ncff,ncfi,ncfinv,ncfo,ncfx,netinc,netinccmn,netinccmnusd,netincdis,netincnci,netmargin,opex,opinc,payables,payoutratio,pb,pe,pe1,ppnenet,prefdivis,price,ps,ps1,receivables,retearn,revenue,revenueusd,rnd,roa,roe,roic,ros,sbcomp,sgna,sharefactor,sharesbas,shareswa,shareswadil,sps,tangibles,taxassets,taxexp,taxliabilities,tbvps,workingcapital
CASY,MRY,2011-12-31,2011-04-30,2011-04-30,2018-03-07,0,1610955000,1523791000,293887000,1317068000,3.698,10.643,-211946000,59572000,59572000,4754173000,94623000,0.998,2.989,680447000,1767000,678680000,680447000,0,83343000,0,0.013,0.505,179734000,263077000,0.047,263077000,179734000,151237000,2.24,2.22,2.24,403896000,506061500,403896000,2105945366,11,8.005,49497000,1.304,1.0,881067000,0.156,88042000,28497000,1849288000,1595763000,159200000,0,0,0,1207059000,294500000,912559000,1481208366,-92104000,-113567000,-496645000,500428000,-20467000,-28034000,-325513000,0,261443000,0,94623000,94623000,94623000,0,0,0.017,689983000,191084000,215675000,0.225,3.667,15.654,17.424,1217305000,0,39.03,0.263,0.263,20154000,399900000,5635240000,5635240000,0,0.062,0.187,0.113,0.032,2066000,607628000,1.0,37950509,37950509,,148.489,1522913000,53781000,56614000,220361000,40.129,-613000
CASY,MRY,2012-12-31,2012-04-30,2012-04-30,2018-03-07,0,1774815000,1726470750,279278000,1495537000,4.047,13.289,-238678000,55919000,55919000,5987659000,114694000,0.911,2.507,678667000,10737000,667930000,678667000,0,96899000,0,0.011,0.6,215162000,312061000,0.045,312061000,215162000,179970000,3.01,2.99,3.01,506041000,476094750,506041000,2778333412,12,8.903,56201000,1.476,1.0,1000145000,0.143,104385000,35192000,1986537000,1914032000,170794000,0,0,0,1268774000,306641000,962133000,2145825412,-3653000,-39444000,4411000,-1972000,-22849000,-20410000,-278122000,0,294879000,0,114694000,114694000,114694000,0,0,0.016,784983000,215162000,211165000,0.199,4.24,18.709,18.721,1378749000,0,56.35,0.307,0.307,21700000,493842000,6987804000,6987804000,0,0.066,0.241,0.112,0.031,3792000,688431000,1.0,38080309,38080309,,183.502,1670430000,29567000,65276000,279516000,43.866,-27363000
CASY,MRY,2013-12-31,2013-04-30,2013-04-30,2018-03-07,0,1990168000,1907905750,278967000,1711201000,3.8,15.481,-301757000,41271000,41271000,6179771000,103814000,0.676,2.354,727991000,74910000,653081000,727991000,0,112018000,0,0.011,0.66,198881000,310899000,0.043,310899000,198881000,163616000,2.71,2.69,2.71,593387000,573532750,593387000,2925855705,14,9.411,-15429000,-0.403,1.0,1071069000,0.148,114791000,35265000,2149291000,2095771750,189514000,0,0,0,1396781000,412806000,983975000,2219690705,-14648000,-29527000,6650000,48343000,-24685000,30308000,-331284000,0,286328000,0,103814000,103814000,103814000,0,0,0.014,872188000,198881000,232913000,0.244,3.741,21.381,21.369,1581925000,0,57.91,0.306,0.306,20900000,570268000,7250840000,7250840000,0,0.054,0.181,0.095,0.027,4270000,760365000,1.0,38330007,38330007,,189.169,1875377000,25886000,59802000,313937000,48.927,-133839000
CASY,MRY,2014-12-31,2014-04-30,2014-04-30,2018-03-07,0,2304876000,2227461750,389558000,1915318000,3.52,18.272,-305305000,121641000,121641000,6618239000,126820000,0.997,2.277,854195000,553000,853642000,854195000,0,131160000,0,0.01,0.72,233559000,364719000,0.047,364719000,233559000,193644000,3.3,3.26,3.3,703264000,687659750,703264000,3402344620,14,9.329,8855000,0.23,1.0,1222016000,0.156,120406000,39915000,2526135000,2451158000,204833000,0,0,0,1601612000,390889000,1210723000,2642588620,80370000,-31584000,5159000,125035000,-27095000,103099000,-336889000,0,314160000,0,126820000,126820000,126820000,0,0,0.016,988457000,233559000,250807000,0.218,3.758,20.837,20.806,1778965000,0,68.66,0.337,0.337,25841000,669386000,7840255000,7840255000,0,0.057,0.184,0.095,0.03,5600000,857297000,1.0,38488037,38488037,,203.706,2184470000,35765000,66824000,340595000,56.757,-1331000
CASY,MRY,2015-12-31,2015-04-30,2015-04-30,2018-03-07,0,2469965000,2411241750,305260000,2164705000,3.221,22.528,-357986000,48541000,48541000,6327431000,180628000,0.837,1.822,853643000,15398000,838245000,853643000,0,156111000,0,0.01,0.8,323250000,479361000,0.062,479361000,323250000,282025000,4.66,4.62,4.66,875229000,816650000,875229000,4021414161,12,8.389,-9341000,-0.24,1.0,1439785000,0.185,127046000,41225000,2783132000,2694114750,197331000,0,0,0,1594736000,364889000,1229847000,3192812161,-73100000,-41157000,11465000,-553000,-30175000,-22602000,-399143000,0,348645000,0,180628000,180628000,180628000,0,0,0.023,1116535000,323250000,226577000,0.172,3.648,17.676,17.635,2019364000,0,82.18,0.411,0.411,22609000,818955000,7767216000,7767216000,0,0.075,0.221,0.12,0.042,7307000,960424000,1.0,38851450,38851450,,199.921,2342919000,34754000,101397000,378496000,60.305,-59629000
CASY,MRY,2016-12-31,2016-04-30,2016-04-30,2018-03-07,0,2726148000,2645471000,325885000,2400263000,2.692,27.745,-387705000,75775000,75775000,5508465000,225982000,0.841,1.516,838244000,15375000,822869000,838244000,0,170937000,0,0.008,0.88,388879000,559816000,0.079,559816000,388879000,348706000,5.79,5.73,5.79,1083463000,1017975500,1083463000,5168746840,13,9.233,84681000,2.168,1.0,1613621000,0.227,128566000,40173000,2972480000,2920125750,204988000,0,0,0,1642685000,387571000,1255114000,4373663840,27234000,-7263000,3717000,-15399000,-33527000,-50184000,-394968000,0,472386000,0,225982000,225982000,225982000,0,0,0.032,1224742000,388879000,241207000,0.152,4.037,19.354,19.344,2252475000,0,112.0,0.614,0.614,27701000,1010595000,7122086000,7122086000,0,0.085,0.222,0.133,0.055,7413000,1053805000,1.0,39050570,39050570,,182.381,2597582000,14413000,122724000,419025000,66.518,-61686000
CASY,MRY,2017-12-31,2017-04-30,2017-04-30,2018-03-07,0,3020102000,2958702750,350685000,2669417000,2.537,30.374,-429252000,76717000,76717000,5825426000,177485000,0.785,1.537,923677000,16321000,907356000,923677000,0,197629000,0,0.009,0.96,311204000,508833000,0.068,508833000,311204000,269668000,4.54,4.48,4.54,1190620000,1188645500,1190620000,5207588023,16,10.234,30021000,0.766,1.0,1681161000,0.224,132806000,41536000,3287710000,3196387750,201644000,0,0,0,1829482000,446546000,1382936000,4392939023,942000,-25473000,-45536000,85501000,-36758000,-3606000,-454725000,0,459273000,0,177485000,177485000,177485000,0,0,0.024,1369957000,311204000,293903000,0.211,3.69,24.751,24.685,2513158000,0,112.07,0.585,0.585,43244000,1150546000,7506587000,7506587000,0,0.06,0.149,0.097,0.041,10697000,1172328000,1.0,39198171,39198171,,191.504,2887296000,19901000,92183000,440124000,73.659,-95861000
