ticker,dimension,calendardate,datekey,reportperiod,lastupdated,accoci,assets,assetsavg,assetsc,assetsnc,assetturnover,bvps,capex,cashneq,cashnequsd,cor,consolinc,currentratio,de,debt,debtc,debtnc,debtusd,deferredrev,depamor,deposits,divyield,dps,ebit,ebitda,ebitdamargin,ebitdausd,ebitusd,ebt,eps,epsdil,epsusd,equity,equityavg,equityusd,ev,evebit,evebitda,fcf,fcfps,fxusd,gp,grossmargin,intangibles,intexp,invcap,invcapavg,inventory,investments,investmentsc,investmentsnc,liabilities,liabilitiesc,liabilitiesnc,marketcap,ncf,ncfbus,ncfcommon,ncfdebt,ncfdiv,ncff,ncfi,ncfinv,ncfo,ncfx,netinc,netinccmn,netinccmnusd,netincdis,netincnci,netmargin,opex,opinc,payables,payoutratio,pb,pe,pe1,ppnenet,prefdivis,price,ps,ps1,receivables,retearn,revenue,revenueusd,rnd,roa,roe,roic,ros,sbcomp,sgna,sharefactor,sharesbas,shareswa,shareswadil,sps,tangibles,taxassets,taxexp,taxliabilities,tbvps,workingcapital
CATO,MRY,2011-12-31,2012-01-28,2012-01-28,2018-03-27,936000,551089000,545460750,429132000,121957000,1.708,12.575,-35890000,40218000,40218000,574176000,64834000,2.733,0.503,0,0,0,0,0,21825000,0,0.032,0.875,100292000,122117000,0.131,122117000,100292000,100271000,2.21,2.21,2.21,366679000,363983750,366679000,743995037,7,6.092,45451000,1.559,1.0,357282000,0.384,0,21000,353878000,326530500,130382000,205771000,205771000,0,184410000,156993000,27417000,785830037,-13737000,0,-10089000,0,-25715000,-35387000,-59691000,-23302000,81341000,0,64834000,64834000,64834000,0,0,0.07,260807000,96475000,94073000,0.396,2.143,12.121,12.195,115445000,0,26.95,0.844,0.844,43024000,292741000,931458000,931458000,0,0.119,0.178,0.307,0.108,2142000,238982000,1.0,29158814,29158814,,31.944,551089000,3579000,35437000,23031000,18.9,272139000
CATO,MRY,2012-12-31,2013-02-02,2013-02-02,2018-03-27,821000,532646000,568950500,390214000,142432000,1.659,11.789,-45175000,37068000,37068000,581961000,61668000,2.445,0.543,0,0,0,0,0,22455000,0,0.109,2.98,99087000,121542000,0.129,121542000,99087000,98971000,2.11,2.11,2.11,345234000,385665000,345234000,743314422,7,6.116,34135000,1.166,1.0,362087000,0.384,0,116000,335976000,355503750,140738000,157578000,157578000,0,187412000,159602000,27810000,802388422,-3824000,0,407000,0,-87222000,-86306000,3172000,47980000,79310000,0,61668000,61668000,61668000,0,0,0.065,266782000,95305000,99247000,1.412,2.324,13.011,12.986,134227000,0,27.4,0.85,0.85,40016000,266843000,944048000,944048000,0,0.108,0.16,0.279,0.105,2287000,244327000,1.0,29284249,29284249,,32.237,532646000,4631000,37303000,17622000,18.189,230612000
CATO,MRY,2013-12-31,2014-02-01,2014-02-01,2018-03-27,778000,596918000,574166250,446748000,150170000,1.602,13.367,-31542000,84128000,84128000,571246000,54322000,2.522,0.526,0,0,0,0,0,21825000,0,0.007,0.2,84361000,106186000,0.115,106186000,84361000,84286000,1.86,1.86,1.86,391109000,383148250,391109000,739327098,8,6.963,61417000,2.099,1.0,348787000,0.379,0,75000,335659000,331157000,150861000,161128000,161128000,0,205809000,177131000,28678000,818088098,48358000,0,-5903000,0,-5853000,-11668000,-32933000,-2689000,92959000,0,54322000,54322000,54322000,0,0,0.059,267693000,81094000,111514000,0.108,2.092,15.06,15.032,141129000,0,27.96,0.889,0.889,39224000,308893000,920033000,920033000,0,0.095,0.142,0.255,0.092,2919000,245868000,1.0,29259231,29259231,,31.444,596918000,6093000,29964000,14855000,20.401,269617000
CATO,MRY,2014-12-31,2015-01-31,2015-01-31,2018-03-27,786000,608278000,588528750,454451000,153827000,1.677,13.621,-28901000,98425000,98425000,600569000,60502000,2.344,0.6,0,0,0,0,0,22026000,0,0.028,1.2,91530000,113556000,0.115,113556000,91530000,91473000,2.15,2.15,2.15,380198000,377651000,380198000,1095025786,11,9.643,88558000,3.173,1.0,386345000,0.391,0,57000,315952000,317983000,137549000,162185000,162185000,0,228080000,193901000,34179000,1183460786,14519000,0,-41608000,0,-33886000,-75251000,-27689000,-748000,117459000,0,60502000,60502000,60502000,0,0,0.061,298260000,88085000,111674000,0.558,3.113,19.561,19.721,135181000,0,42.4,1.199,1.199,41023000,293452000,986914000,986914000,0,0.103,0.16,0.288,0.093,3339000,276234000,1.0,27911811,27911811,,35.358,608278000,7654000,30971000,14256000,21.793,260550000
CATO,MRY,2015-12-31,2016-01-30,2016-01-30,2018-03-27,800000,642344000,626589750,472052000,170292000,1.614,14.791,-26534000,71529000,71529000,616480000,66842000,2.631,0.557,0,0,0,0,0,22963000,0,0.03,1.2,99391000,122354000,0.121,122354000,99391000,99127000,2.39,2.39,2.39,412665000,408719750,412665000,1077274396,10,8.805,67319000,2.413,1.0,394611000,0.39,0,264000,391378000,374973000,141101000,215495000,215495000,0,229679000,179437000,50242000,1125172396,-26889000,0,-5660000,0,-33572000,-38975000,-81767000,-50025000,93853000,0,66842000,66842000,66842000,0,0,0.066,298676000,95935000,113154000,0.502,2.727,16.833,16.874,138303000,0,40.33,1.113,1.113,36610000,320594000,1011091000,1011091000,0,0.107,0.164,0.265,0.098,3867000,275713000,1.0,27899142,27899142,,36.241,642344000,10280000,32285000,1363000,23.024,292615000
CATO,MRY,2016-12-31,2017-01-28,2017-01-28,2018-03-27,-214000,606324000,631156000,443808000,162516000,1.516,14.301,-27297000,50925000,50925000,601985000,47212000,2.582,0.579,0,0,0,0,0,22716000,0,0.05,1.29,49290000,72006000,0.075,72006000,49290000,49114000,1.72,1.72,1.72,383903000,418025500,383903000,657453784,13,9.131,44832000,1.67,1.0,354584000,0.371,0,176000,383487000,420758000,145682000,201233000,201233000,0,222421000,171912000,50509000,694715784,-19823000,0,-41833000,0,-35432000,-77305000,-14647000,12940000,72129000,0,47212000,47212000,47212000,0,0,0.049,312335000,42249000,105249000,0.75,1.81,14.715,15.047,126386000,0,25.88,0.726,0.726,30336000,288015000,956569000,956569000,0,0.075,0.113,0.117,0.052,4239000,289619000,1.0,26843732,26843732,,35.635,606324000,13773000,1902000,2282000,22.587,271896000
CATO,MRY,2017-12-31,2018-02-03,2018-02-03,2018-03-27,-321000,516076000,546759000,372480000,143596000,1.555,13.038,-11096000,81769000,81769000,553058000,8540000,2.678,0.581,0,0,0,0,0,19643000,0,0.116,1.32,16087000,35730000,0.042,35730000,16087000,15973000,0.34,0.34,0.34,326353000,355296000,326353000,203236397,12,5.688,24892000,0.994,1.0,296923000,0.349,0,114000,295226000,328872500,121535000,118836000,118836000,0,189723000,139081000,50642000,285613397,30813000,0,-38299000,0,-33731000,-72030000,66855000,78602000,35988000,0,8540000,8540000,8540000,0,0,0.01,285947000,10976000,82605000,3.882,0.875,33.444,33.559,109368000,0,11.41,0.336,0.336,28018000,225894000,849981000,849981000,0,0.016,0.024,0.049,0.019,4196000,266304000,1.0,25031849,25031849,,33.956,516076000,12570000,7433000,680000,20.617,233399000
