ticker,dimension,calendardate,datekey,reportperiod,lastupdated,accoci,assets,assetsavg,assetsc,assetsnc,assetturnover,bvps,capex,cashneq,cashnequsd,cor,consolinc,currentratio,de,debt,debtc,debtnc,debtusd,deferredrev,depamor,deposits,divyield,dps,ebit,ebitda,ebitdamargin,ebitdausd,ebitusd,ebt,eps,epsdil,epsusd,equity,equityavg,equityusd,ev,evebit,evebitda,fcf,fcfps,fxusd,gp,grossmargin,intangibles,intexp,invcap,invcapavg,inventory,investments,investmentsc,investmentsnc,liabilities,liabilitiesc,liabilitiesnc,marketcap,ncf,ncfbus,ncfcommon,ncfdebt,ncfdiv,ncff,ncfi,ncfinv,ncfo,ncfx,netinc,netinccmn,netinccmnusd,netincdis,netincnci,netmargin,opex,opinc,payables,payoutratio,pb,pe,pe1,ppnenet,prefdivis,price,ps,ps1,receivables,retearn,revenue,revenueusd,rnd,roa,roe,roic,ros,sbcomp,sgna,sharefactor,sharesbas,shareswa,shareswadil,sps,tangibles,taxassets,taxexp,taxliabilities,tbvps,workingcapital
CFFN,MRY,2011-12-31,2011-09-30,2011-09-30,2018-05-10,26707000,9450799000,9646165250,,,0.02,11.989,-12751000,121070000,121070000,0,38403000,,3.873,2949600000,,,2949600000,0,4397000,4495173000,0.116,1.225,57352000,61749000,0.326,61749000,57352000,57352000,0.24,0.24,0.24,1939529000,1954730500,1939529000,4656569284,81,75.411,53034000,0.326,1.0,189669000,1.0,0,0,12279329000,12233095250,0,9133167000,,,7511270000,,,1768780284,55853000,0,1076446000,-129507000,-150110000,923389000,-933321000,-934775000,65785000,0,38403000,38403000,38403000,0,0,0.202,132317000,57352000,43761000,5.104,0.912,46.058,44.0,48423000,0,10.56,9.326,9.054,0,569127000,189669000,189669000,0,0.004,0.02,0.005,0.302,6284000,64687000,1.0,167498133,162625274,162632665,1.166,9450799000,0,18949000,22736000,58.42,
CFFN,MRY,2012-12-31,2012-09-30,2012-09-30,2018-05-10,24207000,9378304000,9448275500,,,0.022,11.961,-12617000,141705000,141705000,0,74513000,,4.192,2950964000,,,2950964000,0,4951000,4550643000,0.033,0.4,115999000,120950000,0.584,120950000,115999000,115999000,0.47,0.47,0.47,1806458000,1870774250,1806458000,4636997526,39,38.338,93621000,0.593,1.0,207074000,1.0,0,0,12187563000,12224858000,0,9035845000,,,7571846000,,,1884811526,20635000,0,-146745000,504000,-63768000,-162451000,76848000,89465000,106238000,0,74513000,74513000,74513000,0,0,0.36,91075000,115999000,44279000,0.851,1.043,25.295,25.447,57766000,0,11.96,9.102,9.121,0,536150000,207074000,207074000,0,0.008,0.04,0.009,0.56,7602000,64500000,1.0,157592937,157912978,157916400,1.311,9378304000,0,41486000,25960000,62.097,
CFFN,MRY,2013-12-31,2013-09-30,2013-09-30,2018-05-10,7267000,9186449000,9264679250,,,0.022,11.427,-18769000,113886000,113886000,0,69340000,,4.629,2890930000,,,2890930000,0,5447000,4611446000,0.08,1.0,105569000,111016000,0.548,111016000,105569000,105569000,0.48,0.48,0.48,1632126000,1642396500,1632126000,4642193204,43,41.816,82953000,0.573,1.0,202516000,1.0,0,0,11963493000,12101822500,0,8875388000,,,7554323000,,,1837668204,-27819000,0,-91573000,-68250000,-146824000,-245832000,116291000,135060000,101722000,0,69340000,69340000,69340000,0,0,0.342,96947000,105569000,31402000,2.083,1.126,26.502,25.896,70112000,0,12.43,9.074,8.89,0,432203000,202516000,202516000,0,0.007,0.042,0.009,0.521,9283000,72905000,1.0,147841368,144847156,144848009,1.398,9186449000,0,36229000,20545000,64.315,
CFFN,MRY,2014-12-31,2014-09-30,2014-09-30,2018-05-10,6986000,9865028000,9280634500,,,0.022,10.511,-7227000,810840000,810840000,0,77694000,,5.608,3647782000,,,3647782000,0,6316000,4655272000,0.083,0.98,115152000,121468000,0.591,121468000,115152000,115152000,0.56,0.56,0.56,1492882000,1522814250,1492882000,4414303465,38,36.341,84560000,0.595,1.0,205689000,1.0,0,0,12701970000,12047074500,0,8839713000,,,8372146000,,,1678871465,696954000,0,-79175000,750713000,-138172000,577192000,27975000,34797000,91787000,0,77694000,77694000,77694000,0,0,0.378,90537000,115152000,46357000,1.75,1.125,21.609,21.107,70530000,0,11.82,8.162,8.162,0,346705000,205689000,205689000,0,0.008,0.051,0.01,0.56,4148000,69745000,1.0,142036503,142036503,,1.448,9865028000,0,37458000,22735000,69.454,
CFFN,MRY,2015-12-31,2015-09-30,2015-09-30,2018-05-10,8374000,9844161000,9513699250,,,0.022,10.231,-12022000,772632000,772632000,0,78093000,,5.951,3532339000,,,3532339000,0,6844000,4832520000,0.069,0.84,115768000,122612000,0.583,122612000,115768000,115768000,0.58,0.58,0.58,1416226000,1446383500,1416226000,4459940763,38,36.374,74587000,0.539,1.0,210137000,1.0,0,0,12603868000,12206602000,0,8804863000,,,8427935000,,,1676279763,-38208000,0,-49767000,-119639000,-114162000,-106320000,-18497000,43525000,86609000,0,78093000,78093000,78093000,0,0,0.372,94369000,115768000,36685000,1.448,1.184,21.465,20.879,75810000,0,12.11,7.977,7.977,0,296739000,210137000,210137000,0,0.008,0.054,0.009,0.551,4122000,70248000,1.0,138421120,138421120,,1.518,9844161000,1071000,37675000,26391000,71.117,
CFFN,MRY,2016-12-31,2016-09-30,2016-09-30,2018-05-10,5915000,9267247000,9239782000,,,0.023,10.142,-14854000,281764000,281764000,0,83494000,,5.653,2635032000,,,2635032000,0,7141000,5164018000,0.06,0.84,121939000,129080000,0.597,129080000,121939000,121939000,0.63,0.63,0.63,1392964000,1392005000,1392964000,4489530203,36,34.781,70102000,0.51,1.0,216244000,1.0,0,0,11620515000,11713200250,0,8696169000,,,7874283000,,,1932433203,-490868000,0,4070000,-899175000,-111767000,-675318000,99494000,113565000,84956000,0,83494000,83494000,83494000,0,0,0.386,94305000,121939000,49549000,1.333,1.387,23.145,22.333,83221000,0,14.07,8.936,8.936,0,268466000,216244000,216244000,0,0.009,0.06,0.01,0.564,3295000,70743000,1.0,137344222,137344222,,1.574,9267247000,0,38445000,25684000,67.475,
CFFN,MRY,2017-12-31,2017-09-30,2017-09-30,2018-05-10,2918000,9192916000,9170524000,,,0.024,9.9,-9128000,351659000,351659000,0,84137000,,5.718,2437557000,,,2437557000,0,7796000,5309868000,0.06,0.88,127920000,135716000,0.624,135716000,127920000,127920000,0.63,0.63,0.63,1368313000,1369440750,1368313000,4314619674,33,31.792,76317000,0.552,1.0,217578000,1.0,0,0,11278814000,11421449500,0,8539594000,,,7824603000,,,2031728674,69895000,0,8843000,-198894000,-117963000,-161834000,146284000,155412000,85445000,0,84137000,84137000,84137000,0,0,0.387,89658000,127920000,52190000,1.397,1.485,24.148,23.333,84818000,0,14.7,9.338,9.338,0,234640000,217578000,217578000,0,0.009,0.061,0.011,0.588,2942000,72187000,1.0,138212835,138212835,,1.574,9192916000,0,43783000,24988000,66.513,
