ticker,dimension,calendardate,datekey,reportperiod,lastupdated,accoci,assets,assetsavg,assetsc,assetsnc,assetturnover,bvps,capex,cashneq,cashnequsd,cor,consolinc,currentratio,de,debt,debtc,debtnc,debtusd,deferredrev,depamor,deposits,divyield,dps,ebit,ebitda,ebitdamargin,ebitdausd,ebitusd,ebt,eps,epsdil,epsusd,equity,equityavg,equityusd,ev,evebit,evebitda,fcf,fcfps,fxusd,gp,grossmargin,intangibles,intexp,invcap,invcapavg,inventory,investments,investmentsc,investmentsnc,liabilities,liabilitiesc,liabilitiesnc,marketcap,ncf,ncfbus,ncfcommon,ncfdebt,ncfdiv,ncff,ncfi,ncfinv,ncfo,ncfx,netinc,netinccmn,netinccmnusd,netincdis,netincnci,netmargin,opex,opinc,payables,payoutratio,pb,pe,pe1,ppnenet,prefdivis,price,ps,ps1,receivables,retearn,revenue,revenueusd,rnd,roa,roe,roic,ros,sbcomp,sgna,sharefactor,sharesbas,shareswa,shareswadil,sps,tangibles,taxassets,taxexp,taxliabilities,tbvps,workingcapital
CFN,MRY,2011-12-31,2011-06-30,2011-06-30,2017-04-14,-11000000,8185000000,8109000000,2868000000,5317000000,0.424,22.695,-145000000,1370000000,1370000000,1672000000,249000000,4.633,0.614,1388000000,1000000,1387000000,1388000000,67000000,186000000,0,0.0,0.0,454000000,640000000,0.186,640000000,454000000,375000000,1.11,1.1,1.11,5070000000,4933250000,5070000000,6278793179,13,9.811,178000000,0.799,1.0,1768000000,0.514,3751000000,79000000,3833000000,3818750000,360000000,1320000000,400000000,920000000,3115000000,619000000,2496000000,6070793179,386000000,127000000,0,-4000000,0,0,-19000000,0,323000000,48000000,249000000,249000000,249000000,50000000,0,0.072,1264000000,504000000,197000000,0.0,1.197,24.381,24.477,449000000,0,27.17,1.765,1.76,528000000,370000000,3440000000,3440000000,146000000,0.031,0.05,0.119,0.132,65000000,1067000000,1.0,223437364,222800000,225100000,15.44,4434000000,0,126000000,631000000,19.848,2249000000
CFN,MRY,2012-12-31,2012-06-30,2012-06-30,2017-04-14,-88000000,8488000000,8381250000,3118000000,5370000000,0.429,23.606,-109000000,1648000000,1648000000,1794000000,293000000,3.342,0.623,1402000000,251000000,1151000000,1402000000,62000000,198000000,0,0.0,0.0,506000000,704000000,0.196,704000000,506000000,419000000,1.31,1.3,1.31,5231000000,5207250000,5231000000,5660806244,11,8.041,545000000,2.436,1.0,1804000000,0.501,3870000000,87000000,3439000000,3606250000,390000000,1352000000,374000000,978000000,3257000000,933000000,2324000000,5698806244,286000000,-129000000,-86000000,-3000000,0,-109000000,-239000000,0,654000000,-30000000,293000000,293000000,293000000,68000000,0,0.081,1230000000,574000000,176000000,0.0,1.089,19.45,19.603,431000000,0,25.68,1.584,1.597,441000000,663000000,3598000000,3598000000,164000000,0.035,0.056,0.14,0.141,51000000,1033000000,1.0,221916131,223700000,226000000,16.084,4618000000,0,126000000,644000000,20.839,2185000000
CFN,MRY,2013-12-31,2013-06-30,2013-06-30,2017-04-14,-45000000,8553000000,8486500000,3133000000,5420000000,0.418,24.752,-105000000,1798000000,1798000000,1700000000,385000000,5.292,0.588,1446000000,2000000,1444000000,1446000000,51000000,184000000,0,0.0,0.0,615000000,799000000,0.225,799000000,615000000,539000000,1.74,1.72,1.74,5386000000,5423750000,5386000000,7641969314,12,9.564,509000000,2.301,1.0,1850000000,0.521,3874000000,76000000,3735000000,3638750000,384000000,1352000000,351000000,1001000000,3167000000,592000000,2575000000,8099969314,151000000,-66000000,-333000000,46000000,0,-299000000,-171000000,0,614000000,7000000,385000000,385000000,385000000,4000000,0,0.108,1231000000,619000000,147000000,0.0,1.504,21.039,21.178,409000000,0,36.85,2.282,2.296,429000000,1048000000,3550000000,3550000000,192000000,0.045,0.071,0.169,0.173,53000000,980000000,1.0,219809208,221200000,224000000,16.049,4679000000,0,154000000,638000000,21.503,2541000000
CFN,MRY,2014-12-31,2014-06-30,2014-06-30,2017-04-14,-43000000,9655000000,8860250000,3721000000,5934000000,0.434,26.114,-91000000,2303000000,2303000000,1934000000,417000000,3.114,0.791,2444000000,454000000,1990000000,2444000000,95000000,200000000,0,0.0,0.0,621000000,821000000,0.214,821000000,621000000,532000000,1.99,1.96,1.99,5390000000,5387750000,5390000000,9381290703,15,11.427,594000000,2.833,1.0,1908000000,0.497,4327000000,89000000,4274000000,3605250000,441000000,1359000000,290000000,1069000000,4265000000,1195000000,3070000000,9194290703,505000000,-627000000,-454000000,981000000,0,522000000,-718000000,0,685000000,16000000,417000000,417000000,417000000,0,0,0.109,1290000000,618000000,206000000,0.0,1.706,22.049,22.286,448000000,0,44.35,2.393,2.421,574000000,1465000000,3842000000,3842000000,190000000,0.047,0.077,0.172,0.162,58000000,1061000000,1.0,207312079,209700000,212900000,18.321,5328000000,0,115000000,607000000,25.814,2526000000
