ticker,dimension,calendardate,datekey,reportperiod,lastupdated,accoci,assets,assetsavg,assetsc,assetsnc,assetturnover,bvps,capex,cashneq,cashnequsd,cor,consolinc,currentratio,de,debt,debtc,debtnc,debtusd,deferredrev,depamor,deposits,divyield,dps,ebit,ebitda,ebitdamargin,ebitdausd,ebitusd,ebt,eps,epsdil,epsusd,equity,equityavg,equityusd,ev,evebit,evebitda,fcf,fcfps,fxusd,gp,grossmargin,intangibles,intexp,invcap,invcapavg,inventory,investments,investmentsc,investmentsnc,liabilities,liabilitiesc,liabilitiesnc,marketcap,ncf,ncfbus,ncfcommon,ncfdebt,ncfdiv,ncff,ncfi,ncfinv,ncfo,ncfx,netinc,netinccmn,netinccmnusd,netincdis,netincnci,netmargin,opex,opinc,payables,payoutratio,pb,pe,pe1,ppnenet,prefdivis,price,ps,ps1,receivables,retearn,revenue,revenueusd,rnd,roa,roe,roic,ros,sbcomp,sgna,sharefactor,sharesbas,shareswa,shareswadil,sps,tangibles,taxassets,taxexp,taxliabilities,tbvps,workingcapital
CFNB,MRY,2011-12-31,2011-06-30,2011-06-30,2017-09-29,1507000,524415000,494483500,,,0.059,19.223,0,97302000,97302000,0,10907000,,1.627,18448000,,,18448000,0,-2313000,277524000,0.065,1.0,16935000,14622000,0.504,14622000,16935000,16935000,1.06,1.05,1.06,199622000,197307500,199622000,94118586,5,6.437,15643000,1.518,1.0,29023000,1.0,0,0,445561000,440682250,0,383495000,,,324793000,,,159597586,23314000,0,0,0,-10288000,60192000,-52521000,-57804000,15643000,0,10907000,10907000,10907000,0,0,0.376,12088000,16935000,1338000,0.943,0.799,14.633,14.453,30390000,0,15.32,5.499,5.439,2198000,195162000,29023000,29023000,0,0.022,0.055,0.038,0.584,0,12088000,1.0,10417597,10303151,10400589,2.817,524415000,1378000,6028000,24441000,50.499,
CFNB,MRY,2012-12-31,2012-06-30,2012-06-30,2017-09-29,688000,486171000,494373000,,,0.054,18.852,0,56921000,56921000,0,8903000,,1.475,3275000,,,3275000,0,-757000,255212000,0.07,1.1,14275000,13518000,0.509,13518000,14275000,14275000,0.85,0.85,0.85,196439000,195870250,196439000,122061378,8,9.03,6889000,0.661,1.0,26582000,1.0,0,0,432525000,434925000,0,403214000,,,289732000,,,163497378,-40381000,0,0,-10000000,-11462000,-42745000,-4525000,-18496000,6889000,0,8903000,8903000,8903000,0,0,0.335,12307000,14275000,4386000,1.294,0.832,18.364,18.459,19122000,0,15.69,6.151,6.15,1597000,192603000,26582000,26582000,0,0.018,0.045,0.033,0.537,0,12307000,1.0,10420483,10419961,10429359,2.551,486171000,880000,5372000,24060000,46.658,
CFNB,MRY,2013-12-31,2013-06-30,2013-06-30,2017-09-29,590000,558903000,527955000,,,0.044,17.313,0,75469000,75469000,0,7354000,,2.09,768000,,,768000,0,-679000,347676000,0.133,2.2,11685000,11006000,0.472,11006000,11685000,11685000,0.7,0.7,0.7,180879000,184064000,180879000,114950245,9,10.444,-2696000,-0.258,1.0,23295000,1.0,0,0,484202000,470985250,0,464731000,,,378024000,,,172379245,18548000,0,0,0,-22985000,69910000,-48666000,-60286000,-2696000,0,7354000,7354000,7354000,0,0,0.316,11610000,11685000,8849000,3.143,0.953,23.44,23.571,12382000,0,16.5,7.4,7.399,1395000,176972000,23295000,23295000,0,0.014,0.04,0.025,0.502,0,11610000,1.0,10447227,10446347,10453361,2.23,558903000,3301000,4331000,18575000,53.497,
CFNB,MRY,2014-12-31,2014-06-30,2014-06-30,2017-09-29,424000,579550000,557598500,,,0.04,17.567,0,40122000,40122000,0,7051000,,2.154,15498000,,,15498000,0,76000,357815000,0.027,0.4,11073000,11149000,0.505,11149000,11073000,11073000,0.67,0.67,0.67,183745000,182236250,183745000,125044684,11,11.216,6466000,0.619,1.0,22068000,1.0,0,0,554926000,514852750,0,485110000,,,395805000,,,153551684,-35347000,0,0,6858000,-4179000,12617000,-54430000,-95798000,6466000,0,7051000,7051000,7051000,0,0,0.32,10995000,11073000,4655000,0.597,0.836,21.777,21.91,42569000,0,14.68,6.958,6.954,680000,179844000,22068000,22068000,0,0.013,0.039,0.022,0.502,0,10995000,1.0,10459924,10453107,10456359,2.111,579550000,1658000,4022000,15284000,55.409,
CFNB,MRY,2015-12-31,2015-06-30,2015-06-30,2017-09-29,231000,731074000,671522500,,,0.04,17.995,0,60240000,60240000,0,9055000,,2.884,52193000,,,52193000,0,-496000,473806000,0.031,0.42,14815000,14319000,0.538,14319000,14815000,14815000,0.87,0.87,0.87,188218000,186689000,188218000,115709374,7,8.081,5169000,0.494,1.0,26594000,1.0,0,0,723027000,652524250,0,626332000,,,542856000,,,141104374,20118000,0,0,35142000,-4393000,146845000,-131896000,-212166000,5169000,0,9055000,9055000,9055000,0,0,0.34,11779000,14815000,2635000,0.483,0.75,15.583,15.506,32113000,0,13.49,5.306,5.306,1174000,184506000,26594000,26594000,0,0.013,0.049,0.023,0.557,0,10407000,1.0,10459924,10459924,10459924,2.542,731074000,231000,5760000,11944000,69.894,
CFNB,MRY,2016-12-31,2016-06-30,2016-06-30,2017-09-29,1345000,888176000,832082500,,,0.03,18.581,0,105094000,105094000,0,8648000,,3.65,44449000,,,44449000,0,-129000,634712000,0.03,0.44,14068000,13939000,0.56,13939000,14068000,14068000,0.83,0.83,0.83,191022000,188708500,191022000,135257749,9,9.704,9685000,0.931,1.0,24902000,1.0,0,0,827531000,807004500,0,741211000,,,697154000,,,151832749,44854000,0,-2360000,-2000000,-4603000,152278000,-117109000,-148515000,9685000,0,8648000,8648000,8648000,0,0,0.347,10834000,14068000,1697000,0.53,0.795,17.557,17.795,33860000,0,14.77,6.097,6.168,1333000,187334000,24902000,24902000,0,0.01,0.046,0.017,0.565,0,8786000,1.0,10279807,10399393,10399393,2.395,888176000,121000,5420000,12674000,86.394,
CFNB,MRY,2017-12-31,2017-06-30,2017-06-30,2017-09-29,-6000,715585000,828679750,,,0.035,19.081,0,96055000,96055000,0,11123000,,2.648,40279000,,,40279000,0,-177000,469980000,0.024,0.46,18724000,18547000,0.635,18547000,18724000,18724000,1.08,1.08,1.08,196134000,193378250,196134000,123829361,6,6.677,44328000,4.312,1.0,29208000,1.0,0,0,659809000,770533250,0,596597000,,,519451000,,,193774361,-9039000,0,0,0,-4729000,-169178000,115811000,63717000,44328000,0,11123000,11123000,11123000,0,0,0.381,10484000,18724000,1087000,0.426,0.988,17.421,17.454,19420000,0,18.85,6.634,6.634,840000,193728000,29208000,29208000,0,0.013,0.058,0.024,0.641,0,9038000,1.0,10279807,10279818,10279785,2.841,715585000,1088000,7601000,5569000,69.614,
