ticker,dimension,calendardate,datekey,reportperiod,lastupdated,accoci,assets,assetsavg,assetsc,assetsnc,assetturnover,bvps,capex,cashneq,cashnequsd,cor,consolinc,currentratio,de,debt,debtc,debtnc,debtusd,deferredrev,depamor,deposits,divyield,dps,ebit,ebitda,ebitdamargin,ebitdausd,ebitusd,ebt,eps,epsdil,epsusd,equity,equityavg,equityusd,ev,evebit,evebitda,fcf,fcfps,fxusd,gp,grossmargin,intangibles,intexp,invcap,invcapavg,inventory,investments,investmentsc,investmentsnc,liabilities,liabilitiesc,liabilitiesnc,marketcap,ncf,ncfbus,ncfcommon,ncfdebt,ncfdiv,ncff,ncfi,ncfinv,ncfo,ncfx,netinc,netinccmn,netinccmnusd,netincdis,netincnci,netmargin,opex,opinc,payables,payoutratio,pb,pe,pe1,ppnenet,prefdivis,price,ps,ps1,receivables,retearn,revenue,revenueusd,rnd,roa,roe,roic,ros,sbcomp,sgna,sharefactor,sharesbas,shareswa,shareswadil,sps,tangibles,taxassets,taxexp,taxliabilities,tbvps,workingcapital
CHEF,MRY,2011-12-31,2011-12-30,2011-12-30,2018-05-09,0,107878000,95477000,73594000,34284000,4.196,1.34,-2081000,2033000,2033000,294698000,7698000,1.679,3.577,45697000,6107000,39590000,45697000,0,1722000,0,0.0,0.0,27871000,29593000,0.074,29593000,27871000,13301000,0.44,0.43,0.44,23570000,-12741000,23570000,415897992,14,14.054,14639000,0.832,1.0,105934000,0.264,26060000,14570000,81657000,100188000,23873000,0,0,0,84308000,43825000,40483000,372111992,55000,-17752000,63279000,-58122000,0,3168000,-19833000,0,16720000,0,7698000,7698000,7698000,0,0,0.019,78144000,27790000,30371000,0.0,15.788,48.339,40.591,5379000,0,17.86,0.929,0.784,42876000,3556000,400632000,400632000,0,0.081,-0.604,0.278,0.07,2097000,78138000,1.0,20834938,17591376,18031651,22.774,81818000,2849000,5603000,0,4.651,29769000
CHEF,MRY,2012-12-31,2012-12-28,2012-12-28,2018-05-09,0,210134000,165335750,105505000,104629000,2.905,1.906,-3186000,11126000,11126000,355288000,14511000,2.212,4.349,124527000,5175000,119352000,124527000,0,3932000,0,0.0,0.0,28749000,32681000,0.068,32681000,28749000,25075000,0.7,0.69,0.7,39282000,33057000,39282000,436026746,15,13.342,5205000,0.253,1.0,125004000,0.26,81395000,3674000,194437000,144359750,40402000,0,0,0,170852000,47703000,123149000,323253746,-1915000,-72521000,0,67487000,0,65401000,-75707000,0,8391000,0,14511000,14511000,14511000,0,0,0.03,96255000,28749000,33718000,0.0,8.229,22.276,22.0,9365000,0,15.4,0.673,0.661,56694000,18067000,480292000,480292000,0,0.088,0.439,0.199,0.06,1547000,96237000,1.0,20990503,20612407,20926365,23.301,128739000,2839000,10564000,2552000,6.246,57802000
CHEF,MRY,2013-12-31,2013-12-27,2013-12-27,2018-05-09,-214000,354758000,296211250,180095000,174663000,2.274,6.067,-11704000,25592000,25592000,501181000,16990000,2.877,1.686,147714000,6867000,140847000,147714000,0,7317000,0,0.0,0.0,36573000,43890000,0.065,43890000,36573000,28798000,0.78,0.77,0.78,132065000,87152000,132065000,816100804,22,18.594,-1066000,-0.049,1.0,172364000,0.256,137741000,7775000,276548000,243459500,64710000,0,0,0,222693000,62591000,160102000,728968804,19896000,-77995000,75037000,19729000,0,98727000,-89699000,0,10638000,230000,16990000,16990000,16990000,0,0,0.025,135791000,36573000,33925000,0.0,5.52,42.906,37.359,27589000,0,29.14,1.082,0.942,76413000,35056000,673545000,673545000,0,0.057,0.195,0.15,0.054,1210000,135783000,1.0,25016088,21766743,21995042,30.944,217017000,2708000,11808000,8338000,9.97,117504000
CHEF,MRY,2014-12-31,2014-12-26,2014-12-26,2018-05-09,-693000,376193000,359841750,189007000,187186000,2.314,5.958,-24206000,3328000,3328000,627551000,14215000,2.453,1.563,143536000,7736000,135800000,143536000,0,8243000,0,0.0,0.0,33015000,41258000,0.05,41258000,33015000,24848000,0.58,0.57,0.58,146794000,139534000,146794000,691676967,20,16.765,-14409000,-0.585,1.0,205158000,0.246,134351000,8167000,304990000,291623750,75528000,0,0,0,229399000,77060000,152339000,552016967,-16686000,533000,0,-7054000,0,-2698000,-23673000,0,9797000,-112000,14215000,14215000,14215000,0,0,0.017,172143000,33015000,43157000,0.0,3.76,38.833,37.983,47938000,0,22.03,0.663,0.652,96896000,49271000,832709000,832709000,0,0.04,0.102,0.113,0.04,1374000,172148000,1.0,25057511,24638135,24844565,33.798,241842000,3500000,10633000,8067000,9.816,111947000
CHEF,MRY,2015-12-31,2015-12-25,2015-12-25,2018-05-09,-2949000,579803000,529667250,228515000,351288000,1.976,7.362,-21656000,2454000,2454000,778167000,16209000,2.215,2.085,273615000,6266000,267349000,273615000,0,15413000,0,0.0,0.0,40695000,56108000,0.054,56108000,40695000,27711000,0.63,0.63,0.63,187964000,173557000,187964000,747122863,18,13.316,16071000,0.629,1.0,268711000,0.257,292538000,12984000,455282000,443894500,92758000,0,0,0,391839000,103144000,288695000,456672863,-874000,-107644000,0,94489000,0,91046000,-129300000,0,37727000,-347000,16209000,16209000,16209000,0,0,0.015,228016000,40695000,64888000,0.0,2.43,28.174,27.571,54283000,0,17.37,0.436,0.424,124139000,65480000,1046878000,1046878000,0,0.031,0.093,0.092,0.039,3539000,228311000,1.0,26290896,25532172,26508994,41.002,287265000,0,11502000,4060000,11.251,125371000
CHEF,MRY,2016-12-31,2016-12-30,2016-12-30,2018-05-09,-2186000,633538000,617985000,264491000,369047000,1.93,7.475,-16623000,32862000,32862000,891649000,3023000,2.463,2.27,332520000,14795000,317725000,332520000,0,18515000,0,0.0,0.0,47308000,65823000,0.055,65823000,47308000,5676000,0.12,0.12,0.12,193760000,187589250,193760000,721247224,15,10.957,22291000,0.86,1.0,301217000,0.253,300842000,41632000,524980000,514799500,87498000,0,0,0,439778000,107374000,332404000,414818224,30408000,-19192000,0,42329000,0,27235000,-35815000,0,38914000,74000,3023000,3023000,3023000,0,0,0.003,253909000,47308000,65514000,0.0,2.141,137.221,131.667,62183000,0,15.8,0.348,0.343,128030000,68503000,1192866000,1192866000,0,0.005,0.016,0.092,0.04,2579000,253978000,1.0,26254318,25919480,26029609,46.022,332696000,0,2653000,6958000,12.836,157117000
CHEF,MRY,2017-12-31,2017-12-29,2017-12-29,2018-05-09,-1549000,687749000,652256750,296840000,390909000,1.995,9.518,-12311000,41504000,41504000,972142000,14366000,2.742,1.766,317822000,3827000,313995000,317822000,0,20549000,0,0.0,0.0,41117000,61666000,0.047,61666000,41117000,18408000,0.55,0.54,0.55,248601000,210755500,248601000,859831599,20,13.943,19186000,0.735,1.0,329378000,0.253,319556000,22709000,536238000,527011750,102083000,0,0,0,439148000,108273000,330875000,544563599,8642000,-30095000,34020000,-12830000,0,19429000,-42406000,0,31497000,122000,14366000,14366000,14366000,0,0,0.011,288261000,41117000,70019000,0.0,2.191,37.906,37.273,68378000,0,20.5,0.418,0.411,142170000,82869000,1301520000,1301520000,0,0.022,0.068,0.078,0.032,3018000,288251000,1.0,26564078,26118482,27424526,49.831,368193000,0,4042000,6015000,14.097,188567000
