ticker,dimension,calendardate,datekey,reportperiod,lastupdated,accoci,assets,assetsavg,assetsc,assetsnc,assetturnover,bvps,capex,cashneq,cashnequsd,cor,consolinc,currentratio,de,debt,debtc,debtnc,debtusd,deferredrev,depamor,deposits,divyield,dps,ebit,ebitda,ebitdamargin,ebitdausd,ebitusd,ebt,eps,epsdil,epsusd,equity,equityavg,equityusd,ev,evebit,evebitda,fcf,fcfps,fxusd,gp,grossmargin,intangibles,intexp,invcap,invcapavg,inventory,investments,investmentsc,investmentsnc,liabilities,liabilitiesc,liabilitiesnc,marketcap,ncf,ncfbus,ncfcommon,ncfdebt,ncfdiv,ncff,ncfi,ncfinv,ncfo,ncfx,netinc,netinccmn,netinccmnusd,netincdis,netincnci,netmargin,opex,opinc,payables,payoutratio,pb,pe,pe1,ppnenet,prefdivis,price,ps,ps1,receivables,retearn,revenue,revenueusd,rnd,roa,roe,roic,ros,sbcomp,sgna,sharefactor,sharesbas,shareswa,shareswadil,sps,tangibles,taxassets,taxexp,taxliabilities,tbvps,workingcapital
CHS,MRY,2011-12-31,2012-01-28,2012-01-28,2018-03-13,328000,1425152000,1442221250,497426000,927726000,1.523,6.158,-131757000,58919000,58919000,969989000,140874000,2.089,0.412,0,0,0,0,0,99430000,0,0.018,0.2,222377000,321807000,0.147,321807000,222377000,223974000,0.82,0.82,0.82,1009228000,1031530000,1009228000,1865459896,8,5.797,123424000,0.73,1.0,1226371000,0.558,370805000,-1597000,757319000,858177250,194469000,188934000,188934000,0,415924000,238109000,177815000,1914944896,44224000,-213561000,-178741000,0,-34152000,-210664000,-293000,345025000,255181000,0,140874000,140874000,140874000,0,0,0.064,1003994000,222377000,100395000,0.244,1.897,13.593,13.927,550230000,0,11.42,0.872,0.88,0,704631000,2196360000,2196360000,0,0.098,0.137,0.259,0.101,12555000,1003994000,1.0,167683441,169153000,170250000,12.984,1054347000,0,83100000,52125000,6.434,259317000
CHS,MRY,2012-12-31,2013-02-02,2013-02-02,2018-03-13,216000,1580628000,1577591000,597993000,982635000,1.636,6.794,-164690000,56859000,56859000,1129257000,180219000,1.977,0.446,0,0,0,0,0,108471000,0,0.012,0.21,287538000,396009000,0.153,396009000,287538000,288419000,1.09,1.08,1.09,1093199000,1090459750,1093199000,2909890766,10,7.348,203583000,1.249,1.0,1451800000,0.562,366447000,-881000,854911000,805608000,206849000,272499000,272499000,0,487429000,302411000,185018000,2988992766,-2060000,0,-94990000,0,-34928000,-121966000,-248367000,-83677000,368273000,0,180219000,180219000,180219000,0,0,0.07,1164262000,287538000,129387000,0.193,2.734,16.585,16.477,608120000,0,17.96,1.158,1.134,0,742580000,2581057000,2581057000,0,0.114,0.165,0.357,0.111,18501000,1164262000,1.0,166424987,162989000,164119000,15.836,1214181000,0,108200000,52644000,7.546,295582000
CHS,MRY,2013-12-31,2014-02-01,2014-02-01,2018-03-13,112000,1371191000,1505165750,441289000,929902000,1.718,6.052,-138510000,36444000,36444000,1169406000,65883000,1.615,0.508,0,0,0,0,0,118303000,0,0.014,0.24,141183000,259486000,0.1,259486000,141183000,141683000,0.41,0.41,0.41,909103000,1027956250,909103000,2583436994,18,9.956,98172000,0.633,1.0,1416631000,0.548,289623000,-500000,771797000,825608000,238145000,116002000,116002000,0,462088000,273327000,188761000,2635960994,-20415000,0,-239251000,0,-38255000,-275023000,17884000,156394000,236682000,42000,65883000,65883000,65883000,0,0,0.025,1275448000,141183000,131254000,0.585,2.9,40.01,40.488,631050000,0,16.6,1.019,0.995,0,525381000,2586037000,2586037000,0,0.044,0.064,0.171,0.055,24662000,1202982000,1.0,158792831,155048000,155995000,16.679,1081568000,0,75800000,49887000,7.201,167962000
CHS,MRY,2014-12-31,2015-01-31,2015-01-31,2018-03-13,562000,1438581000,1443880000,558337000,880244000,1.866,6.343,-119817000,133351000,133351000,1659691000,64641000,1.843,0.525,0,0,0,0,0,122269000,0,0.018,0.3,116343000,238612000,0.089,238612000,116343000,116441000,0.42,0.42,0.42,943621000,949806250,943621000,2483785901,21,10.409,162666000,1.094,1.0,1034238000,0.384,255165000,-98000,747135000,762492000,235159000,126561000,126561000,0,494960000,302930000,192030000,2550957901,96907000,0,-11856000,0,-45773000,-55648000,-130451000,-10634000,282483000,523000,64641000,64641000,64641000,0,0,0.024,917895000,116343000,144534000,0.714,2.703,39.463,39.714,606147000,0,16.68,0.947,0.92,0,534255000,2693929000,2693929000,0,0.045,0.068,0.153,0.043,24506000,871050000,1.0,152935126,148622000,149126000,18.126,1183416000,596000,51800000,49659000,7.955,255407000
CHS,MRY,2015-12-31,2016-01-30,2016-01-30,2018-03-13,40000,1166052000,1257852250,465321000,700731000,2.115,4.728,-84841000,89951000,89951000,1633764000,1946000,1.561,0.823,92219000,10000000,82219000,92219000,0,118800000,0,0.03,0.311,-13084000,105716000,0.04,105716000,-13084000,-14954000,0.01,0.01,0.01,639788000,692146000,639788000,1451825642,-110,13.733,115234000,0.833,1.0,1026871000,0.386,135704000,1870000,734485000,779315250,233834000,50194000,50194000,0,526264000,298131000,228133000,1448379642,-43400000,9000000,-279382000,92500000,-43729000,-243465000,491000,76332000,200075000,-501000,1946000,1946000,1946000,0,0,0.001,1039955000,-13084000,129343000,31.1,2.264,744.286,1039.0,550953000,0,10.39,0.544,0.54,0,492325000,2660635000,2660635000,0,0.002,0.003,-0.017,-0.005,30062000,878699000,1.0,139401313,138366000,138741000,19.229,1030348000,29157000,-16900000,15171000,7.615,167190000
CHS,MRY,2016-12-31,2017-01-28,2017-01-28,2018-03-13,-28000,1108994000,1119214000,477626000,631368000,2.213,4.816,-31619000,142135000,142135000,1529574000,91229000,1.577,0.82,84785000,16250000,68535000,84785000,0,109251000,0,0.025,0.32,140702000,249953000,0.101,249953000,140702000,138729000,0.69,0.69,0.69,609173000,612908000,609173000,1645347040,11,6.583,199695000,1.548,1.0,946836000,0.382,135704000,1973000,613080000,679635000,232363000,50370000,50370000,0,499821000,302860000,196961000,1640910040,52184000,0,-92004000,-7500000,-42254000,-147273000,-31828000,-209000,231314000,-29000,91229000,91229000,91229000,0,0,0.037,806134000,140702000,116378000,0.464,2.694,17.987,18.406,477185000,0,12.7,0.663,0.662,0,541251000,2476410000,2476410000,0,0.082,0.149,0.207,0.057,21249000,775107000,1.0,129205515,128995000,129237000,19.198,973290000,0,47500000,9883000,7.695,174766000
CHS,MRY,2017-12-31,2018-02-03,2018-02-03,2018-03-13,-44000,1087605000,1084342250,514525000,573080000,2.105,5.263,-48530000,160071000,160071000,1417602000,101000000,1.927,0.657,68601000,15000000,53601000,68601000,0,96310000,0,0.035,0.332,145170000,241480000,0.106,241480000,145170000,143600000,0.79,0.79,0.79,656382000,630843750,656382000,1144218561,7,4.738,118343000,0.944,1.0,864777000,0.379,135704000,1570000,593463000,613549250,233726000,60060000,60060000,0,431223000,266968000,164255000,1197529561,17936000,0,-25271000,-16250000,-42516000,-90777000,-58279000,-9749000,166873000,119000,101000000,101000000,101000000,0,0,0.044,719607000,145170000,118253000,0.42,1.824,11.857,11.861,421038000,0,9.37,0.525,0.515,0,599810000,2282379000,2282379000,0,0.093,0.16,0.237,0.064,20677000,719607000,1.0,127804649,125341000,125403000,18.209,951901000,0,42600000,7372000,7.633,247557000
