ticker,dimension,calendardate,datekey,reportperiod,lastupdated,accoci,assets,assetsavg,assetsc,assetsnc,assetturnover,bvps,capex,cashneq,cashnequsd,cor,consolinc,currentratio,de,debt,debtc,debtnc,debtusd,deferredrev,depamor,deposits,divyield,dps,ebit,ebitda,ebitdamargin,ebitdausd,ebitusd,ebt,eps,epsdil,epsusd,equity,equityavg,equityusd,ev,evebit,evebitda,fcf,fcfps,fxusd,gp,grossmargin,intangibles,intexp,invcap,invcapavg,inventory,investments,investmentsc,investmentsnc,liabilities,liabilitiesc,liabilitiesnc,marketcap,ncf,ncfbus,ncfcommon,ncfdebt,ncfdiv,ncff,ncfi,ncfinv,ncfo,ncfx,netinc,netinccmn,netinccmnusd,netincdis,netincnci,netmargin,opex,opinc,payables,payoutratio,pb,pe,pe1,ppnenet,prefdivis,price,ps,ps1,receivables,retearn,revenue,revenueusd,rnd,roa,roe,roic,ros,sbcomp,sgna,sharefactor,sharesbas,shareswa,shareswadil,sps,tangibles,taxassets,taxexp,taxliabilities,tbvps,workingcapital
CKP,MRY,2011-12-31,2011-12-25,2011-12-25,2017-05-26,12741000,1044481000,1094605500,492236000,552245000,0.693,13.151,-22981000,93772000,93772000,450508000,-83561000,1.9,0.975,150462000,21778000,128684000,150462000,22142000,36278000,0,0.0,0.0,-21251000,15027000,0.02,15027000,-21251000,-30151000,-2.06,-2.06,-2.06,528124000,572577250,528124000,505515444,-23,33.64,-43054000,-1.072,1.0,307892000,0.406,370660000,8900000,471391000,478643750,130987000,0,0,0,515141000,259120000,256021000,451397444,-79141000,-75937000,2210000,34460000,0,37304000,-98280000,0,-20073000,1908000,-83504000,-83504000,-83504000,1165000,-57000,-0.11,330072000,-22180000,68886000,0.0,0.855,-5.406,-5.456,134081000,0,11.24,0.595,0.595,208889000,164268000,758400000,758400000,19269000,-0.076,-0.146,-0.044,-0.028,6774000,280136000,1.0,40159915,40159915,,18.885,673821000,34961000,53353000,22708000,16.778,233116000
CKP,MRY,2012-12-31,2012-12-30,2012-12-30,2017-05-26,306000,869115000,913160000,448791000,420324000,0.756,8.711,-12401000,118829000,118829000,420084000,-146979000,2.049,1.456,144909000,4367000,140542000,144909000,15530000,30369000,0,0.0,0.0,-127905000,-97536000,-0.141,-97536000,-127905000,-140445000,-3.57,-3.57,-3.57,353621000,429385250,353621000,464380597,-3,-4.761,49964000,1.231,1.0,269836000,0.391,276831000,12540000,399293000,416542250,82225000,0,0,0,514806000,219071000,295735000,423809597,25497000,3430000,1653000,-36917000,0,-35166000,-2449000,0,62365000,747000,-146450000,-146450000,-146450000,7959000,-529000,-0.212,394244000,-124408000,63982000,0.0,1.198,-2.894,-2.924,89792000,0,10.44,0.614,0.614,175141000,-4356000,689920000,689920000,16400000,-0.16,-0.341,-0.307,-0.185,4655000,248107000,1.0,40594789,40594789,,16.995,592284000,50854000,6005000,18140000,14.59,229720000
CKP,MRY,2013-12-31,2013-12-29,2013-12-29,2017-05-26,2245000,799493000,790045250,411185000,388308000,0.873,8.358,-8946000,121573000,121573000,420647000,-18927000,2.313,1.309,126690000,435000,126255000,126690000,9011000,26373000,0,0.0,0.0,3698000,30071000,0.044,30071000,3698000,-15257000,-0.46,-0.46,-0.46,346325000,362539250,346325000,625352492,169,20.796,12124000,0.293,1.0,269091000,0.39,264030000,18955000,362847000,336949750,83521000,0,0,0,453168000,177733000,275435000,632308492,2744000,1800000,4073000,-16010000,0,-11337000,-5298000,0,21070000,-1691000,-18928000,-18928000,-18928000,17156000,1000,-0.027,245815000,23276000,67203000,0.0,1.826,-33.406,-33.174,76334000,0,15.26,0.917,0.917,167864000,-23284000,689738000,689738000,17524000,-0.024,-0.052,0.011,0.005,5769000,218807000,1.0,41435681,41435681,,16.646,535463000,47239000,3671000,15506000,12.923,233452000
CKP,MRY,2014-12-31,2014-12-28,2014-12-28,2017-05-26,-34684000,738666000,765433000,390602000,348064000,0.865,7.846,-17971000,135537000,135537000,376956000,10953000,2.471,1.253,98491000,236000,98255000,98491000,7663000,25150000,0,0.0,0.0,38811000,63961000,0.097,63961000,38811000,34174000,0.26,0.26,0.26,327931000,346134500,327931000,564133528,14,8.82,47571000,1.138,1.0,285084000,0.431,238509000,4637000,305060000,338823250,91860000,0,0,0,410735000,158051000,252684000,586419528,13964000,283000,1980000,-26329000,0,-24135000,-17605000,0,65542000,-9838000,10953000,10953000,10953000,0,0,0.017,246351000,38733000,48928000,0.0,1.788,53.54,53.962,77389000,0,14.03,0.886,0.886,131720000,-12331000,662040000,662040000,15303000,0.014,0.032,0.115,0.059,5567000,221566000,1.0,41797543,41797543,,15.839,500157000,30841000,23221000,16647000,11.966,232551000
CKP,MRY,2015-12-31,2015-12-27,2015-12-27,2017-05-26,-40227000,657870000,660980250,340932000,316938000,0.888,6.613,-17952000,124289000,124289000,342743000,-26215000,1.945,1.394,102376000,21170000,81206000,102376000,6262000,25096000,0,0.076,0.5,-14618000,10478000,0.018,10478000,-14618000,-18575000,-0.61,-0.61,-0.61,274792000,283094500,274792000,274314158,-18,26.18,19543000,0.47,1.0,244414000,0.416,211887000,3957000,248748000,278012000,82126000,0,0,0,383078000,175322000,207756000,275062158,-11248000,283000,-5011000,4825000,-20980000,-21062000,-17380000,0,37495000,-10301000,-26215000,-26215000,-26215000,0,0,-0.045,259815000,-15401000,50647000,-0.82,1.001,-10.493,-10.852,77386000,0,6.62,0.468,0.468,113698000,-38546000,587157000,587157000,19487000,-0.04,-0.093,-0.053,-0.025,5376000,205628000,1.0,41550175,41550175,,14.131,445983000,23336000,7640000,17179000,10.734,165610000
