ticker,dimension,calendardate,datekey,reportperiod,lastupdated,accoci,assets,assetsavg,assetsc,assetsnc,assetturnover,bvps,capex,cashneq,cashnequsd,cor,consolinc,currentratio,de,debt,debtc,debtnc,debtusd,deferredrev,depamor,deposits,divyield,dps,ebit,ebitda,ebitdamargin,ebitdausd,ebitusd,ebt,eps,epsdil,epsusd,equity,equityavg,equityusd,ev,evebit,evebitda,fcf,fcfps,fxusd,gp,grossmargin,intangibles,intexp,invcap,invcapavg,inventory,investments,investmentsc,investmentsnc,liabilities,liabilitiesc,liabilitiesnc,marketcap,ncf,ncfbus,ncfcommon,ncfdebt,ncfdiv,ncff,ncfi,ncfinv,ncfo,ncfx,netinc,netinccmn,netinccmnusd,netincdis,netincnci,netmargin,opex,opinc,payables,payoutratio,pb,pe,pe1,ppnenet,prefdivis,price,ps,ps1,receivables,retearn,revenue,revenueusd,rnd,roa,roe,roic,ros,sbcomp,sgna,sharefactor,sharesbas,shareswa,shareswadil,sps,tangibles,taxassets,taxexp,taxliabilities,tbvps,workingcapital
CLC,MRY,2011-12-31,2011-12-03,2011-12-03,2017-06-14,-44391000,1134933000,1103539250,600899000,534034000,1.021,16.606,-22159000,157104000,157104000,743180000,124361000,3.754,0.356,17270000,1289000,15981000,17270000,0,32435000,0,0.009,0.43,181419000,213854000,0.19,213854000,181419000,180950000,2.46,2.42,2.46,835558000,817230000,835558000,2339559960,12,10.94,97390000,1.928,1.0,383421000,0.34,334204000,469000,500845000,501732750,200274000,0,0,0,297818000,160050000,137768000,2450266960,38977000,-11717000,-20868000,-7490000,-21961000,-45540000,-33527000,0,119549000,-1505000,124003000,124003000,124003000,0,358000,0.11,202154000,181267000,155585000,0.175,2.932,19.76,19.829,184992000,0,48.78,2.175,2.187,206664000,809520000,1126601000,1126601000,0,0.112,0.152,0.362,0.161,377000,202154000,1.0,50230975,50501842,51191435,22.308,800729000,30096000,56947000,39370000,15.914,440849000
CLC,MRY,2012-12-31,2012-12-01,2012-12-01,2017-06-14,-51708000,1205502000,1163879750,654594000,550908000,0.964,18.012,-35934000,186062000,186062000,741433000,123340000,3.743,0.335,16592000,201000,16391000,16592000,0,31815000,0,0.011,0.49,183170000,214985000,0.192,214985000,183170000,182643000,2.45,2.42,2.45,901830000,881599000,901830000,2172475282,11,10.105,99915000,1.987,1.0,380332000,0.339,337605000,527000,523536000,528513000,211251000,0,0,0,301918000,174891000,127027000,2321932282,29497000,-6434000,-30905000,-11064000,-24911000,-64873000,-42128000,0,135849000,649000,122986000,122986000,122986000,0,354000,0.11,197618000,182714000,172262000,0.2,2.575,18.88,18.931,195101000,0,46.38,2.07,2.079,214474000,902899000,1121765000,1121765000,0,0.106,0.14,0.347,0.163,4219000,197618000,1.0,50063223,50285480,50882191,22.308,867897000,34693000,59657000,53813000,17.334,479703000
CLC,MRY,2013-12-31,2013-11-30,2013-11-30,2017-06-14,-29814000,1448843000,1268798250,892121000,556722000,0.891,20.575,-41278000,412325000,412325000,760561000,118350000,4.294,0.401,166636000,50223000,116413000,166636000,0,32233000,0,0.01,0.58,174641000,206874000,0.183,206874000,174641000,174026000,2.36,2.34,2.36,1032873000,966707750,1032873000,2831279375,16,13.686,93963000,1.88,1.0,370209000,0.327,331180000,615000,664213000,585517750,218786000,0,0,0,414134000,207761000,206373000,3031193375,226066000,-615000,7339000,145665000,-28744000,132582000,-42090000,0,135241000,333000,118076000,118076000,118076000,0,274000,0.104,195593000,174616000,79164000,0.246,2.935,25.672,25.648,208953000,0,60.53,2.681,2.676,224829000,989013000,1130770000,1130770000,0,0.093,0.122,0.298,0.154,-3468000,195593000,1.0,50077538,49988577,50538947,22.621,1117663000,26313000,55950000,64415000,22.264,684360000
CLC,MRY,2014-12-31,2014-11-29,2014-11-29,2017-06-14,-54080000,1888769000,1774759250,728907000,1159862000,0.852,21.992,-69190000,94064000,94064000,1015819000,144183000,3.249,0.708,411563000,233000,411330000,411563000,0,50427000,0,0.011,0.71,215164000,265591000,0.176,265591000,215164000,211464000,2.86,2.83,2.86,1105103000,1084911500,1105103000,3650635838,16,13.745,87156000,1.729,1.0,497035000,0.329,854750000,3700000,1127138000,1030768000,274718000,0,0,0,782079000,224380000,557699000,3302759838,-317498000,-596401000,-20746000,242628000,-35805000,188680000,-664252000,0,156346000,1728000,144084000,144084000,144084000,0,99000,0.095,286607000,210428000,97885000,0.248,2.989,22.922,23.038,288356000,0,65.89,2.183,2.195,305580000,1097292000,1512854000,1512854000,0,0.081,0.133,0.209,0.142,4509000,286607000,1.0,50125358,50405549,50871249,30.014,1034019000,37749000,67380000,110476000,20.578,504527000
CLC,MRY,2015-12-31,2015-11-28,2015-11-28,2017-06-14,-88052000,1818456000,1874553000,664795000,1153661000,0.79,22.497,-57066000,101529000,101529000,992397000,134913000,3.264,0.638,405156000,7788000,397368000,405156000,0,56603000,0,0.016,0.82,203385000,259988000,0.176,259988000,203385000,197756000,2.7,2.67,2.7,1110465000,1119179500,1110465000,2913394052,14,11.206,96679000,1.934,1.0,488629000,0.33,835420000,5629000,1082963000,1141632000,274825000,0,0,0,707991000,203700000,504291000,2622512052,7465000,23825000,-62671000,-6715000,-40972000,-110557000,-33241000,0,153745000,-2482000,134704000,134704000,134704000,0,209000,0.091,290682000,197947000,87546000,0.304,2.362,19.469,19.467,301019000,0,52.56,1.771,1.774,258280000,1148510000,1481026000,1481026000,0,0.072,0.12,0.178,0.137,7847000,290682000,1.0,49895587,49981118,50429454,29.632,983036000,7432000,63052000,66864000,19.916,461095000
CLC,MRY,2016-12-31,2016-12-03,2016-12-03,2017-06-14,-122662000,1739092000,1767774250,625346000,1113746000,0.786,23.492,-29601000,134878000,134878000,927674000,139390000,3.068,0.523,285453000,17700000,267753000,285453000,0,58602000,0,0.011,0.91,209020000,267622000,0.193,267622000,209020000,201482000,2.86,2.84,2.86,1141513000,1129582500,1141513000,4207017894,20,15.72,255797000,5.254,1.0,461899000,0.332,805809000,7538000,880048000,971043500,237627000,0,0,0,597579000,203810000,393769000,4008824894,33349000,-19299000,-39826000,-119805000,-44375000,-201984000,-49043000,0,285398000,-1022000,139266000,139266000,139266000,0,124000,0.1,281011000,180888000,89303000,0.318,3.512,28.785,28.832,294602000,0,82.46,2.885,2.889,229762000,1214922000,1389573000,1389573000,0,0.079,0.123,0.215,0.15,4313000,281011000,1.0,48615388,48690560,49059758,28.539,933283000,4394000,62216000,77060000,19.207,421536000
