ticker,dimension,calendardate,datekey,reportperiod,lastupdated,accoci,assets,assetsavg,assetsc,assetsnc,assetturnover,bvps,capex,cashneq,cashnequsd,cor,consolinc,currentratio,de,debt,debtc,debtnc,debtusd,deferredrev,depamor,deposits,divyield,dps,ebit,ebitda,ebitdamargin,ebitdausd,ebitusd,ebt,eps,epsdil,epsusd,equity,equityavg,equityusd,ev,evebit,evebitda,fcf,fcfps,fxusd,gp,grossmargin,intangibles,intexp,invcap,invcapavg,inventory,investments,investmentsc,investmentsnc,liabilities,liabilitiesc,liabilitiesnc,marketcap,ncf,ncfbus,ncfcommon,ncfdebt,ncfdiv,ncff,ncfi,ncfinv,ncfo,ncfx,netinc,netinccmn,netinccmnusd,netincdis,netincnci,netmargin,opex,opinc,payables,payoutratio,pb,pe,pe1,ppnenet,prefdivis,price,ps,ps1,receivables,retearn,revenue,revenueusd,rnd,roa,roe,roic,ros,sbcomp,sgna,sharefactor,sharesbas,shareswa,shareswadil,sps,tangibles,taxassets,taxexp,taxliabilities,tbvps,workingcapital
CLD,MRY,2011-12-31,2011-12-31,2011-12-31,2018-04-28,-18614000,2319319000,2198724750,770901000,1548418000,0.707,12.505,-108733000,475485000,475485000,1151117000,189797000,1.929,2.091,884394000,102198000,782196000,884394000,0,99596000,0,0.0,0.0,235112000,334708000,0.215,334708000,235112000,201246000,3.16,3.13,3.16,750389000,669359750,750389000,1553314589,6,4.641,188051000,3.134,1.0,402544000,0.259,35634000,33866000,2292885000,2139204000,71648000,75228000,75228000,0,1568930000,399709000,1169221000,1177173589,64139000,0,0,-54630000,0,-56973000,-175672000,-75228000,296784000,0,189797000,189797000,189797000,0,0,0.122,152076000,250468000,71427000,0.0,1.569,6.202,6.114,1350135000,0,19.32,0.758,0.746,95718000,232093000,1553661000,1553661000,0,0.086,0.284,0.11,0.151,8796000,51061000,1.0,60930310,60004000,60637000,25.893,2283685000,170356000,11449000,170636000,38.057,371192000
CLD,MRY,2012-12-31,2012-12-31,2012-12-31,2018-04-28,-20461000,2351323000,2338575250,495795000,1855528000,0.649,15.437,-53579000,197691000,197691000,1132399000,173720000,1.575,1.526,782625000,63191000,719434000,782625000,0,107764000,0,0.0,0.0,272661000,380425000,0.251,380425000,272661000,236334000,2.89,2.85,2.89,931022000,858858750,931022000,1778131390,6,4.674,193776000,3.225,1.0,384373000,0.253,35634000,36327000,2585873000,2515872250,81675000,80341000,80341000,0,1420301000,314750000,1105551000,1181120390,-206549000,-300377000,0,-102198000,0,-106039000,-347865000,-5113000,247355000,0,173720000,173720000,173720000,0,0,0.115,165261000,219112000,49589000,0.0,1.269,6.799,6.689,1678294000,0,19.33,0.779,0.766,77678000,405813000,1516772000,1516772000,0,0.074,0.202,0.108,0.18,11796000,54548000,1.0,61102969,60093000,60927000,25.24,2315689000,129187000,62614000,116538000,38.395,181045000
CLD,MRY,2013-12-31,2013-12-31,2013-12-31,2018-04-28,-10279000,2357425000,2385302250,531561000,1825864000,0.585,16.505,-50867000,231633000,231633000,1136318000,51971000,1.729,1.353,719902000,58958000,660944000,719902000,0,115865000,0,0.0,0.0,105265000,221130000,0.158,221130000,105265000,63600000,0.86,0.85,0.86,1002049000,970436500,1002049000,1596732832,15,7.221,129873000,2.141,1.0,259779000,0.186,45154000,41665000,2493139000,2545591750,80144000,80687000,80687000,0,1355376000,307401000,1047975000,1096160832,33942000,4468000,0,-64230000,0,-64780000,-82018000,-346000,180740000,0,51971000,51971000,51971000,0,0,0.037,173008000,86771000,59046000,0.0,1.094,21.092,20.93,1654014000,0,18.0,0.785,0.782,74810000,457784000,1396097000,1396097000,0,0.022,0.054,0.041,0.075,8016000,53066000,1.0,60897824,60652000,61161000,23.018,2312271000,109687000,11629000,103595000,38.086,224160000
CLD,MRY,2014-12-31,2014-12-31,2014-12-31,2018-04-28,-11299000,2151153000,2192366250,384233000,1766920000,0.604,17.864,-22241000,168745000,168745000,1094257000,78960000,1.496,0.977,489715000,0,489715000,489715000,0,127158000,0,0.0,0.0,191033000,318191000,0.24,318191000,191033000,113873000,1.3,1.29,1.3,1087834000,1036880750,1087834000,1003121759,5,3.153,75933000,1.248,1.0,229787000,0.174,89414000,77160000,2125951000,2229288500,79802000,0,0,0,1063319000,256758000,806561000,560021759,-62888000,0,0,-173713000,0,-174427000,13365000,80686000,98174000,0,78960000,78960000,78960000,0,0,0.06,105790000,123997000,52035000,0.0,0.515,7.092,7.062,1589138000,0,9.18,0.423,0.422,87065000,536744000,1324044000,1324044000,0,0.036,0.076,0.086,0.144,7966000,50201000,1.0,61004549,60826000,61295000,21.768,2061739000,78141000,34913000,0,33.857,127475000
CLD,MRY,2015-12-31,2015-12-31,2015-12-31,2018-04-28,-12951000,1802160000,1984502000,244186000,1557974000,0.566,14.514,-39188000,89313000,89313000,950580000,-204900000,1.499,1.03,491160000,0,491160000,491160000,0,82329000,0,0.0,0.0,-79959000,2370000,0.002,2370000,-79959000,-127520000,-3.36,-3.36,-3.36,887881000,1012018000,887881000,494510373,-6,208.654,2401000,0.039,1.0,173531000,0.154,2280000,47561000,2038838000,2101501250,76763000,0,0,0,914279000,162889000,751390000,127237373,-79432000,-6570000,0,-64312000,0,-65983000,-55038000,0,41589000,0,-204900000,-204900000,-204900000,0,0,-0.182,220577000,-47046000,44385000,0.0,0.143,-0.621,-0.619,1488371000,0,2.08,0.113,0.113,43408000,331844000,1124111000,1124111000,0,-0.103,-0.202,-0.038,-0.071,6935000,48925000,1.0,61171814,61053000,61053000,18.412,1799880000,8659000,77380000,0,29.423,81297000
CLD,MRY,2016-12-31,2016-12-31,2016-12-31,2018-04-28,21884000,1714776000,1726523750,225157000,1489619000,0.464,15.485,-35139000,83708000,83708000,646404000,21841000,1.743,0.802,475009000,0,475009000,475009000,0,33863000,0,0.0,0.0,67062000,100925000,0.126,100925000,67062000,19628000,0.36,0.35,0.36,951661000,915308500,951661000,746773387,11,7.399,13577000,0.221,1.0,154034000,0.192,2280000,47434000,1974606000,1996158750,68683000,0,0,0,763115000,129191000,633924000,344766387,-5605000,0,0,-3624000,0,-28998000,-25323000,0,48716000,0,21841000,21841000,21841000,0,0,0.027,90281000,63753000,27749000,0.0,0.362,15.785,15.583,1432361000,0,5.61,0.431,0.43,49311000,353685000,800438000,800438000,0,0.013,0.024,0.034,0.084,13064000,50868000,1.0,61455684,61328000,62290000,13.052,1712496000,1601000,-2213000,0,27.865,95966000
CLD,MRY,2017-12-31,2017-12-31,2017-12-31,2018-04-28,13807000,1698701000,1704322250,270034000,1428667000,0.521,13.407,-14847000,107948000,107948000,752715000,-6639000,2.261,0.686,405266000,0,405266000,405266000,0,79342000,0,0.0,0.0,5253000,84595000,0.095,84595000,5253000,-36109000,-0.09,-0.09,-0.09,1007809000,995750750,1007809000,623813294,118,7.374,37189000,0.51,1.0,134991000,0.152,2280000,41362000,1874327000,1883472750,72904000,0,0,0,690892000,119412000,571480000,334381294,24240000,0,68850000,-62094000,0,-13144000,-14652000,0,52036000,0,-6639000,-6639000,-6639000,0,0,-0.007,127356000,7635000,29832000,0.0,0.332,-50.366,-49.444,1365755000,0,4.45,0.377,0.365,50197000,347046000,887706000,887706000,0,-0.004,-0.007,0.003,0.006,11730000,47482000,1.0,75141864,72907000,72907000,12.176,1696421000,29710000,-29470000,0,22.567,150622000
