ticker,dimension,calendardate,datekey,reportperiod,lastupdated,accoci,assets,assetsavg,assetsc,assetsnc,assetturnover,bvps,capex,cashneq,cashnequsd,cor,consolinc,currentratio,de,debt,debtc,debtnc,debtusd,deferredrev,depamor,deposits,divyield,dps,ebit,ebitda,ebitdamargin,ebitdausd,ebitusd,ebt,eps,epsdil,epsusd,equity,equityavg,equityusd,ev,evebit,evebitda,fcf,fcfps,fxusd,gp,grossmargin,intangibles,intexp,invcap,invcapavg,inventory,investments,investmentsc,investmentsnc,liabilities,liabilitiesc,liabilitiesnc,marketcap,ncf,ncfbus,ncfcommon,ncfdebt,ncfdiv,ncff,ncfi,ncfinv,ncfo,ncfx,netinc,netinccmn,netinccmnusd,netincdis,netincnci,netmargin,opex,opinc,payables,payoutratio,pb,pe,pe1,ppnenet,prefdivis,price,ps,ps1,receivables,retearn,revenue,revenueusd,rnd,roa,roe,roic,ros,sbcomp,sgna,sharefactor,sharesbas,shareswa,shareswadil,sps,tangibles,taxassets,taxexp,taxliabilities,tbvps,workingcapital
CLFD,MRY,2011-12-31,2011-09-30,2011-09-30,2018-05-02,0,30302091,25249372,20280285,10021806,1.394,2.154,-27253,11281027,11281027,20534174,6167446,5.056,0.155,0,0,0,0,0,358502,0,0.0,0.0,3851304,4209806,0.12,4209806,3851304,3851304,0.51,0.48,0.51,26229171,22113643,26229171,63376156,16,15.054,5269966,0.436,1.0,14658358,0.417,2570511,0,12439427,11124202,2757151,4556000,1849000,2707000,4072920,4011126,61794,71605243,5995308,0,267833,0,0,280311,417778,445031,5297219,0,6167446,6167446,6167446,0,0,0.175,10942149,3716209,1439611,0.0,2.73,11.61,11.569,986031,0,5.9,2.035,2.026,3228864,-27295674,35192532,35192532,0,0.244,0.279,0.346,0.109,535347,10986322,1.0,12136482,12085491,12749933,2.912,27731580,4552797,-2316142,0,2.277,16269159
CLFD,MRY,2012-12-31,2012-09-30,2012-09-30,2018-05-02,0,37740338,32549906,22744597,14995741,1.151,2.782,-550618,5678143,5678143,22188245,7701194,7.539,0.088,0,0,0,0,0,404765,0,0.0,0.0,4376895,4781660,0.128,4781660,4376895,4376895,0.62,0.6,0.62,34685901,29888799,34685901,57694174,13,12.066,3275713,0.265,1.0,15285721,0.408,2570511,0,26474890,20944049,2971614,13679000,9107000,4572000,3054437,3016794,37643,63674917,-5602884,0,284826,0,0,284826,-9714041,-9123000,3826331,0,7701194,7701194,7701194,0,0,0.206,11010840,4274881,1492294,0.0,1.836,8.268,8.242,1107468,0,5.11,1.699,1.687,3022636,-19594480,37473966,37473966,0,0.237,0.258,0.209,0.117,470710,11010840,1.0,12460845,12371371,12790168,3.029,35169827,7989728,-3324299,0,2.821,19727803
CLFD,MRY,2013-12-31,2013-09-30,2013-09-30,2018-05-02,0,46413339,41561691,34197203,12216136,1.284,3.177,-1011953,9807957,9807957,31363502,4733844,5.416,0.158,0,0,0,0,0,476400,0,0.0,0.0,7537016,8013416,0.15,8013416,7537016,7537016,0.38,0.36,0.38,40078036,37341649,40078036,166353747,22,20.759,3327103,0.266,1.0,21989578,0.412,2570511,0,27720669,27381381,5626764,12762000,5992000,6770000,6335303,6314202,21101,173220502,4129814,0,200047,0,0,-95436,-113806,917000,4339056,0,4733844,4733844,4733844,0,0,0.089,14544843,7444735,2627764,0.0,4.322,36.592,35.342,1796812,0,13.43,3.247,3.153,7837543,-14860636,53353080,53353080,0,0.114,0.127,0.275,0.141,753727,14544843,1.0,12898027,12527153,13078939,4.259,43842828,5425683,2803172,0,3.475,27883001
CLFD,MRY,2014-12-31,2014-09-30,2014-09-30,2018-05-02,0,51847898,50397163,38034383,13813515,1.152,3.546,-1377553,18191493,18191493,33446526,5432851,7.456,0.109,0,0,0,0,0,699869,0,0.0,0.0,8613829,9313698,0.16,9313698,8613829,8613829,0.42,0.4,0.42,46746634,44612603,46746634,152891209,17,16.416,10151198,0.786,1.0,24598766,0.424,2570511,0,25984630,24335993,5390342,14934000,6632000,8302000,5101264,5101264,0,171131732,8383536,0,832037,0,0,440882,-3586097,-2172000,11528751,0,5432851,5432851,5432851,0,0,0.094,16080640,8518126,2104526,0.0,3.661,31.499,30.31,2462250,0,12.73,2.948,2.833,5027856,-9427785,58045292,58045292,0,0.108,0.122,0.354,0.148,794865,16080640,1.0,13443184,12916273,13601594,4.494,49277387,2406057,3180978,0,3.738,32933119
CLFD,MRY,2015-12-31,2015-09-30,2015-09-30,2018-05-02,0,57627617,55018453,40753629,16873988,1.096,3.87,-4438846,18071210,18071210,35455964,4682008,8.09,0.124,0,0,0,0,0,1216083,0,0.0,0.0,7157246,8373329,0.139,8373329,7157246,7157246,0.35,0.34,0.35,51279130,49390555,51279130,167103622,23,19.957,2409374,0.182,1.0,24867953,0.412,2570511,0,31948641,30190360,7182854,16215000,7925000,8290000,6348487,5037255,1311232,184264663,-120283,0,-594592,0,0,-1224239,-5744264,-1281000,6848220,0,4682008,4682008,4682008,0,0,0.078,17816598,7051355,2357791,0.0,3.593,39.356,38.371,5689673,0,13.43,3.055,2.942,6010900,-4745777,60323917,60323917,0,0.085,0.095,0.237,0.119,1074727,17816598,1.0,13720377,13216010,13587532,4.564,55057106,1146899,2475238,1082887,4.155,35716374
CLFD,MRY,2016-12-31,2016-09-30,2016-09-30,2018-05-02,0,70595313,63999121,51112678,19482635,1.176,4.638,-1549399,28014321,28014321,42417478,8013062,6.958,0.128,0,0,0,0,0,1449202,0,0.0,0.0,10889094,12338296,0.164,12338296,10889094,10889094,0.6,0.59,0.6,62594043,57550981,62594043,240383746,22,19.483,10003352,0.748,1.0,32870248,0.437,2570511,0,32664745,32135528,8373155,16230075,5527075,10703000,8001270,7345736,655534,264971317,9943111,0,469509,0,0,31972,-1641612,-15075,11552751,0,8013062,8013062,8013062,0,0,0.106,22138556,10731692,2573292,0.0,4.233,33.067,31.333,5780814,0,18.8,3.519,3.339,7999210,5132265,75287726,75287726,0,0.125,0.139,0.339,0.145,1404899,22138556,1.0,14094219,13372579,13663349,5.63,68024802,0,2876032,411779,5.041,43766942
CLFD,MRY,2017-12-31,2017-09-30,2017-09-30,2018-05-02,0,69494037,69922687,41143402,28350635,1.058,4.797,-1946515,18536111,18536111,43683360,3847839,9.696,0.077,0,0,0,0,0,1622094,0,0.0,0.0,5585813,7207907,0.097,7207907,5585813,5585813,0.28,0.28,0.28,64525120,64726021,64525120,169766679,30,23.553,4351538,0.322,1.0,30264259,0.409,2855298,0,43859507,42058767,8453567,25753150,5937150,19816000,4968917,4243121,725796,189514776,-9478210,0,-3283905,0,0,-4236737,-11539526,-9523075,6298053,0,3847839,3847839,3847839,0,0,0.052,24952376,5311883,1739791,0.0,2.937,49.252,48.571,5434172,0,13.6,2.563,2.489,7237641,8980104,73947619,73947619,0,0.055,0.059,0.133,0.076,2319975,24952376,1.0,13934910,13532375,13660806,5.464,66638739,0,1737974,444076,4.954,36900281
