ticker,dimension,calendardate,datekey,reportperiod,lastupdated,accoci,assets,assetsavg,assetsc,assetsnc,assetturnover,bvps,capex,cashneq,cashnequsd,cor,consolinc,currentratio,de,debt,debtc,debtnc,debtusd,deferredrev,depamor,deposits,divyield,dps,ebit,ebitda,ebitdamargin,ebitdausd,ebitusd,ebt,eps,epsdil,epsusd,equity,equityavg,equityusd,ev,evebit,evebitda,fcf,fcfps,fxusd,gp,grossmargin,intangibles,intexp,invcap,invcapavg,inventory,investments,investmentsc,investmentsnc,liabilities,liabilitiesc,liabilitiesnc,marketcap,ncf,ncfbus,ncfcommon,ncfdebt,ncfdiv,ncff,ncfi,ncfinv,ncfo,ncfx,netinc,netinccmn,netinccmnusd,netincdis,netincnci,netmargin,opex,opinc,payables,payoutratio,pb,pe,pe1,ppnenet,prefdivis,price,ps,ps1,receivables,retearn,revenue,revenueusd,rnd,roa,roe,roic,ros,sbcomp,sgna,sharefactor,sharesbas,shareswa,shareswadil,sps,tangibles,taxassets,taxexp,taxliabilities,tbvps,workingcapital
CM,MRY,2011-12-31,2011-10-31,2011-10-31,2017-11-30,245000000,383758000000,381533000000,,,0.033,40.196,-234000000,5142000000,5164927111,0,2878000000,,23.085,85238000000,,,85618058562,0,0,0,0.047,3.51,3794000000,3794000000,0.305,3810916659,3810916659,3794000000,6.79,6.71,6.82,15927000000,15279000000,15998015189,48734553486,12,12.788,4869000000,12.288,0.996,12435000000,1.0,2310000000,0,461544000000,450599000000,0,113333000000,,,367667000000,,,29632195275,-336000000,-845000000,560000000,401000000,-1556000000,-1611000000,-3810000000,-2731000000,5103000000,-18000000,2867000000,2690000000,2701994152,0,11000000,0.216,7486000000,4949000000,0,0.515,1.852,10.967,11.063,1580000000,177000000,75.45,2.372,2.393,0,5457000000,12435000000,12490445085,0,0.007,0.176,0.008,0.305,6000000,5432000000,1.0,392739500,396233000,397097000,31.523,381448000000,0,927000000,0,962.686,
CM,MRY,2012-12-31,2012-10-31,2012-10-31,2017-11-30,264000000,393385000000,388571500000,,,0.032,42.105,-309000000,4727000000,4726754208,0,3303000000,,22.314,84327000000,,,84322615224,0,0,0,0.046,3.61,3983000000,3983000000,0.319,3982792894,3982792894,3983000000,7.77,7.76,7.77,16866000000,16396500000,16865123013,59666072889,14,14.981,1311000000,3.273,1.0,12485000000,1.0,2357000000,0,470628000000,466086000000,0,117007000000,,,376347000000,,,31477074352,1132000000,-193000000,260000000,-272000000,-1598000000,-2690000000,2197000000,2699000000,1620000000,5000000,3294000000,3136000000,3135836936,0,9000000,0.251,7202000000,5283000000,0,0.465,1.866,10.038,10.114,1683000000,158000000,78.58,2.521,2.521,0,7042000000,12485000000,12484350813,0,0.008,0.191,0.009,0.319,7000000,5519000000,1.0,400573611,400573611,,31.166,391028000000,0,689000000,0,976.17,
CM,MRY,2013-12-31,2013-10-31,2013-10-31,2017-11-30,-40000000,398006000000,395695500000,,,0.032,44.054,-248000000,6379000000,6108175705,0,3350000000,,21.326,73754000000,,,70622729422,0,0,0,0.044,3.71,3978000000,3978000000,0.313,3809111609,3809111609,3978000000,8.11,8.11,7.766,17819000000,17342500000,17062483602,114735306393,30,30.121,4938000000,12.208,1.044,12705000000,1.0,2489000000,0,462892000000,466760000000,0,116952000000,,,380012000000,,,34441892470,-402000000,49000000,-447000000,-561000000,-1622000000,-2630000000,-3006000000,-2807000000,5186000000,48000000,3352000000,3253000000,3114891921,0,-2000000,0.256,7608000000,5097000000,0,0.478,2.019,11.057,10.965,1719000000,99000000,85.15,2.831,2.831,0,8318000000,12705000000,12165601558,0,0.008,0.188,0.009,0.313,5000000,5791000000,1.0,404484938,404484938,,30.077,395517000000,526000000,626000000,33000000,977.829,
CM,MRY,2014-12-31,2014-10-31,2014-10-31,2017-11-30,105000000,414903000000,406454500000,,,0.033,46.634,-251000000,13547000000,12042944605,0,3215000000,,21.275,65602000000,,,58318539307,0,0,0,0.049,4.52,3917000000,3917000000,0.293,3482115156,3482115156,3917000000,7.87,7.86,6.996,18619000000,18219000000,16551825910,99725588432,28,28.639,-16822000000,-42.133,1.125,13363000000,1.0,2417000000,0,464541000000,463716500000,0,113639000000,,,396120000000,,,36472061726,483000000,3421000000,-235000000,736000000,-1654000000,-1833000000,18788000000,15618000000,-16571000000,99000000,3218000000,3131000000,2783380789,0,-3000000,0.234,8512000000,4851000000,0,0.646,2.204,13.104,13.057,1797000000,87000000,91.35,3.07,3.07,0,9626000000,13363000000,11879373201,0,0.008,0.172,0.008,0.293,7000000,6322000000,1.0,399256286,399256286,,29.754,412486000000,506000000,699000000,29000000,1033.136,
CM,MRY,2015-12-31,2015-10-31,2015-10-31,2017-11-30,1038000000,463309000000,439106000000,,,0.032,53.798,-256000000,18637000000,14234486761,0,3590000000,,20.681,72575000000,,,55431017692,0,0,0,0.057,4.34,4210000000,4210000000,0.304,3215495480,3215495480,4210000000,8.89,8.87,6.79,21360000000,19989500000,16314247852,76126630152,23,23.675,19227000000,48.425,1.309,13856000000,1.0,2723000000,0,514524000000,489532500000,0,131323000000,,,441756000000,,,30393704114,359000000,0,18000000,-1130000000,-1753000000,-2903000000,-16501000000,-16245000000,19483000000,280000000,3576000000,3531000000,2696891815,0,14000000,0.255,8861000000,4995000000,0,0.639,1.863,11.27,11.274,1897000000,45000000,76.55,2.872,2.872,0,11433000000,13856000000,10582875386,0,0.008,0.177,0.009,0.304,5000000,6902000000,1.0,397043816,397043816,,26.654,460586000000,507000000,634000000,28000000,1160.038,
CM,MRY,2016-12-31,2016-10-31,2016-10-31,2017-11-30,790000000,501357000000,482333000000,,,0.031,59.081,-170000000,14165000000,10555141579,0,4295000000,,20.351,71657000000,,,53395678092,0,0,0,0.048,3.6,4993000000,4993000000,0.332,3720566318,3720566318,4993000000,10.72,10.7,7.988,23472000000,22416000000,17490312965,70128321170,18,18.849,10041000000,25.274,1.342,15035000000,1.0,2949000000,0,555900000000,535212000000,0,105129000000,,,477684000000,,,29780451891,447000000,0,-169000000,-514000000,-1753000000,-2436000000,-7383000000,-7213000000,10211000000,55000000,4275000000,4237000000,3157228017,0,20000000,0.282,8971000000,6064000000,0,0.451,1.703,9.432,9.384,1898000000,38000000,74.96,2.658,2.658,0,13584000000,15035000000,11203427719,0,0.009,0.189,0.009,0.332,5000000,6850000000,1.0,397284577,397284577,,28.2,498408000000,771000000,718000000,21000000,1254.536,
CM,MRY,2017-12-31,2017-10-31,2017-10-31,2017-11-30,452000000,565264000000,533310500000,,,0.031,78.163,201000000,14152000000,10977350294,0,4718000000,,17.207,67448000000,,,52317716413,0,0,0,0.055,4.88,5861000000,5861000000,0.36,4546230220,4546230220,5861000000,11.26,11.24,8.734,31035000000,27253500000,24073068569,77852401921,17,17.125,2658000000,6.694,1.289,16280000000,1.0,7345000000,0,611215000000,583557500000,0,114501000000,,,534027000000,,,34960727793,-60000000,-2517000000,187000000,-55000000,-1425000000,-501000000,-1965000000,351000000,2457000000,-51000000,4699000000,4647000000,3604560968,0,19000000,0.285,9571000000,6709000000,0,0.559,1.452,9.699,10.081,1783000000,52000000,88.05,2.769,2.769,0,16101000000,16280000000,12627986348,0,0.009,0.171,0.01,0.36,7000000,7339000000,1.0,397055398,397055398,,31.804,557919000000,727000000,1162000000,30000000,1405.141,
