ticker,dimension,calendardate,datekey,reportperiod,lastupdated,accoci,assets,assetsavg,assetsc,assetsnc,assetturnover,bvps,capex,cashneq,cashnequsd,cor,consolinc,currentratio,de,debt,debtc,debtnc,debtusd,deferredrev,depamor,deposits,divyield,dps,ebit,ebitda,ebitdamargin,ebitdausd,ebitusd,ebt,eps,epsdil,epsusd,equity,equityavg,equityusd,ev,evebit,evebitda,fcf,fcfps,fxusd,gp,grossmargin,intangibles,intexp,invcap,invcapavg,inventory,investments,investmentsc,investmentsnc,liabilities,liabilitiesc,liabilitiesnc,marketcap,ncf,ncfbus,ncfcommon,ncfdebt,ncfdiv,ncff,ncfi,ncfinv,ncfo,ncfx,netinc,netinccmn,netinccmnusd,netincdis,netincnci,netmargin,opex,opinc,payables,payoutratio,pb,pe,pe1,ppnenet,prefdivis,price,ps,ps1,receivables,retearn,revenue,revenueusd,rnd,roa,roe,roic,ros,sbcomp,sgna,sharefactor,sharesbas,shareswa,shareswadil,sps,tangibles,taxassets,taxexp,taxliabilities,tbvps,workingcapital
CMRE,MRY,2011-12-31,2011-12-31,2011-12-31,2018-02-28,-141137000,1982545000,1905663500,138851000,1843694000,0.201,5.472,-289840000,144074000,144074000,117454000,87592000,0.613,5.008,1443420000,153176000,1290244000,1443420000,17433000,78803000,0,0.072,1.02,163033000,241836000,0.633,241836000,163033000,87592000,1.45,1.45,1.45,329986000,346064000,329986000,1993876000,12,8.245,-94661000,-1.57,1.0,264701000,0.693,0,75441000,3055302000,2919662000,9335000,0,0,0,1652559000,226589000,1425970000,853848000,-61778000,0,0,92450000,-61506000,26801000,-283758000,6082000,195179000,0,87592000,87592000,87592000,0,0,0.229,94172000,170529000,4057000,0.703,2.588,9.748,9.766,1767260000,0,14.16,2.234,2.234,8811000,-48854000,382155000,382155000,0,0.046,0.253,0.056,0.427,0,20307000,1.0,60300000,60300000,60300000,6.338,1982545000,0,0,0,32.878,-87738000
CMRE,MRY,2012-12-31,2012-12-31,2012-12-31,2018-02-28,-152842000,2311334000,2146939500,299924000,2011410000,0.18,7.698,-236509000,314643000,314643000,120868000,81129000,1.203,3.441,1561889000,162169000,1399720000,1561889000,22236000,80333000,0,0.078,1.08,155863000,236196000,0.612,236196000,155863000,81129000,1.2,1.2,1.2,520452000,425219000,520452000,2138722000,13,9.055,-68395000,-1.012,1.0,265287000,0.687,0,74734000,3309169000,3182235500,9398000,0,0,0,1790882000,249411000,1541471000,839376000,169325000,0,194131000,117922000,-73089000,237720000,-236509000,0,168114000,0,81129000,81129000,81129000,0,0,0.21,110524000,154763000,5882000,0.9,1.613,10.346,11.6,1926338000,0,13.92,2.174,2.437,6307000,-40814000,386155000,386155000,0,0.038,0.191,0.049,0.404,0,19216000,1.0,60300000,67612842,67612842,5.711,2311334000,0,0,0,34.185,50513000
CMRE,MRY,2013-12-31,2013-12-31,2013-12-31,2018-02-28,-85154000,2685842000,2498588000,136563000,2549279000,0.166,8.783,-628393000,152272000,152272000,122621000,103087000,0.463,3.088,1867576000,206717000,1660859000,1867576000,34765000,89958000,0,0.059,1.08,177620000,267578000,0.646,267578000,177620000,103087000,1.36,1.36,1.36,656949000,588700500,656949000,2613842000,14,9.769,-441712000,-5.905,1.0,291628000,0.704,0,74533000,4106166000,3707667500,11005000,23732000,0,23732000,2028893000,294980000,1733913000,1366596000,-173942000,7337000,48042000,305477000,-81515000,260433000,-621056000,0,186681000,0,103087000,101551000,101551000,0,0,0.245,122621000,169007000,5814000,0.794,2.08,13.457,13.434,2428259000,1536000,18.27,3.299,3.299,27587000,-20047000,414249000,414249000,0,0.041,0.173,0.048,0.429,0,25097000,1.0,74800000,74800000,74800000,5.538,2685842000,0,0,0,35.907,-158417000
CMRE,MRY,2014-12-31,2014-12-31,2014-12-31,2018-02-28,-56134000,2714740000,2700291000,157975000,2556765000,0.179,10.731,-65988000,177171000,177171000,128052000,115087000,0.544,2.382,1767074000,206459000,1560615000,1767074000,42383000,105787000,0,0.063,1.11,201393000,307180000,0.635,307180000,201393000,115087000,1.38,1.38,1.38,802642000,729795500,802642000,3032532000,15,9.872,177282000,2.37,1.0,355943000,0.735,0,86306000,4014267000,4060216500,11565000,73579000,0,73579000,1912098000,290376000,1621722000,1317228000,19710000,0,96523000,-102557000,-93074000,-104297000,-119263000,-53275000,243270000,0,115087000,103178000,103178000,0,0,0.213,141259000,214684000,6296000,0.804,1.641,12.767,12.761,2349367000,11909000,17.61,2.722,2.722,9996000,103000,483995000,483995000,0,0.038,0.141,0.05,0.416,0,26177000,1.0,74800000,74800000,74800000,6.471,2714740000,0,0,0,36.293,-132401000
CMRE,MRY,2015-12-31,2015-12-31,2015-12-31,2018-02-28,-44649000,2632555000,2673647500,145056000,2487499000,0.183,12.842,1897000,162820000,162820000,123697000,143764000,0.537,1.732,1550709000,198135000,1352574000,1550709000,44864000,101645000,0,0.11,1.15,223395000,325040000,0.663,325040000,223395000,143764000,1.68,1.68,1.68,963510000,883076000,963510000,2369319000,10,7.289,246560000,3.286,1.0,366681000,0.748,0,79631000,3750136000,3882201500,10578000,117931000,0,117931000,1669045000,270308000,1398737000,779416000,-12984000,0,96616000,-210359000,-102287000,-214663000,-42984000,-44881000,244663000,0,143764000,125861000,125861000,0,0,0.257,148639000,218042000,4418000,0.685,0.809,6.193,6.202,2247616000,17903000,10.42,1.589,1.594,12454000,44247000,490378000,490378000,0,0.047,0.143,0.058,0.456,8623000,36275000,1.0,74800000,75027474,75027474,6.536,2632555000,0,0,0,35.088,-125252000
CMRE,MRY,2016-12-31,2016-12-31,2016-12-31,2018-02-28,-14424000,2558424000,2595489500,209829000,2348595000,0.18,13.91,837000,210563000,210563000,111182000,81702000,0.749,1.381,1414862000,227336000,1187526000,1414862000,36156000,100943000,0,0.173,0.97,154510000,255453000,0.546,255453000,154510000,81702000,0.79,0.79,0.79,1074424000,1018967000,1074424000,1816126040,11,7.109,227396000,2.944,1.0,357007000,0.763,0,72808000,3482737000,3616436500,11415000,153126000,0,153126000,1484000000,279986000,1204014000,422231040,64793000,0,69037000,-138460000,-75003000,-127376000,-34390000,-35227000,226559000,0,81702000,60639000,60639000,0,0,0.13,190592000,166415000,4039000,1.228,0.393,6.963,7.089,2079413000,21063000,5.6,0.902,0.924,8879000,31416000,468189000,468189000,0,0.023,0.06,0.043,0.33,4951000,33349000,1.0,75398400,77243252,77243252,6.061,2558424000,0,0,0,33.122,-70157000
CMRE,MRY,2017-12-31,2017-12-31,2017-12-31,2018-02-28,-969000,2490298000,2524361000,226635000,2263663000,0.163,12.121,-37280000,218885000,218885000,109541000,72876000,0.819,1.044,1223186000,239192000,983994000,1223186000,26367000,96448000,0,0.069,0.4,142716000,239164000,0.58,239164000,142716000,72876000,0.52,0.52,0.52,1218539000,1146481500,1218539000,1726050563,12,7.217,153707000,1.529,1.0,302892000,0.734,0,69840000,3217891000,3350314000,9662000,161897000,0,161897000,1271759000,276708000,995051000,521751563,14088000,0,91675000,-193912000,-37758000,-134229000,-42670000,-5390000,190987000,0,72876000,51813000,51813000,0,0,0.126,165908000,136984000,6517000,0.769,0.428,10.07,11.096,2002489000,21063000,5.77,1.265,1.406,10488000,43723000,412433000,412433000,0,0.021,0.045,0.043,0.346,3866000,28210000,1.0,90424881,100527907,100527907,4.103,2490298000,0,0,0,24.772,-50073000
