ticker,dimension,calendardate,datekey,reportperiod,lastupdated,accoci,assets,assetsavg,assetsc,assetsnc,assetturnover,bvps,capex,cashneq,cashnequsd,cor,consolinc,currentratio,de,debt,debtc,debtnc,debtusd,deferredrev,depamor,deposits,divyield,dps,ebit,ebitda,ebitdamargin,ebitdausd,ebitusd,ebt,eps,epsdil,epsusd,equity,equityavg,equityusd,ev,evebit,evebitda,fcf,fcfps,fxusd,gp,grossmargin,intangibles,intexp,invcap,invcapavg,inventory,investments,investmentsc,investmentsnc,liabilities,liabilitiesc,liabilitiesnc,marketcap,ncf,ncfbus,ncfcommon,ncfdebt,ncfdiv,ncff,ncfi,ncfinv,ncfo,ncfx,netinc,netinccmn,netinccmnusd,netincdis,netincnci,netmargin,opex,opinc,payables,payoutratio,pb,pe,pe1,ppnenet,prefdivis,price,ps,ps1,receivables,retearn,revenue,revenueusd,rnd,roa,roe,roic,ros,sbcomp,sgna,sharefactor,sharesbas,shareswa,shareswadil,sps,tangibles,taxassets,taxexp,taxliabilities,tbvps,workingcapital
CMTL,MRY,2011-12-31,2011-07-31,2011-07-31,2018-03-07,0,937509000,986114750,723065000,214444000,0.621,24.734,-7138000,558804000,558804000,371333000,67895000,7.527,0.49,200000000,0,200000000,200000000,0,14253000,11011000,0.037,1.0,110219000,124472000,0.203,124472000,110219000,101804000,2.53,2.22,2.53,629180000,672718000,629180000,312832714,2,2.513,90222000,3.361,1.0,241046000,0.394,182824000,8415000,299824000,314901000,74661000,0,0,0,308329000,96057000,212272000,701773714,-48790000,-2850000,-115639000,-539000,-20135000,-136112000,-10038000,0,97360000,0,67895000,67895000,67895000,0,0,0.111,133248000,107798000,23501000,0.395,1.115,10.336,10.652,26638000,0,26.95,1.146,1.181,70801000,393109000,612379000,612379000,43516000,0.069,0.101,0.35,0.18,5132000,94141000,1.0,26039841,26842000,32623000,22.814,754685000,11529000,33909000,7867000,29.668,627008000
CMTL,MRY,2012-12-31,2012-07-31,2012-07-31,2018-03-07,0,719778000,771227750,516876000,202902000,0.551,24.203,-6413000,367894000,367894000,241561000,32416000,6.253,0.676,200000000,0,200000000,200000000,0,10205000,14516000,0.04,1.1,52872000,63077000,0.148,63077000,52872000,44040000,1.62,1.42,1.62,429401000,481146000,429401000,323017189,6,5.121,47080000,2.355,1.0,183509000,0.432,176187000,8832000,293042000,310201250,72361000,0,0,0,290377000,82655000,207722000,490666189,-190910000,0,-215085000,-316000,-22625000,-237990000,-6413000,0,53493000,0,32416000,32416000,32416000,0,0,0.076,132232000,51277000,20967000,0.679,1.143,15.137,16.864,22832000,0,27.32,1.154,1.285,56242000,404227000,425070000,425070000,38489000,0.042,0.067,0.17,0.124,3341000,87106000,1.0,17959963,19995000,25991000,21.259,543591000,12621000,11624000,2624000,30.639,434221000
CMTL,MRY,2013-12-31,2013-07-31,2013-07-31,2018-03-07,0,681815000,687129500,489651000,192164000,0.465,24.594,-5347000,356642000,356642000,178967000,17808000,1.82,0.687,200000000,200000000,0,200000000,0,7837000,14749000,0.041,1.1,35656000,43493000,0.136,43493000,35656000,27493000,1.05,0.97,1.05,404062000,414362250,404062000,302050210,8,6.945,32348000,1.907,1.0,140830000,0.44,169859000,8163000,86223000,244108250,65482000,0,0,0,277753000,269091000,8662000,444247210,-11252000,0,-24864000,-25000,-18879000,-43600000,-5347000,0,37695000,0,17808000,17808000,17808000,0,0,0.056,106341000,34489000,18390000,1.048,1.099,24.946,25.79,20333000,0,27.08,1.389,1.436,49915000,403398000,319797000,319797000,36748000,0.026,0.043,0.146,0.111,2865000,63265000,1.0,16404993,16963000,23064000,18.853,511956000,10184000,9685000,2963000,31.162,220560000
CMTL,MRY,2014-12-31,2014-07-31,2014-07-31,2018-03-07,0,473852000,611311500,290844000,183008000,0.568,24.614,-4937000,154500000,154500000,195712000,25151000,4.394,0.194,0,0,0,0,0,6721000,12610000,0.035,1.175,44811000,51532000,0.148,51532000,44811000,38507000,1.58,1.37,1.58,396925000,385046500,396925000,438408980,9,8.508,29651000,1.86,1.0,151438000,0.436,163574000,6304000,89590000,97961500,61332000,0,0,0,76927000,66188000,10739000,541942980,-202142000,0,-63758000,-150047000,-18677000,-231793000,-4937000,0,34588000,0,25151000,25151000,25151000,0,0,0.072,107540000,43898000,18902000,0.744,1.365,21.548,21.392,18536000,0,33.8,1.561,1.552,54887000,409443000,347150000,347150000,34108000,0.041,0.065,0.457,0.129,3525000,67147000,1.0,16033816,15943000,20906000,21.774,310278000,10178000,13356000,2743000,19.241,224656000
CMTL,MRY,2015-12-31,2015-07-31,2015-07-31,2018-03-07,0,473877000,472099500,300756000,173121000,0.651,24.852,-3362000,150953000,150953000,168405000,23245000,4.675,0.181,0,0,0,0,0,6525000,14320000,0.042,1.2,34482000,41007000,0.133,41007000,34482000,34003000,1.43,1.42,1.43,401409000,400594250,401409000,322357440,9,7.861,18364000,1.133,1.0,138884000,0.452,157363000,479000,101224000,107163750,62068000,0,0,0,72468000,64337000,8131000,464401440,-3547000,0,-2633000,0,-19426000,-21911000,-3362000,0,21726000,0,23245000,23245000,23245000,0,0,0.076,104807000,34077000,15708000,0.839,1.157,19.979,20.147,15370000,0,28.81,1.511,1.519,69255000,413058000,307289000,307289000,35916000,0.049,0.058,0.322,0.112,4215000,62680000,1.0,16119453,16203000,16418000,18.965,316514000,11084000,10758000,4498000,19.596,236419000
CMTL,MRY,2016-12-31,2016-07-31,2016-07-31,2018-03-07,0,921196000,686434000,303639000,617557000,0.599,24.328,-5667000,66805000,66805000,239767000,-7738000,1.649,0.958,258649000,14659000,243990000,258649000,0,9830000,35429000,0.092,1.2,-442000,9388000,0.023,9388000,-442000,-8192000,-0.46,-0.46,-0.46,470401000,411795250,470401000,493442002,-1116,52.561,9303000,0.548,1.0,171237000,0.417,572312000,7750000,356582000,253251250,71354000,0,0,0,450795000,184146000,266649000,211356002,-84148000,-280535000,95705000,111233000,-19406000,187084000,-286202000,0,14970000,0,-7738000,-7738000,-7738000,0,0,-0.019,171813000,-576000,33462000,-2.609,0.449,-27.314,-28.413,38667000,0,13.07,0.514,0.54,150967000,383616000,411004000,411004000,42190000,-0.011,-0.019,-0.002,-0.001,4089000,94932000,1.0,16171079,16972000,16972000,24.217,348884000,0,-454000,12790000,18.043,119493000
CMTL,MRY,2017-12-31,2017-07-31,2017-07-31,2018-03-07,0,832063000,870695250,241044000,591019000,0.632,20.456,-8150000,41844000,41844000,332183000,15827000,1.671,0.733,195802000,17803000,177999000,195802000,0,14354000,32998000,0.033,0.6,37110000,51464000,0.094,51464000,37110000,25481000,0.68,0.67,0.68,480150000,469388000,480150000,596215088,16,11.585,58505000,2.497,1.0,218185000,0.396,552504000,11629000,289306000,329276500,60603000,0,0,0,351913000,144211000,207702000,424262088,-24961000,0,694000,-64744000,-18872000,-83466000,-8150000,0,66655000,0,15827000,15827000,15827000,0,0,0.029,181143000,37042000,29402000,0.882,0.884,26.806,26.471,32847000,0,18.0,0.771,0.766,124962000,385136000,550368000,550368000,54260000,0.018,0.034,0.113,0.067,8424000,116080000,1.0,23570116,23433000,23489000,23.487,279559000,0,9654000,19821000,11.91,96833000
