ticker,dimension,calendardate,datekey,reportperiod,lastupdated,accoci,assets,assetsavg,assetsc,assetsnc,assetturnover,bvps,capex,cashneq,cashnequsd,cor,consolinc,currentratio,de,debt,debtc,debtnc,debtusd,deferredrev,depamor,deposits,divyield,dps,ebit,ebitda,ebitdamargin,ebitdausd,ebitusd,ebt,eps,epsdil,epsusd,equity,equityavg,equityusd,ev,evebit,evebitda,fcf,fcfps,fxusd,gp,grossmargin,intangibles,intexp,invcap,invcapavg,inventory,investments,investmentsc,investmentsnc,liabilities,liabilitiesc,liabilitiesnc,marketcap,ncf,ncfbus,ncfcommon,ncfdebt,ncfdiv,ncff,ncfi,ncfinv,ncfo,ncfx,netinc,netinccmn,netinccmnusd,netincdis,netincnci,netmargin,opex,opinc,payables,payoutratio,pb,pe,pe1,ppnenet,prefdivis,price,ps,ps1,receivables,retearn,revenue,revenueusd,rnd,roa,roe,roic,ros,sbcomp,sgna,sharefactor,sharesbas,shareswa,shareswadil,sps,tangibles,taxassets,taxexp,taxliabilities,tbvps,workingcapital
CNA,MRY,2011-12-31,2011-12-31,2011-12-31,2018-04-30,480000000,55110000000,55567750000,,,0.161,42.659,-84000000,75000000,75000000,5489000000,628000000,,3.797,2608000000,,,2608000000,3250000000,79000000,0,0.015,0.4,1029000000,1108000000,0.124,1108000000,1029000000,854000000,2.27,2.27,2.27,11488000000,11535000000,11488000000,9757103575,9,8.806,1618000000,6.008,1.0,3460000000,0.387,123000000,175000000,57520000000,57985500000,0,44373000000,,,43622000000,,,7203103575,-2000000,171000000,2000000,-55000000,-108000000,-644000000,-1060000000,-1150000000,1702000000,0,612000000,612000000,612000000,1000000,16000000,0.068,2414000000,1046000000,0,0.176,0.627,11.77,11.784,309000000,0,26.75,0.805,0.805,7615000000,8308000000,8949000000,8949000000,0,0.011,0.053,0.018,0.115,0,0,1.0,269274900,269300000,269600000,33.231,54987000000,415000000,242000000,0,204.185,
CNA,MRY,2012-12-31,2012-12-31,2012-12-31,2018-04-30,831000000,58522000000,57410000000,,,0.163,45.709,-94000000,156000000,156000000,5729000000,628000000,,3.752,2570000000,,,2570000000,3610000000,125000000,0,0.021,0.6,1037000000,1162000000,0.124,1162000000,1037000000,867000000,2.33,2.33,2.33,12314000000,12292250000,12314000000,9986813863,9,8.595,1156000000,4.291,1.0,3635000000,0.388,154000000,170000000,60782000000,59709250000,0,47636000000,,,46208000000,,,7545813863,81000000,-196000000,0,-70000000,-162000000,-239000000,-934000000,-660000000,1250000000,4000000,628000000,628000000,628000000,-8000000,0,0.067,2606000000,1029000000,0,0.258,0.613,12.016,12.021,326000000,0,28.01,0.806,0.806,8040000000,8774000000,9364000000,9364000000,0,0.011,0.051,0.017,0.111,0,0,1.0,269397139,269400000,269800000,34.759,58368000000,93000000,239000000,0,216.659,
CNA,MRY,2013-12-31,2013-12-31,2013-12-31,2018-04-30,442000000,57194000000,57668750000,,,0.172,46.856,-91000000,195000000,195000000,5806000000,937000000,,3.521,2560000000,,,2560000000,3718000000,101000000,0,0.019,0.8,1464000000,1565000000,0.158,1565000000,1464000000,1298000000,3.48,3.47,3.48,12651000000,12288250000,12651000000,13941553049,9,8.908,1113000000,4.127,1.0,4126000000,0.415,155000000,166000000,59404000000,59925000000,0,46107000000,,,44543000000,,,11567553049,39000000,32000000,0,-13000000,-216000000,-264000000,-898000000,-850000000,1204000000,-3000000,937000000,937000000,937000000,-22000000,0,0.094,2684000000,1442000000,0,0.23,0.914,12.345,12.325,304000000,0,42.89,1.165,1.165,7996000000,9495000000,9932000000,9932000000,0,0.016,0.076,0.024,0.147,0,0,1.0,269702799,269700000,270200000,36.826,57039000000,220000000,361000000,0,211.256,
CNA,MRY,2014-12-31,2014-12-31,2014-12-31,2018-04-30,400000000,55566000000,57239500000,,,0.169,47.403,-71000000,190000000,190000000,5591000000,691000000,,3.343,2559000000,,,2559000000,3592000000,83000000,0,0.052,2.0,1193000000,1276000000,0.132,1276000000,1193000000,1010000000,2.56,2.55,2.56,12794000000,12871000000,12794000000,13310683673,11,10.432,1369000000,5.072,1.0,4101000000,0.423,152000000,183000000,57783000000,59843750000,0,46262000000,,,42772000000,,,10449683673,-5000000,198000000,0,-3000000,-541000000,-519000000,-918000000,-1061000000,1440000000,-8000000,691000000,691000000,691000000,197000000,0,0.071,2711000000,1390000000,0,0.781,0.817,15.123,15.121,295000000,0,38.71,1.078,1.078,6630000000,9645000000,9692000000,9692000000,0,0.012,0.054,0.02,0.123,0,0,1.0,269947912,269900000,270600000,35.91,55414000000,191000000,319000000,0,205.313,
CNA,MRY,2015-12-31,2015-12-31,2015-12-31,2018-04-30,-315000000,55045000000,55086000000,,,0.165,43.509,-125000000,387000000,387000000,5384000000,479000000,,3.682,2560000000,,,2560000000,3671000000,84000000,0,0.028,1.0,704000000,788000000,0.087,788000000,704000000,549000000,1.77,1.77,1.77,11756000000,12173000000,11756000000,11824660968,16,15.006,1262000000,4.671,1.0,3717000000,0.408,150000000,155000000,57068000000,57252750000,0,44699000000,,,43289000000,,,9499660968,197000000,0,0,0,-811000000,-807000000,-372000000,-268000000,1387000000,-11000000,479000000,479000000,479000000,0,0,0.053,3013000000,704000000,0,0.565,0.808,19.832,19.859,343000000,0,35.15,1.044,1.044,6531000000,9313000000,9101000000,9101000000,0,0.009,0.039,0.012,0.077,0,0,1.0,270260625,270200000,270700000,33.682,54895000000,638000000,70000000,0,203.164,
CNA,MRY,2016-12-31,2016-12-31,2016-12-31,2018-04-30,-173000000,55233000000,56125000000,,,0.167,44.264,-39000000,271000000,271000000,5283000000,859000000,,3.615,2710000000,,,2710000000,3762000000,77000000,0,0.072,3.0,1296000000,1373000000,0.147,1373000000,1296000000,1137000000,3.18,3.17,3.18,11969000000,11880000000,11969000000,13644308025,10,9.938,1377000000,5.092,1.0,4083000000,0.436,145000000,159000000,57527000000,58413750000,0,45420000000,,,43264000000,,,11225308025,-116000000,0,0,140000000,-813000000,-673000000,-846000000,-809000000,1416000000,-13000000,859000000,859000000,859000000,0,0,0.092,2787000000,1296000000,0,0.943,0.938,13.068,13.05,310000000,0,41.5,1.199,1.198,6625000000,9359000000,9366000000,9366000000,0,0.015,0.072,0.022,0.138,0,0,1.0,270489350,270400000,271100000,34.638,55088000000,379000000,278000000,0,203.728,
CNA,MRY,2017-12-31,2017-12-31,2017-12-31,2018-04-30,32000000,56567000000,56138750000,,,0.17,45.164,-102000000,355000000,355000000,5310000000,899000000,,3.62,2858000000,,,2858000000,4029000000,88000000,0,0.058,3.1,1471000000,1559000000,0.163,1559000000,1471000000,1310000000,3.32,3.3,3.32,12244000000,12033500000,12244000000,16959932953,11,10.879,1152000000,4.249,1.0,4232000000,0.444,148000000,161000000,58922000000,58485250000,0,46870000000,,,44323000000,,,14385932953,84000000,0,0,105000000,-842000000,-755000000,-424000000,-342000000,1254000000,9000000,899000000,899000000,899000000,0,0,0.094,2761000000,1471000000,0,0.934,1.175,16.002,15.979,326000000,0,53.05,1.508,1.507,6553000000,9414000000,9542000000,9542000000,0,0.016,0.075,0.025,0.154,0,0,1.0,271176870,271100000,272100000,35.197,56419000000,137000000,411000000,0,208.111,
