ticker,dimension,calendardate,datekey,reportperiod,lastupdated,accoci,assets,assetsavg,assetsc,assetsnc,assetturnover,bvps,capex,cashneq,cashnequsd,cor,consolinc,currentratio,de,debt,debtc,debtnc,debtusd,deferredrev,depamor,deposits,divyield,dps,ebit,ebitda,ebitdamargin,ebitdausd,ebitusd,ebt,eps,epsdil,epsusd,equity,equityavg,equityusd,ev,evebit,evebitda,fcf,fcfps,fxusd,gp,grossmargin,intangibles,intexp,invcap,invcapavg,inventory,investments,investmentsc,investmentsnc,liabilities,liabilitiesc,liabilitiesnc,marketcap,ncf,ncfbus,ncfcommon,ncfdebt,ncfdiv,ncff,ncfi,ncfinv,ncfo,ncfx,netinc,netinccmn,netinccmnusd,netincdis,netincnci,netmargin,opex,opinc,payables,payoutratio,pb,pe,pe1,ppnenet,prefdivis,price,ps,ps1,receivables,retearn,revenue,revenueusd,rnd,roa,roe,roic,ros,sbcomp,sgna,sharefactor,sharesbas,shareswa,shareswadil,sps,tangibles,taxassets,taxexp,taxliabilities,tbvps,workingcapital
CO,MRY,2011-12-31,2011-03-31,2011-03-31,2017-07-25,-18580000,1563598000,1305316000,710873000,852725000,0.26,16.043,-20669000,611387000,93361938,77376000,98213000,2.837,0.439,45000000,45000000,0,6871731,244987000,23475000,0,0.0,0.0,128238000,151713000,0.447,23167355,19582601,125632000,1.31,1.31,0.2,1070781000,939833500,163513763,182128351,9,7.861,155916000,2.336,6.549,262156000,0.772,134412000,2606000,612187000,640527500,38329000,187096000,0,187096000,470206000,250612000,219594000,217584439,330552000,0,212139000,0,0,193141000,-33914000,-13245000,176585000,0,91703000,91703000,14003519,0,6510000,0.27,138337000,123819000,5406000,0.0,1.331,15.538,16.296,250348000,0,3.26,4.197,4.197,318354000,178993000,339532000,51848281,6960000,0.07,0.098,0.2,0.378,0,131377000,1.0,66743693,66743693,,0.777,1429186000,7938000,33929000,38046000,21.413,460261000
CO,MRY,2012-12-31,2012-03-31,2012-03-31,2017-07-25,26057000,1824150000,1693874000,897172000,926978000,0.225,15.95,-42757000,794311000,126062161,86658000,141965000,4.552,0.489,45000000,45000000,0,7141783,412644000,29357000,0,0.0,0.0,144901000,174258000,0.458,27655842,22996701,141614000,1.79,1.79,0.284,1202734000,1136757500,190881465,125570064,5,4.54,311101000,4.126,6.301,293832000,0.772,129791000,3287000,747941000,680064000,41317000,232916000,354000,232562000,588523000,197107000,391416000,214155525,182924000,0,-44664000,0,0,-44664000,-122945000,0,353858000,0,131980000,131980000,20946057,0,9985000,0.347,158989000,134843000,6703000,0.0,1.122,10.224,9.997,267862000,0,2.84,3.546,3.546,333248000,310973000,380490000,60386161,7615000,0.078,0.116,0.213,0.381,0,151374000,1.0,75406875,75406875,,0.801,1694359000,10281000,9634000,30405000,22.47,700065000
CO,MRY,2013-12-31,2013-03-31,2013-03-31,2017-07-25,18256000,2986276000,2405213000,1598174000,1388102000,0.219,16.915,-225791000,1494099000,240022072,106621000,119642000,4.807,1.41,801781000,50000000,751781000,128803471,702586000,35874000,0,0.0,0.0,221087000,256961000,0.488,41279936,35516896,150990000,1.49,1.49,0.239,1237132000,1219933000,198741172,96517066,2,2.338,352841000,4.824,6.225,419502000,0.797,125170000,70097000,1836340000,1292140500,49995000,277533000,0,277533000,1744813000,332448000,1412365000,214300630,699788000,0,-101499000,720217000,0,618718000,-493717000,-267926000,578632000,0,112447000,112447000,18064239,0,7195000,0.214,210188000,209314000,21131000,0.0,1.078,11.863,12.241,468272000,0,2.93,2.536,2.536,322446000,423420000,526123000,84519923,8459000,0.047,0.092,0.171,0.42,0,201729000,1.0,73140147,73140147,,1.156,2861106000,9181000,38543000,28151000,39.118,1265726000
CO,MRY,2014-12-31,2014-03-31,2014-03-31,2017-07-25,84263000,3631022000,3308649000,2058047000,1572975000,0.173,19.657,-149883000,1882901000,303569246,106225000,132526000,5.18,1.527,837753000,60000000,777753000,135066074,1020353000,37065000,0,0.0,0.0,260376000,297441000,0.519,47954693,41978917,190301000,1.6,1.6,0.258,1435042000,1336087000,231363528,179270323,4,3.738,386132000,5.289,6.203,466632000,0.815,120549000,70075000,2067988000,1952164000,79968000,333376000,0,333376000,2191026000,397337000,1793689000,292012992,553754000,0,-4422000,6758000,0,2336000,-149883000,0,536015000,0,131903000,131903000,21265958,0,623000,0.23,234706000,231926000,31875000,0.0,1.262,13.731,15.506,626632000,0,4.0,3.162,3.162,320769000,555323000,572857000,92358423,9773000,0.04,0.099,0.133,0.455,0,224933000,1.0,73003248,73003248,,1.265,3510473000,9453000,58398000,34409000,48.087,1660710000
CO,MRY,2015-12-31,2015-03-31,2015-03-31,2017-07-25,63230000,4111684000,3871353000,2618706000,1492978000,0.164,21.064,-37784000,2436655000,393538878,130611000,107793000,6.232,1.67,868049000,60000000,808049000,140196716,1319539000,50609000,0,0.0,0.0,255721000,306330000,0.482,49474695,41300945,154619000,1.36,1.36,0.22,1537758000,1486400000,248359968,203658517,4,4.116,557082000,7.631,6.192,504511000,0.794,115928000,101102000,2006973000,2037480500,82027000,319253000,7708000,311545000,2568471000,420177000,2148294000,373046597,571767000,0,0,0,0,0,-42431000,-4647000,594866000,0,107292000,107292000,17328498,0,501000,0.169,269515000,234996000,33475000,0.0,1.502,21.528,23.264,603167000,0,5.11,3.637,3.637,315000000,662615000,635122000,102577180,9907000,0.028,0.072,0.126,0.403,16535000,259608000,1.0,73003248,73003248,,1.405,3995756000,12888000,47327000,44442000,54.734,2198529000
CO,MRY,2016-12-31,2016-03-31,2016-03-31,2017-07-25,84779000,4687927000,4399805500,3185805000,1502122000,0.151,21.343,-16480000,3008422000,465218218,144598000,91333000,7.017,1.74,966222000,60000000,906222000,149415234,1578931000,50166000,0,0.0,0.0,248937000,299103000,0.451,46252874,38495273,140970000,1.25,1.25,0.193,1709253000,1623505500,264316520,233884002,6,5.057,564517000,7.049,6.467,518401000,0.782,111307000,107967000,2080397000,2043685000,92648000,351863000,0,351863000,2974502000,454023000,2520479000,486105315,501842000,0,0,0,0,-1646000,-16480000,0,580997000,0,90970000,90970000,14067475,0,363000,0.137,327071000,191330000,66503000,0.0,1.839,34.555,31.402,574567000,0,6.07,4.741,4.741,289656000,753585000,662999000,102525248,8964000,0.021,0.056,0.122,0.375,58684000,318107000,1.0,80083248,80083248,,1.28,4576620000,16673000,50000000,45610000,57.148,2731782000
CO,MRY,2017-12-31,2017-03-31,2017-03-31,2017-07-25,24428000,5182912000,4935419500,3671308000,1511604000,0.154,22.949,-24421000,3510264000,509376169,142640000,128689000,2.537,1.818,1031154000,1031154000,0,149631274,1893269000,50481000,0,0.0,0.0,283230000,333711000,0.439,48424970,41099647,163812000,1.59,1.59,0.231,1837855000,1773554000,266692061,226699469,5,4.681,613211000,7.657,6.891,617338000,0.812,106686000,119418000,1149988000,1615192500,99762000,389919000,0,389919000,3340363000,1447128000,1893235000,533354431,72909000,0,0,-60000000,0,-60000000,-90575000,-66154000,637632000,0,126190000,126190000,18311494,0,2499000,0.166,352473000,264865000,15739000,0.0,2.0,29.127,28.865,551434000,0,6.66,4.836,4.836,247681000,879775000,759978000,110280788,10367000,0.026,0.071,0.175,0.373,62241000,368422000,1.0,80083248,80083248,,1.377,5076226000,22155000,37622000,32806000,63.387,2224180000
