ticker,dimension,calendardate,datekey,reportperiod,lastupdated,accoci,assets,assetsavg,assetsc,assetsnc,assetturnover,bvps,capex,cashneq,cashnequsd,cor,consolinc,currentratio,de,debt,debtc,debtnc,debtusd,deferredrev,depamor,deposits,divyield,dps,ebit,ebitda,ebitdamargin,ebitdausd,ebitusd,ebt,eps,epsdil,epsusd,equity,equityavg,equityusd,ev,evebit,evebitda,fcf,fcfps,fxusd,gp,grossmargin,intangibles,intexp,invcap,invcapavg,inventory,investments,investmentsc,investmentsnc,liabilities,liabilitiesc,liabilitiesnc,marketcap,ncf,ncfbus,ncfcommon,ncfdebt,ncfdiv,ncff,ncfi,ncfinv,ncfo,ncfx,netinc,netinccmn,netinccmnusd,netincdis,netincnci,netmargin,opex,opinc,payables,payoutratio,pb,pe,pe1,ppnenet,prefdivis,price,ps,ps1,receivables,retearn,revenue,revenueusd,rnd,roa,roe,roic,ros,sbcomp,sgna,sharefactor,sharesbas,shareswa,shareswadil,sps,tangibles,taxassets,taxexp,taxliabilities,tbvps,workingcapital
COHR,MRY,2011-12-31,2011-10-01,2011-10-01,2018-05-09,51221000,843266000,872859500,580646000,262620000,0.92,25.024,-36762000,167061000,167061000,452012000,93238000,3.575,0.365,34000,15000,19000,34000,0,28621000,0,0.0,0.0,123976000,152597000,0.19,152597000,123976000,123829000,3.74,3.66,3.74,618001000,634037250,618001000,876318026,7,5.743,49914000,2.003,1.0,350822000,0.437,93934000,147000,419900000,415859250,152385000,53142000,53142000,0,225265000,162405000,62860000,1075962026,-78319000,-14108000,-69223000,-18000,0,-64130000,-85667000,-35422000,86676000,-15198000,93238000,93238000,93238000,0,0,0.116,238813000,112009000,39841000,0.0,1.741,11.54,11.487,104504000,0,42.96,1.34,1.334,141037000,436294000,802834000,802834000,81232000,0.107,0.147,0.298,0.154,7852000,149499000,1.0,25045671,24924000,25464000,32.211,749332000,22057000,30591000,23929000,30.342,418241000
COHR,MRY,2012-12-31,2012-09-29,2012-09-29,2018-05-09,40455000,880772000,854321000,614485000,266287000,0.9,28.424,-35771000,67761000,67761000,453103000,62962000,3.996,0.311,19000,17000,2000,19000,0,29649000,0,0.0,0.0,90708000,120357000,0.156,120357000,90708000,90622000,2.67,2.62,2.67,671656000,641544250,671656000,1003555606,11,8.338,29000000,1.231,1.0,315985000,0.411,87162000,86000,572080000,509240500,160113000,157168000,157168000,0,209116000,153788000,55328000,1086112606,-99300000,-3687000,-16248000,-15000,0,-14999000,-142944000,-103486000,64771000,-6128000,62962000,62962000,62962000,0,0,0.082,227155000,88830000,29088000,0.0,1.617,17.25,17.176,115096000,0,45.86,1.412,1.405,144345000,499256000,769088000,769088000,78260000,0.074,0.098,0.178,0.118,15051000,138519000,1.0,23683223,23561000,24026000,32.642,793610000,23368000,27660000,33944000,33.585,460697000
COHR,MRY,2013-12-31,2013-09-28,2013-09-28,2018-05-09,54450000,966478000,932924750,629226000,337252000,0.868,31.103,-20506000,110444000,110444000,487855000,66355000,4.315,0.274,2000,2000,0,2000,0,36123000,0,0.016,1.0,83660000,119783000,0.148,119783000,83660000,83496000,2.75,2.7,2.75,758518000,709016250,758518000,1417979853,16,11.838,95016000,3.936,1.0,322271000,0.398,156379000,164000,553829000,522900250,168067000,139666000,139666000,0,207960000,145828000,62132000,1499284853,42683000,-67289000,12371000,-17000,-24040000,-11686000,-70665000,17130000,115522000,9512000,66355000,66355000,66355000,0,0,0.082,237372000,84899000,36565000,0.364,1.977,22.595,22.298,114333000,0,61.32,1.851,1.827,136759000,541571000,810126000,810126000,82785000,0.071,0.094,0.16,0.103,18891000,149513000,1.0,24450177,24138000,24555000,33.562,810099000,21713000,17141000,24695000,33.218,483398000
COHR,MRY,2014-12-31,2014-09-27,2014-09-27,2018-05-09,34682000,999375000,1004320500,681055000,318320000,0.791,32.944,-22805000,91217000,91217000,481249000,59106000,5.805,0.219,0,0,0,0,0,36201000,0,0.0,0.0,79291000,115492000,0.145,115492000,79291000,79219000,2.39,2.36,2.39,819649000,803039750,819649000,1421152411,17,12.305,68574000,2.77,1.0,313390000,0.394,141179000,72000,649660000,587570750,170483000,227058000,227058000,0,179726000,117319000,62407000,1569884411,-19227000,0,2874000,22000,0,2896000,-109783000,-86978000,91379000,-3719000,59106000,59106000,59106000,0,0,0.074,236524000,76866000,32784000,0.0,1.915,26.56,26.335,107424000,0,62.94,1.976,1.961,137324000,600677000,794639000,794639000,79070000,0.059,0.074,0.135,0.1,18897000,154030000,1.0,24942555,24760000,25076000,32.094,858196000,27134000,20113000,2029000,34.493,563736000
COHR,MRY,2015-12-31,2015-10-03,2015-10-03,2018-05-09,-9513000,968947000,979759750,652683000,316264000,0.819,32.33,-21000000,130607000,130607000,467061000,76409000,5.324,0.217,0,0,0,0,0,33059000,0,0.0,0.0,99616000,132675000,0.165,132675000,99616000,99568000,3.09,3.06,3.09,796418000,802123250,796418000,1254950964,12,9.459,103458000,4.179,1.0,335399000,0.418,124593000,48000,591157000,608724750,156614000,194908000,194908000,0,172529000,122590000,49939000,1358088964,39390000,-9300000,-73021000,0,0,-73021000,3167000,33467000,124458000,-15214000,76409000,76409000,76409000,0,0,0.095,233951000,101448000,33379000,0.0,1.705,17.774,17.696,102445000,0,54.68,1.692,1.687,142260000,677086000,802460000,802460000,81455000,0.078,0.095,0.164,0.124,18232000,149829000,1.0,24837033,24754000,24992000,32.417,844354000,0,23159000,4279000,34.276,530093000
COHR,MRY,2016-12-31,2016-10-01,2016-10-01,2018-05-09,-5300000,1161148000,1069339250,815639000,345509000,0.802,37.569,-48772000,354347000,354347000,475993000,87502000,4.048,0.275,20000000,20000000,0,20000000,0,34355000,0,0.0,0.0,124242000,158597000,0.185,158597000,124242000,122896000,3.62,3.58,3.62,910828000,860390500,910828000,2569253551,20,16.2,56527000,2.341,1.0,381392000,0.445,115332000,1346000,509975000,604600750,212898000,45606000,45606000,0,250320000,201494000,48826000,2688660551,223740000,0,2406000,14798000,0,17204000,103444000,152216000,105299000,-2207000,87502000,87502000,87502000,0,0,0.102,253778000,127614000,45182000,0.0,2.952,30.727,30.536,127443000,0,110.54,3.136,3.113,165715000,764588000,857385000,857385000,81801000,0.082,0.102,0.205,0.145,20157000,169138000,1.0,24322965,24142000,24415000,35.514,1045816000,0,35394000,19870000,43.137,614145000
COHR,MRY,2017-12-31,2017-09-30,2017-09-30,2018-05-09,19906000,2337800000,2220285000,1311664000,1026136000,0.776,47.349,-61821000,444163000,444163000,973042000,207122000,3.129,1.01,594079000,5078000,589001000,594079000,0,104245000,0,0.0,0.0,334895000,439140000,0.255,439140000,334895000,300533000,8.46,8.36,8.46,1163264000,1033637500,1163264000,5977397977,17,13.612,322295000,13.162,1.0,750269000,0.435,607721000,34362000,1460850000,1478561000,414807000,45434000,32510000,12924000,1174536000,419145000,755391000,5792579977,102740000,-740481000,-7606000,512782000,0,505988000,-810288000,-7231000,384116000,22924000,207122000,207122000,207122000,1522000,0,0.12,430190000,320079000,75860000,0.0,4.98,27.967,27.798,278850000,0,235.17,3.361,3.342,305668000,971710000,1723311000,1723311000,119166000,0.093,0.2,0.227,0.194,24644000,292084000,1.0,24631458,24487000,24777000,70.377,1730079000,0,93411000,103206000,70.42,892519000
