ticker,dimension,calendardate,datekey,reportperiod,lastupdated,accoci,assets,assetsavg,assetsc,assetsnc,assetturnover,bvps,capex,cashneq,cashnequsd,cor,consolinc,currentratio,de,debt,debtc,debtnc,debtusd,deferredrev,depamor,deposits,divyield,dps,ebit,ebitda,ebitdamargin,ebitdausd,ebitusd,ebt,eps,epsdil,epsusd,equity,equityavg,equityusd,ev,evebit,evebitda,fcf,fcfps,fxusd,gp,grossmargin,intangibles,intexp,invcap,invcapavg,inventory,investments,investmentsc,investmentsnc,liabilities,liabilitiesc,liabilitiesnc,marketcap,ncf,ncfbus,ncfcommon,ncfdebt,ncfdiv,ncff,ncfi,ncfinv,ncfo,ncfx,netinc,netinccmn,netinccmnusd,netincdis,netincnci,netmargin,opex,opinc,payables,payoutratio,pb,pe,pe1,ppnenet,prefdivis,price,ps,ps1,receivables,retearn,revenue,revenueusd,rnd,roa,roe,roic,ros,sbcomp,sgna,sharefactor,sharesbas,shareswa,shareswadil,sps,tangibles,taxassets,taxexp,taxliabilities,tbvps,workingcapital
COOL,MRY,2011-12-31,2011-10-31,2011-10-31,2018-03-19,-527000,52377000,42349750,50984000,1393000,2.958,24.635,-465000,13689000,13689000,79816000,6832000,1.875,1.254,1238000,1238000,0,1238000,5642000,6602000,0,0.0,0.0,8513000,15115000,0.121,15115000,8513000,7258000,7.56,7.14,7.56,23235000,23289000,23235000,119492657,14,7.906,8952000,9.759,1.0,45475000,0.363,12564000,1255000,169000,2484000,11605000,0,0,0,29142000,27193000,1949000,139166657,5685000,-779000,0,-4319000,0,-2489000,-1244000,0,9417000,1000,6832000,6832000,6832000,0,0,0.055,34115000,11360000,20313000,0.0,5.99,20.37,18.722,1184000,0,141.54,1.111,1.036,4080000,-95501000,125291000,125291000,6992000,0.161,0.293,3.427,0.068,1468000,25213000,1.0,983232,917324,955333,136.583,39813000,0,426000,0,42.211,23791000
COOL,MRY,2012-12-31,2012-10-31,2012-10-31,2018-03-19,-572000,49298000,51760750,47707000,1591000,2.556,30.618,-338000,18038000,18038000,88772000,4613000,2.39,0.68,0,0,0,0,4454000,17929000,0,0.0,0.0,5644000,23573000,0.178,23573000,5644000,4686000,5.04,4.62,5.04,29337000,31730750,29337000,14557178,2,0.618,5754000,6.046,1.0,43515000,0.329,3489000,958000,7810000,2099000,7762000,0,0,0,19961000,19961000,0,41849178,4349000,0,0,-1238000,0,-1390000,-338000,0,6092000,-15000,4613000,4613000,4613000,0,0,0.035,39803000,3712000,15490000,0.0,1.426,9.072,8.333,1003000,0,42.0,0.316,0.302,16437000,-90888000,132287000,132287000,7784000,0.089,0.145,2.689,0.043,1686000,30234000,1.0,996409,951744,971981,138.994,45809000,0,73000,0,47.809,27746000
COOL,MRY,2013-12-31,2013-10-31,2013-10-31,2018-03-19,-611000,37649000,37482750,33263000,4386000,1.261,18.816,-274000,13385000,13385000,35099000,-12642000,1.89,0.877,1764000,1764000,0,1764000,6838000,6841000,0,0.0,0.0,-12219000,-5378000,-0.114,-5378000,-12219000,-12628000,-12.78,-12.78,-12.78,20053000,23814250,20053000,9253135,0,-1.721,-4861000,-4.908,1.0,12168000,0.257,7825000,409000,607000,-3017000,4859000,3500000,0,3500000,17596000,17596000,0,28083135,-4653000,-3500000,2000000,1764000,0,3745000,-3774000,0,-4587000,-37000,-12642000,-12642000,-12642000,0,0,-0.267,24404000,-12236000,8994000,0.0,1.4,-2.221,-1.994,817000,0,25.477,0.594,0.534,3303000,-103530000,47267000,47267000,5542000,-0.337,-0.531,4.05,-0.259,1416000,17030000,1.0,1102285,990508,990508,47.72,29824000,0,14000,0,27.984,15667000
COOL,MRY,2014-12-31,2014-10-31,2014-10-31,2018-03-19,0,11456000,18847250,11258000,198000,1.824,5.131,-347000,7196000,7196000,28663000,-16197000,1.907,1.064,0,0,0,0,21000,11440000,171000,0.0,0.0,-15826000,-4386000,-0.128,-4386000,-15826000,-16187000,-15.12,-15.12,-15.12,5551000,11120750,5551000,-2007108,0,0.458,-3856000,-3.603,1.0,5705000,0.166,674000,361000,-2319000,-938500,1292000,250000,250000,0,5905000,5905000,0,8929891,-6189000,-530000,0,-1765000,0,-1798000,-877000,0,-3509000,-5000,-16197000,-16197000,-16197000,0,0,-0.471,19038000,-13333000,5713000,0.0,1.609,-0.551,-0.532,198000,0,8.04,0.26,0.25,1597000,-119727000,34368000,34368000,2340000,-0.859,-1.456,16.863,-0.46,1117000,15630000,1.0,1110683,1070129,1070129,32.116,10782000,0,10000,0,9.967,5353000
COOL,MRY,2015-12-31,2015-10-31,2015-10-31,2018-03-19,0,17661000,12318250,17616000,45000,0.543,10.996,0,17053000,17053000,3423000,-3809000,8.79,0.128,0,0,0,0,0,493000,0,0.0,0.0,-3761000,-3268000,-0.488,-3268000,-3761000,-3806000,-4.93,-4.93,-4.93,15657000,8237250,15657000,3594789,0,-1.1,-1614000,-1.314,1.0,3270000,0.489,179000,45000,-1575000,-2938750,0,0,0,0,2004000,2004000,0,12178789,9857000,250000,0,0,0,10931000,540000,0,-1614000,0,-3809000,-6061000,-6061000,0,0,-0.906,7196000,-3926000,2004000,0.0,0.778,-2.009,-1.533,45000,2252000,7.56,1.82,1.387,283000,-123536000,6693000,6693000,174000,-0.492,-0.736,1.28,-0.562,1436000,6121000,1.0,1610951,1228275,1228275,5.449,17482000,0,3000,0,12.277,15612000
COOL,MRY,2016-12-31,2016-10-31,2016-10-31,2018-03-19,0,6751000,7376500,6733000,18000,0.0,2.157,0,6523000,6523000,0,-4640000,4.973,0.251,0,0,0,0,0,0,0,0.0,0.0,-4637130,-4637130,,-4637130,-4637130,-4637130,-2.21,-2.21,-2.21,5397000,5681000,5397000,3227175,0,-0.696,-1766000,-0.843,1.0,0,,0,0,-1126000,-1204500,0,0,0,0,1354000,1354000,0,9963175,-10530000,0,1535000,0,-10000000,-8764000,0,0,-1766000,0,-4637130,-10642000,-10642000,807000,-2870,,4099000,-4099000,474000,0.0,1.846,-0.936,-1.62,18000,6004870,3.58,,,0,-128176000,0,0,0,-1.443,-1.873,3.85,,2042000,4099000,1.0,2783010,2096022,2096022,0.0,6751000,0,0,0,2.698,5379000
COOL,MRY,2017-12-31,2017-10-31,2017-10-31,2018-03-19,0,20152000,10394000,17964000,2188000,0.0,0.035,-2544000,17667000,17667000,0,-130829000,1.163,90.829,0,0,0,0,0,432000,0,0.0,0.0,-130828900,-130396900,,-130396900,-130828900,-130828900,-26.57,-26.57,-26.57,170000,4119500,170000,160833191,-1,-1.233,-10127000,-2.057,1.0,0,,0,0,-12956000,-2851000,0,0,0,0,15441000,15441000,0,163860191,11144000,0,3579000,0,0,21246000,-2519000,0,-7583000,0,-130828900,-131322000,-131322000,349000,-100,,130612000,-130612000,1939000,0.0,963.883,-1.248,-0.974,2173000,493100,25.87,,,75000,-259005000,0,0,111800000,-12.634,-31.878,45.889,,16627000,18812000,1.0,6333985,4923327,4923327,0.0,20152000,0,0,0,4.093,2523000
