ticker,dimension,calendardate,datekey,reportperiod,lastupdated,accoci,assets,assetsavg,assetsc,assetsnc,assetturnover,bvps,capex,cashneq,cashnequsd,cor,consolinc,currentratio,de,debt,debtc,debtnc,debtusd,deferredrev,depamor,deposits,divyield,dps,ebit,ebitda,ebitdamargin,ebitdausd,ebitusd,ebt,eps,epsdil,epsusd,equity,equityavg,equityusd,ev,evebit,evebitda,fcf,fcfps,fxusd,gp,grossmargin,intangibles,intexp,invcap,invcapavg,inventory,investments,investmentsc,investmentsnc,liabilities,liabilitiesc,liabilitiesnc,marketcap,ncf,ncfbus,ncfcommon,ncfdebt,ncfdiv,ncff,ncfi,ncfinv,ncfo,ncfx,netinc,netinccmn,netinccmnusd,netincdis,netincnci,netmargin,opex,opinc,payables,payoutratio,pb,pe,pe1,ppnenet,prefdivis,price,ps,ps1,receivables,retearn,revenue,revenueusd,rnd,roa,roe,roic,ros,sbcomp,sgna,sharefactor,sharesbas,shareswa,shareswadil,sps,tangibles,taxassets,taxexp,taxliabilities,tbvps,workingcapital
COSI,MRY,2011-12-31,2012-01-02,2012-01-02,2017-07-24,0,24705000,26669250,10465000,14240000,3.83,0.429,-2011000,7222000,7222000,90300000,-6539000,0.764,3.477,0,0,0,0,2159000,4230000,0,0.0,0.0,-6538000,-2308000,-0.023,-2308000,-6538000,-6539000,-0.51,-0.51,-0.51,5518000,8027750,5518000,28707153,-4,-12.438,-3329000,-0.259,1.0,11835000,0.116,0,1000,3777000,5795500,717000,762000,0,762000,19187000,13706000,5481000,36813153,-3085000,0,0,0,0,0,-1767000,0,-1318000,0,-6539000,-6539000,-6539000,0,0,-0.064,18419000,-6584000,3717000,0.0,6.671,-5.63,-5.569,12359000,0,2.84,0.36,0.357,1046000,-277560000,102135000,102135000,0,-0.245,-0.815,-1.128,-0.064,371000,13824000,1.0,12962378,12842125,12842125,7.953,24705000,0,0,0,1.921,-3241000
COSI,MRY,2012-12-31,2012-12-31,2012-12-31,2017-07-24,0,31193000,26222500,19627000,11566000,3.735,0.782,-1409000,15417000,15417000,86673000,-4441000,1.566,1.223,0,0,0,0,1984000,3613000,0,0.0,0.0,-4441000,-828000,-0.008,-828000,-4441000,-4441000,-0.29,-0.29,-0.29,14035000,9793000,14035000,40709196,-9,-49.166,-4364000,-0.287,1.0,11279000,0.115,0,0,3242000,4211500,893000,573000,0,573000,17158000,12534000,4624000,57028196,8195000,0,12559000,0,0,12559000,-1409000,0,-2955000,0,-4441000,-4441000,-4441000,0,0,-0.045,15782000,-4503000,2886000,0.0,4.063,-12.841,-10.759,9900000,0,3.12,0.582,0.484,1697000,-282001000,97952000,97952000,0,-0.169,-0.453,-1.054,-0.045,399000,11641000,1.0,18278268,15207588,15207588,6.441,31193000,0,0,0,1.739,7093000
COSI,MRY,2013-12-31,2013-12-30,2013-12-30,2017-07-24,0,18603000,22823250,9293000,9310000,3.782,0.151,-2142000,6021000,6021000,82086000,-11444000,0.79,5.842,0,0,0,0,1949000,2724000,0,0.0,0.0,-11444000,-8720000,-0.101,-8720000,-11444000,-11444000,-0.64,-0.64,-0.64,2719000,7509000,2719000,22873304,-1,-2.623,-9436000,-0.524,1.0,4241000,0.049,0,0,818000,2260750,779000,551000,551000,0,15884000,11764000,4120000,31125304,-9396000,0,0,0,0,0,-2102000,0,-7294000,0,-11444000,-11444000,-11444000,0,0,-0.133,15768000,-11527000,2462000,0.0,11.447,-2.72,-2.688,8195000,0,1.72,0.361,0.359,594000,-293445000,86327000,86327000,0,-0.501,-1.524,-5.062,-0.133,128000,11746000,1.0,18096107,17993858,17993858,4.798,18603000,0,0,0,1.032,-2471000
COSI,MRY,2014-12-31,2014-12-29,2014-12-29,2017-07-24,0,33431000,20612750,24245000,9186000,3.772,0.61,-1880000,21053000,21053000,76844000,-16625000,2.194,1.702,6623000,0,6623000,6623000,1742000,2394000,0,0.0,0.0,-16154000,-13760000,-0.177,-13760000,-16154000,-16625000,-0.82,-0.82,-0.82,12371000,1466500,12371000,39067343,-2,-2.839,-15927000,-0.786,1.0,914000,0.012,0,471000,7951000,5473500,825000,0,0,0,21060000,11050000,10010000,39026343,15439000,0,24484000,6810000,0,31294000,-1808000,0,-14047000,0,-16625000,-16625000,-16625000,0,0,-0.214,16704000,-15790000,1519000,0.0,3.155,-2.347,-1.902,7308000,0,1.56,0.502,0.407,1639000,-310070000,77758000,77758000,0,-0.807,-11.337,-2.951,-0.208,509000,12359000,1.0,25016887,20271585,20271585,3.836,33431000,0,0,0,1.649,13195000
COSI,MRY,2015-12-31,2015-12-28,2015-12-28,2017-07-24,0,41261000,40746250,8780000,32481000,2.206,0.382,-4769000,10154000,10154000,88472000,-15655000,0.969,1.311,11142000,473000,10669000,11142000,1726000,3200000,0,0.0,0.0,-16134000,-12934000,-0.144,-12934000,-16134000,-17163000,-0.36,-0.36,-0.36,17852000,18065250,17852000,19339600,-1,-1.495,-19088000,-0.433,1.0,1418000,0.016,14274000,1029000,18913000,17585000,1051000,0,0,0,23409000,9062000,14347000,21118600,-15901000,-250000,15264000,-6825000,0,3437000,-5019000,0,-14319000,0,-15655000,-15655000,-15655000,0,0,-0.174,16934000,-15516000,1564000,0.0,1.183,-1.349,-1.221,11892000,0,0.44,0.235,0.216,1242000,-325725000,89890000,89890000,0,-0.384,-0.867,-0.917,-0.179,1207000,11972000,1.0,48040493,44094340,44094340,2.039,26987000,0,-1508000,327000,0.578,-282000
