ticker,dimension,calendardate,datekey,reportperiod,lastupdated,accoci,assets,assetsavg,assetsc,assetsnc,assetturnover,bvps,capex,cashneq,cashnequsd,cor,consolinc,currentratio,de,debt,debtc,debtnc,debtusd,deferredrev,depamor,deposits,divyield,dps,ebit,ebitda,ebitdamargin,ebitdausd,ebitusd,ebt,eps,epsdil,epsusd,equity,equityavg,equityusd,ev,evebit,evebitda,fcf,fcfps,fxusd,gp,grossmargin,intangibles,intexp,invcap,invcapavg,inventory,investments,investmentsc,investmentsnc,liabilities,liabilitiesc,liabilitiesnc,marketcap,ncf,ncfbus,ncfcommon,ncfdebt,ncfdiv,ncff,ncfi,ncfinv,ncfo,ncfx,netinc,netinccmn,netinccmnusd,netincdis,netincnci,netmargin,opex,opinc,payables,payoutratio,pb,pe,pe1,ppnenet,prefdivis,price,ps,ps1,receivables,retearn,revenue,revenueusd,rnd,roa,roe,roic,ros,sbcomp,sgna,sharefactor,sharesbas,shareswa,shareswadil,sps,tangibles,taxassets,taxexp,taxliabilities,tbvps,workingcapital
COT,MRY,2011-12-31,2011-12-31,2011-12-31,2018-05-10,-24700000,1508900000,1539050000,550900000,958000000,1.517,5.886,-54100000,100900000,100900000,2058000000,41200000,1.936,1.693,605500000,3400000,602100000,605500000,0,95300000,0,0.0,0.0,94000000,189300000,0.081,189300000,94000000,36900000,0.4,0.4,0.4,555800000,559125000,555800000,1173933699,12,6.201,109400000,1.161,1.0,276600000,0.118,470700000,57100000,1258300000,1328025000,210000000,0,0,0,940700000,284500000,656200000,595333699,52700000,-34300000,300000,-14600000,0,-20300000,-90200000,0,163500000,-300000,37600000,37600000,37600000,0,3600000,0.016,175900000,100700000,281100000,0.0,1.071,15.833,15.65,482200000,0,6.26,0.255,0.253,210800000,144100000,2334600000,2334600000,0,0.024,0.067,0.071,0.04,2900000,172700000,1.0,95101230,94241000,95001000,24.773,1038200000,15000000,-700000,34100000,10.995,266400000
COT,MRY,2012-12-31,2012-12-29,2012-12-29,2018-05-10,-12400000,1565900000,1529150000,625100000,940800000,1.472,6.452,-72600000,179400000,179400000,1937900000,52700000,2.158,1.541,603700000,1900000,601800000,603700000,0,97300000,0,0.008,0.06,107000000,204300000,0.091,204300000,107000000,52800000,0.51,0.5,0.51,611800000,597225000,611800000,1267579547,11,6.205,100400000,1.062,1.0,312700000,0.139,445700000,54200000,1254900000,1327025000,224800000,0,0,0,943000000,289600000,653400000,751779547,78500000,-9700000,-300000,-3300000,-5800000,-16200000,-80400000,0,173000000,2100000,48200000,48200000,48200000,0,4500000,0.021,202600000,110100000,287700000,0.118,1.229,15.597,15.49,490900000,0,7.9,0.334,0.332,199400000,186000000,2250600000,2250600000,0,0.032,0.081,0.081,0.048,4900000,200800000,1.0,95161968,94553000,94775000,23.803,1120200000,5400000,4600000,39100000,11.813,335500000
COT,MRY,2013-12-31,2013-12-28,2013-12-28,2018-05-10,-16800000,1423700000,1507575000,504000000,919700000,1.389,6.313,-61000000,47200000,47200000,1818600000,22000000,1.43,1.377,458200000,54700000,403500000,458200000,0,100600000,0,0.029,0.231,70400000,171000000,0.082,171000000,70400000,18800000,0.18,0.18,0.18,594900000,600025000,594900000,1239961922,17,7.251,93900000,0.991,1.0,275400000,0.132,435400000,51600000,1046900000,1269700000,233100000,0,0,0,819300000,352400000,466900000,759461922,-132200000,-11200000,-13000000,-171000000,-21900000,-213300000,-71600000,0,154900000,-2200000,17000000,17000000,17000000,0,5000000,0.008,187200000,88200000,297700000,1.283,1.277,44.674,44.778,480500000,0,8.06,0.363,0.365,203300000,174800000,2094000000,2094000000,0,0.011,0.028,0.055,0.034,4000000,180300000,1.0,94226045,94750000,95633000,22.1,988300000,4900000,1800000,41100000,10.488,151600000
COT,MRY,2014-12-31,2015-01-03,2015-01-03,2018-05-10,-51000000,3073200000,1952000000,703500000,2369700000,1.077,5.831,-51800000,86200000,86200000,1826300000,16400000,1.077,4.383,1774300000,233000000,1541300000,1774300000,0,110700000,0,0.033,0.234,-10900000,99800000,0.047,99800000,-10900000,-50600000,0.11,0.1,0.11,542000000,567600000,542000000,1212656940,-111,12.151,4900000,0.052,1.0,276500000,0.131,1501600000,39700000,2606700000,1535900000,262400000,0,0,0,2375500000,653000000,1722500000,651156940,39000000,-798500000,-12100000,935800000,-22800000,835700000,-850300000,0,56700000,-3100000,10800000,10000000,10000000,0,5600000,0.005,260800000,15700000,420000000,2.127,1.201,65.116,63.636,864500000,800000,7.0,0.31,0.312,305700000,158100000,2102800000,2102800000,0,0.005,0.018,-0.007,-0.005,5800000,213700000,1.0,93022420,93777000,95900000,22.423,1571600000,5200000,-61400000,109400000,16.908,50500000
COT,MRY,2015-12-31,2016-01-02,2016-01-02,2018-05-10,-76200000,2887300000,2992425000,638600000,2248700000,0.397,5.828,-42600000,77100000,77100000,536800000,20600000,1.134,3.506,1650800000,125400000,1525400000,1650800000,0,128300000,0,0.022,0.24,29500000,157800000,0.133,157800000,29500000,-600000,-0.03,-0.03,-0.03,639300000,618550000,639300000,2845389165,96,18.032,212000000,2.058,1.0,650500000,0.548,1443700000,30100000,2454300000,2551550000,249400000,0,0,0,2241400000,563000000,1678400000,1205489165,-9100000,-24000000,142300000,0,-31000000,-160100000,-99700000,0,254600000,-3900000,14500000,-3400000,-3400000,-4900000,6100000,-0.003,632600000,17900000,437600000,-8.0,1.886,-354.556,-366.333,769800000,17900000,10.99,1.015,0.954,293300000,129600000,1187300000,1187300000,0,-0.001,-0.005,0.012,0.025,7600000,608400000,1.0,109689642,103037000,103037000,11.523,1443600000,7600000,-15100000,76500000,13.16,75600000
COT,MRY,2016-12-31,2016-12-31,2016-12-31,2018-05-10,-117900000,3939700000,3649175000,853200000,3086500000,0.445,6.273,-93600000,78100000,78100000,773100000,-71500000,1.053,3.53,2199000000,212200000,1986800000,2199000000,0,151100000,0,0.021,0.24,-13600000,137500000,0.085,137500000,-13600000,-56600000,-0.61,-0.61,-0.61,868500000,900150000,868500000,3737073907,-274,27.179,176200000,1.373,1.0,850100000,0.524,1807300000,43000000,3443200000,3019400000,124600000,0,0,0,3065900000,810100000,2255800000,1567773907,41000000,-959400000,361100000,498200000,-31400000,875700000,-1096600000,0,269800000,-7900000,-77800000,-77800000,-77800000,11200000,6300000,-0.048,840600000,9500000,368000000,-0.393,1.805,-20.151,-18.574,581800000,0,11.33,0.966,0.895,276700000,22900000,1623200000,1623200000,0,-0.021,-0.086,-0.005,-0.008,7000000,806200000,1.0,138373690,128290000,128290000,12.653,2132400000,0,21200000,155000000,15.401,43100000
COT,MRY,2017-12-31,2017-12-30,2017-12-30,2018-05-10,-94400000,4093100000,4194125000,933900000,3159200000,0.541,6.311,-119100000,91900000,91900000,1142000000,7100000,1.001,3.646,2287000000,225400000,2061600000,2287000000,0,188600000,0,0.014,0.226,54100000,242700000,0.107,242700000,54100000,-31400000,-0.01,-0.01,-0.01,879600000,851525000,879600000,3775306046,69,15.555,159600000,1.148,1.0,1127700000,0.497,1855800000,85500000,3499000000,3276400000,127600000,0,0,0,3207400000,933400000,2274000000,2320706046,39800000,-35500000,-300000,640800000,-33400000,-46900000,-198300000,0,278700000,6300000,-1400000,-1400000,-1400000,-10700000,8500000,-0.001,1078800000,48900000,412900000,-22.6,2.638,-1657.647,-1666.0,584200000,0,16.66,1.022,1.021,285000000,-12200000,2269700000,2269700000,0,0.0,-0.002,0.017,0.024,17500000,1042700000,1.0,139298082,139078000,139078000,16.32,2237300000,2300000,-30000000,98400000,16.053,500000
