ticker,dimension,calendardate,datekey,reportperiod,lastupdated,accoci,assets,assetsavg,assetsc,assetsnc,assetturnover,bvps,capex,cashneq,cashnequsd,cor,consolinc,currentratio,de,debt,debtc,debtnc,debtusd,deferredrev,depamor,deposits,divyield,dps,ebit,ebitda,ebitdamargin,ebitdausd,ebitusd,ebt,eps,epsdil,epsusd,equity,equityavg,equityusd,ev,evebit,evebitda,fcf,fcfps,fxusd,gp,grossmargin,intangibles,intexp,invcap,invcapavg,inventory,investments,investmentsc,investmentsnc,liabilities,liabilitiesc,liabilitiesnc,marketcap,ncf,ncfbus,ncfcommon,ncfdebt,ncfdiv,ncff,ncfi,ncfinv,ncfo,ncfx,netinc,netinccmn,netinccmnusd,netincdis,netincnci,netmargin,opex,opinc,payables,payoutratio,pb,pe,pe1,ppnenet,prefdivis,price,ps,ps1,receivables,retearn,revenue,revenueusd,rnd,roa,roe,roic,ros,sbcomp,sgna,sharefactor,sharesbas,shareswa,shareswadil,sps,tangibles,taxassets,taxexp,taxliabilities,tbvps,workingcapital
CPAC,MRY,2011-12-31,2011-12-31,2011-12-31,2018-04-30,49575000,1947825000,1767418000,660092000,1287733000,0.563,1.958,-239162000,363279000,134695593,569515000,65469000,2.136,0.84,590594000,139048000,451546000,218978827,0,47633000,0,,0.0,125292000,172925000,0.174,64116658,46455424,106073000,0.7,0.7,0.26,1040553000,1016554500,385813394,,,,-106824000,-0.201,2.697,425455000,0.428,0,19219000,1866043000,1673007500,206102000,22074000,0,22074000,874240000,309097000,565143000,,209163000,0,0,283339000,-90761000,315987000,-239162000,0,132338000,-377000,67694000,67694000,25099396,0,2225000,0.068,306559000,118896000,128485000,0.0,,,,1227296000,0,,,,107523000,473721000,994970000,368912254,0,0.038,0.067,0.075,0.126,0,219903000,0.2,531461479,531461479,,0.694,1947825000,8518000,38379000,115558000,3.665,350995000
CPAC,MRY,2012-12-31,2012-12-31,2012-12-31,2018-04-30,50503000,2383324000,2165574500,853409000,1529915000,0.54,3.449,-263404000,473785000,185684444,713058000,155600000,4.748,0.267,215455000,22884000,192571000,84440499,0,47954000,0,0.013,0.173,256519000,304473000,0.26,119328175,100534183,232748000,1.4,1.4,0.549,1833252000,1436902500,718482810,1506161411,14,12.622,-163673000,-0.308,2.552,456750000,0.39,0,23771000,1945242000,1905642500,278149000,34887000,0,34887000,489209000,179752000,309457000,1420065071,-293919000,0,672302000,-375139000,-52016000,273704000,-667354000,-403950000,99731000,475000,159005000,159005000,62316778,0,3405000,0.136,226226000,230524000,132764000,0.315,1.976,22.788,24.349,1444321000,0,13.36,3.097,15.487,105505000,570878000,1169808000,458467760,0,0.073,0.111,0.135,0.219,0,233932000,0.2,531461479,531461479,,0.863,2383324000,34902000,73743000,100383000,4.484,673657000
CPAC,MRY,2013-12-31,2013-12-31,2013-12-31,2018-04-30,50503000,3114537000,2748930500,1419371000,1695166000,0.451,3.633,-209282000,976952000,349267307,716239000,152283000,9.003,0.572,824022000,0,824022000,294593741,0,55871000,0,0.015,0.181,275132000,331003000,0.267,118335933,98361652,238029000,1.35,1.35,0.483,1930840000,1882046000,690289069,1160507168,11,9.807,-17528000,-0.033,2.797,523449000,0.422,0,37103000,2803946000,2374594000,334471000,36058000,0,36058000,1105067000,157661000,947406000,1258501421,893648000,0,0,546612000,-58093000,507377000,194517000,403950000,191754000,13469000,155634000,155634000,55640264,0,3351000,0.126,230451000,292998000,126897000,0.375,1.823,22.619,24.532,1596441000,0,11.84,2.84,14.198,114834000,653704000,1239688000,443197300,0,0.057,0.083,0.116,0.222,0,238732000,0.2,531461749,531461749,,0.834,3114537000,42834000,82395000,105667000,5.86,1261710000
CPAC,MRY,2014-12-31,2014-12-31,2014-12-31,2018-04-30,50503000,3240904000,3177720500,1034821000,2206083000,0.391,3.749,-572431000,580499000,194766035,724148000,188789000,5.171,0.587,883564000,0,883564000,296448843,0,64759000,0,0.036,0.316,302859000,367618000,0.296,123341298,101613692,271663000,1.65,1.65,0.554,1992540000,1961690000,668526761,873491574,8,7.082,-332045000,-0.625,2.98,518431000,0.417,0,31196000,3343854000,3073900000,324070000,12995000,0,12995000,1170219000,200115000,970104000,927931742,-427883000,0,0,0,-115824000,-114774000,-553495000,18936000,240386000,31430000,192827000,192827000,64696322,7749000,4038000,0.155,218980000,299451000,137569000,0.571,1.388,14.343,15.77,2118716000,0,8.73,2.226,11.129,164791000,696736000,1242579000,416903707,0,0.061,0.098,0.099,0.244,0,216080000,0.2,531461479,531461479,,0.784,3240904000,32217000,78836000,94603000,6.098,834706000
CPAC,MRY,2015-12-31,2015-12-31,2015-12-31,2018-04-30,50503000,3413794000,3327349000,628480000,2785314000,0.37,3.656,-475867000,158007000,46332042,695757000,211667000,3.088,0.704,1012406000,0,1012406000,296865570,0,70810000,0,0.052,0.396,341722000,412532000,0.335,120965845,100202385,304915000,1.9,1.9,0.557,1943054000,1967797000,569757424,910282649,9,7.525,-200223000,-0.377,3.41,535258000,0.435,0,36807000,4064646000,3704250000,307478000,436000,0,436000,1367660000,203547000,1164113000,813136062,-458032000,0,-108218000,0,-162168000,-257809000,-475867000,0,275644000,35540000,215532000,215532000,63199971,5720000,3865000,0.175,207291000,327967000,170761000,0.711,1.427,12.866,13.731,2572677000,0,7.65,2.253,11.263,175042000,727765000,1231015000,360967804,0,0.065,0.11,0.092,0.278,0,211204000,0.2,531461479,531461479,,0.679,3413794000,65987000,89383000,122975000,6.423,424933000
CPAC,MRY,2016-12-31,2016-12-31,2016-12-31,2018-04-30,50503000,3320623000,3367208500,562326000,2758297000,0.368,3.514,-135627000,80215000,23924065,736530000,112894000,3.16,0.718,998148000,0,998148000,297696919,0,111266000,0,0.046,0.424,270198000,381464000,0.308,113771362,80586358,194801000,1.05,1.05,0.313,1867440000,1905247000,556962629,1239946175,15,10.899,106052000,0.2,3.353,503639000,0.406,0,75397000,4060608000,4062627000,346535000,657000,0,657000,1340594000,177948000,1162646000,978952044,-71485000,0,0,0,-154401000,-177537000,-135627000,0,241679000,1268000,116174000,116174000,34648811,6589000,3280000,0.094,230831000,272808000,142773000,1.354,1.758,28.254,29.41,2316076000,0,9.21,2.647,13.233,106241000,677086000,1240169000,369879507,0,0.035,0.061,0.067,0.218,0,233275000,0.2,531461479,531461479,,0.696,3320623000,52896000,78627000,143216000,6.248,384378000
CPAC,MRY,2017-12-31,2017-12-31,2017-12-31,2018-04-30,40279000,2814115000,3067369000,553355000,2260760000,0.4,3.554,-71333000,49216000,15143384,732956000,80631000,2.699,0.868,965290000,0,965290000,297012307,0,124206000,0,0.04,0.497,214573000,338779000,0.276,104239692,66022461,140814000,1.05,1.05,0.323,1506560000,1687000000,463556923,1334069870,20,12.798,179075000,0.422,3.25,492683000,0.402,0,73759000,3525188000,3792898000,373020000,21206000,0,21206000,1307407000,205001000,1102406000,1051193753,-5657000,0,-34216000,0,-124993000,-185426000,-70639000,694000,250408000,-185000,93782000,93782000,28856000,754000,13151000,0.077,294123000,198560000,177995000,1.538,2.268,36.429,38.381,2221969000,0,12.4,2.787,13.937,115725000,611652000,1225639000,377119692,0,0.031,0.056,0.057,0.175,0,242184000,0.2,423868449,423868449,,0.89,2814115000,27897000,47032000,111254000,6.639,348354000
