ticker,dimension,calendardate,datekey,reportperiod,lastupdated,accoci,assets,assetsavg,assetsc,assetsnc,assetturnover,bvps,capex,cashneq,cashnequsd,cor,consolinc,currentratio,de,debt,debtc,debtnc,debtusd,deferredrev,depamor,deposits,divyield,dps,ebit,ebitda,ebitdamargin,ebitdausd,ebitusd,ebt,eps,epsdil,epsusd,equity,equityavg,equityusd,ev,evebit,evebitda,fcf,fcfps,fxusd,gp,grossmargin,intangibles,intexp,invcap,invcapavg,inventory,investments,investmentsc,investmentsnc,liabilities,liabilitiesc,liabilitiesnc,marketcap,ncf,ncfbus,ncfcommon,ncfdebt,ncfdiv,ncff,ncfi,ncfinv,ncfo,ncfx,netinc,netinccmn,netinccmnusd,netincdis,netincnci,netmargin,opex,opinc,payables,payoutratio,pb,pe,pe1,ppnenet,prefdivis,price,ps,ps1,receivables,retearn,revenue,revenueusd,rnd,roa,roe,roic,ros,sbcomp,sgna,sharefactor,sharesbas,shareswa,shareswadil,sps,tangibles,taxassets,taxexp,taxliabilities,tbvps,workingcapital
CPRT,MRY,2011-12-31,2011-07-31,2011-07-31,2018-02-28,-23225000,1084436000,1168576500,241868000,842568000,0.746,2.055,-49568000,74009000,74009000,499351000,166375000,1.452,0.953,375756000,50370000,325386000,375756000,5636000,45694000,0,0.0,0.0,267955000,313649000,0.36,313649000,267955000,263877000,0.55,0.54,0.55,555172000,725469250,555172000,3185784776,11,10.157,193364000,0.639,1.0,372895000,0.428,211368000,4078000,1008189000,923157000,8016000,0,0,0,529264000,166626000,362638000,2989235776,-194179000,-34912000,-730599000,375000000,0,-354075000,-84480000,0,242932000,1444000,166375000,166375000,166375000,0,0,0.191,107605000,265290000,101708000,0.0,5.384,17.967,19.75,600388000,0,10.863,3.427,3.768,122859000,264457000,872246000,872246000,0,0.142,0.229,0.29,0.307,15460000,107605000,1.0,275188564,302596000,306704000,2.883,873068000,14570000,97502000,38813000,3.232,75242000
CPRT,MRY,2012-12-31,2012-07-31,2012-07-31,2018-02-28,-38043000,1154000000,1181076250,321227000,832773000,0.782,2.225,-53564000,140112000,140112000,514575000,182119000,1.724,1.057,444120000,75170000,368950000,444120000,5390000,48167000,0,0.0,0.0,289397000,337564000,0.365,337564000,289397000,278056000,0.71,0.695,0.71,561117000,550516500,561117000,3277277876,11,9.709,176109000,0.687,1.0,409616000,0.443,204423000,11341000,1067266000,1080262250,8494000,0,0,0,592883000,186319000,406564000,3021485876,66103000,5477000,-187677000,68750000,0,-114873000,-48087000,0,229673000,-610000,182119000,182119000,182119000,0,0,0.197,123263000,286353000,102677000,0.0,5.385,16.591,16.732,587163000,0,11.88,3.269,3.294,137900000,272961000,924191000,924191000,0,0.154,0.331,0.268,0.313,17424000,114492000,1.0,254333828,256240000,262856000,3.607,949577000,28192000,95937000,32799000,3.765,134908000
CPRT,MRY,2013-12-31,2013-07-31,2013-07-31,2018-02-28,-47161000,1334481000,1275408750,306452000,1028029000,0.82,3.04,-127188000,63631000,63631000,625464000,180025000,1.285,0.75,388748000,92338000,296410000,388748000,4832000,56728000,0,0.0,0.0,287139000,343867000,0.329,343867000,287139000,276872000,0.72,0.695,0.72,762401000,690792250,762401000,4329008248,15,12.589,72138000,0.289,1.0,420922000,0.402,285169000,10267000,1135870000,1126426500,10736000,0,0,0,572080000,238559000,333521000,4078172248,-76481000,-80833000,8381000,-80369000,0,-65891000,-208021000,0,199326000,-1895000,180025000,180025000,180025000,0,0,0.172,137930000,282992000,136648000,0.0,5.349,22.653,22.576,677517000,0,16.255,3.897,3.881,182714000,440780000,1046386000,1046386000,0,0.141,0.261,0.255,0.274,13460000,137930000,1.0,250887250,249824000,259562000,4.188,1049312000,41749000,96847000,35903000,4.184,67893000
CPRT,MRY,2014-12-31,2014-07-31,2014-07-31,2018-02-28,-20060000,1506804000,1454839250,412291000,1094513000,0.8,3.983,-78661000,158668000,158668000,694916000,178687000,1.688,0.502,302901000,79674000,223227000,302901000,4170000,53726000,0,0.0,0.0,278803000,332529000,0.286,332529000,278803000,270035000,0.71,0.68,0.71,1003499000,911657750,1003499000,4392849464,15,13.21,183933000,0.732,1.0,468573000,0.403,309022000,8768000,1097731000,1122193000,7259000,0,0,0,503305000,244284000,259021000,4207404464,95037000,-13442000,12179000,-91291000,0,-76823000,-92103000,0,262594000,1369000,178687000,178687000,178687000,0,0,0.154,193639000,274934000,152156000,0.0,4.193,23.546,23.507,692383000,0,16.69,3.616,3.606,196985000,619004000,1163489000,1163489000,0,0.123,0.196,0.248,0.24,19810000,164535000,1.0,252091340,251386000,262460000,4.628,1197782000,40812000,91348000,39427000,4.755,168007000
CPRT,MRY,2015-12-31,2015-07-31,2015-07-31,2018-02-28,-68793000,1798660000,1822573500,734582000,1064078000,0.629,3.866,-77632000,456012000,456012000,662703000,219783000,3.447,0.865,644514000,53671000,590843000,644514000,3724000,48893000,0,0.0,0.0,350190000,399083000,0.348,399083000,350190000,332069000,0.87,0.84,0.87,964464000,1052775000,964464000,4544722992,12,11.388,187444000,0.744,1.0,483376000,0.422,289707000,18121000,1484329000,1382390500,8613000,0,0,0,834196000,213126000,621070000,4558592992,297344000,-4283000,-226771000,348939000,0,120362000,-81915000,0,265076000,-6179000,219783000,219783000,219783000,0,0,0.192,138975000,344401000,147452000,0.0,4.727,20.741,20.707,700402000,0,18.015,3.978,3.958,215696000,625437000,1146079000,1146079000,0,0.121,0.209,0.253,0.306,15183000,138975000,1.0,253044296,251829000,262851000,4.551,1508953000,38328000,112286000,34758000,6.049,521456000
CPRT,MRY,2016-12-31,2016-07-31,2016-07-31,2018-02-28,-109194000,1649820000,1683520750,499306000,1150514000,0.753,3.637,-173355000,155849000,155849000,723863000,270360000,1.791,1.13,640492000,76151000,564341000,640492000,4628000,49643000,0,0.0,0.0,419471000,469114000,0.37,469114000,419471000,395865000,1.18,1.11,1.18,774456000,809732000,774456000,6080470448,14,12.962,159143000,0.695,1.0,544586000,0.429,271959000,23606000,1583721000,1595126000,10388000,0,0,0,875364000,278783000,596581000,5517247448,-300163000,100000,-426246000,-6032000,0,-448496000,-172876000,379000,332498000,-11289000,270360000,270360000,270360000,0,0,0.213,138116000,406470000,192379000,0.0,7.124,20.407,21.373,816791000,0,25.22,4.35,4.55,266270000,491194000,1268449000,1268449000,0,0.161,0.334,0.263,0.331,20864000,138116000,1.0,218764768,228846000,244295000,5.543,1377861000,43701000,125505000,35082000,6.47,220523000
CPRT,MRY,2017-12-31,2017-07-31,2017-07-31,2018-02-28,-100676000,1982501000,1851456000,587261000,1395240000,0.782,4.768,-171518000,210100000,210100000,815953000,394261000,1.944,0.805,633038000,82155000,550883000,633038000,5019000,57441000,0,0.0,0.0,463845000,521286000,0.36,521286000,463845000,440066000,1.72,1.66,1.72,1098066000,951876250,1098066000,7630415306,16,14.638,320540000,1.402,1.0,632028000,0.436,416181000,23779000,1687105000,1719522000,10163000,0,0,0,883901000,302153000,581748000,7253130306,54251000,-164273000,35458000,-7000000,0,-106975000,-335791000,0,492058000,4959000,394227000,394227000,394227000,0,34000,0.272,170729000,461299000,208415000,0.0,6.605,18.398,18.308,944056000,0,31.49,5.009,4.973,311846000,745370000,1447981000,1447981000,0,0.213,0.414,0.27,0.32,20840000,151364000,1.0,230331226,228686000,237019000,6.332,1566320000,7705000,45839000,34329000,6.801,285108000
