ticker,dimension,calendardate,datekey,reportperiod,lastupdated,accoci,assets,assetsavg,assetsc,assetsnc,assetturnover,bvps,capex,cashneq,cashnequsd,cor,consolinc,currentratio,de,debt,debtc,debtnc,debtusd,deferredrev,depamor,deposits,divyield,dps,ebit,ebitda,ebitdamargin,ebitdausd,ebitusd,ebt,eps,epsdil,epsusd,equity,equityavg,equityusd,ev,evebit,evebitda,fcf,fcfps,fxusd,gp,grossmargin,intangibles,intexp,invcap,invcapavg,inventory,investments,investmentsc,investmentsnc,liabilities,liabilitiesc,liabilitiesnc,marketcap,ncf,ncfbus,ncfcommon,ncfdebt,ncfdiv,ncff,ncfi,ncfinv,ncfo,ncfx,netinc,netinccmn,netinccmnusd,netincdis,netincnci,netmargin,opex,opinc,payables,payoutratio,pb,pe,pe1,ppnenet,prefdivis,price,ps,ps1,receivables,retearn,revenue,revenueusd,rnd,roa,roe,roic,ros,sbcomp,sgna,sharefactor,sharesbas,shareswa,shareswadil,sps,tangibles,taxassets,taxexp,taxliabilities,tbvps,workingcapital
CRDS,MRY,2011-12-31,2011-10-31,2011-10-31,2017-08-23,-40000,15351000,18264500,13865000,1486000,0.821,14.404,-1290000,10721000,10721000,2665000,-7495000,1.882,0.953,1973000,1973000,0,1973000,1009000,1166000,0,0.0,0.0,-7391000,-6225000,-0.415,-6225000,-7391000,-7495000,-13.8,-13.8,-13.8,7859000,11091500,7859000,48006535,-6,-7.712,-3171000,-5.861,1.0,12322000,0.822,110000,104000,-873000,488500,188000,0,0,0,7492000,7366000,126000,55488535,-6475000,0,144000,0,0,144000,-4675000,-3385000,-1881000,-63000,-7495000,-7495000,-7495000,0,0,-0.5,19713000,-7391000,2228000,0.0,7.061,-7.403,-7.362,1320000,0,101.6,3.702,3.668,2659000,-191862000,14987000,14987000,10702000,-0.41,-0.676,-15.13,-0.493,877000,8376000,1.0,546147,541001,541001,27.702,15241000,0,0,0,27.934,6499000
CRDS,MRY,2012-12-31,2012-10-31,2012-10-31,2017-08-23,-39000,12024000,13750250,10427000,1597000,1.018,3.395,-929000,6895000,6895000,2943000,-10696000,1.242,5.021,4318000,2948000,1370000,4318000,1306000,821000,0,0.0,0.0,-10455000,-9634000,-0.688,-9634000,-10455000,-10696000,-19.0,-19.0,-19.0,1997000,4109000,1997000,32688234,-3,-3.393,-9378000,-16.678,1.0,11056000,0.79,0,241000,1054000,39500,376000,0,0,0,10027000,8393000,1634000,40035234,-441000,0,3212000,2345000,0,5557000,2456000,3385000,-8449000,-5000,-10696000,-10696000,-10696000,0,0,-0.764,21494000,-10438000,1260000,0.0,20.048,-3.743,-3.611,1521000,0,68.6,2.86,2.755,2847000,-202558000,13999000,13999000,11408000,-0.778,-2.603,-264.684,-0.747,1680000,9976000,1.0,583604,562291,562291,24.896,12024000,0,0,0,20.439,2034000
CRDS,MRY,2013-12-31,2013-10-31,2013-10-31,2017-08-23,-51000,12390000,11113500,11103000,1287000,1.137,-13.309,-333000,7795000,7795000,3178000,-12057000,1.896,-2.565,8589000,1605000,6984000,8589000,1090000,821000,0,0.0,0.0,-11518000,-10697000,-0.847,-10697000,-11518000,-12057000,-24.0,-24.0,-24.0,-7915000,-2732750,-7915000,10767207,0,-1.007,-12477000,-21.044,1.0,9456000,0.748,0,539000,7328000,3921750,313000,0,0,0,20305000,5856000,14449000,12301207,900000,0,87000,5951000,0,13371000,-333000,0,-12144000,6000,-12057000,-14265000,-14265000,0,0,-1.129,22142000,-12686000,1066000,0.0,-1.554,-0.862,-0.858,1031000,2208000,20.6,0.974,0.967,2301000,-216578000,12634000,12634000,10475000,-1.284,5.22,-2.937,-0.912,1034000,11669000,1.0,597146,592894,592894,21.309,12390000,0,0,0,20.834,5247000
CRDS,MRY,2014-12-31,2014-10-31,2014-10-31,2017-08-23,-60000,8856000,11708750,8353000,503000,0.952,-0.322,-5000,4946000,4946000,2065000,-9227000,1.188,-36.424,4811000,3160000,1651000,4811000,1455000,631000,0,0.0,0.0,-8412000,-7781000,-0.698,-7781000,-8412000,-9227000,-13.8,-13.8,-13.8,-250000,-1258500,-250000,41346609,-4,-5.314,-3699000,-5.223,1.0,9084000,0.815,0,815000,1689000,4451750,357000,0,0,0,9106000,7032000,2074000,42737609,-2849000,0,5534000,-4672000,0,862000,-5000,0,-3694000,-12000,-9227000,-9711000,-9711000,0,0,-0.871,13540000,-4456000,1443000,0.0,-170.95,-4.401,-4.014,440000,484000,55.4,3.833,3.519,2252000,-226417000,11149000,11149000,5675000,-0.829,7.716,-1.89,-0.755,1589000,8915000,1.0,771437,708203,708203,15.743,8856000,0,0,0,11.398,1321000
CRDS,MRY,2015-12-31,2015-10-31,2015-10-31,2017-08-23,-90000,14913000,11555500,14210000,703000,0.09,3.131,-226000,11792000,11792000,339000,-9044000,1.263,3.867,0,0,0,0,6343000,374000,0,0.0,0.0,-8660000,-8286000,-7.929,-8286000,-8660000,-9044000,-9.53,-9.53,-9.53,3064000,2476250,3064000,27729780,-3,-3.347,1038000,1.061,1.0,706000,0.676,0,384000,-8131000,-2402250,0,0,0,0,11849000,11252000,597000,32390780,6846000,0,11169000,-5328000,0,5841000,-226000,0,1264000,-33000,-9044000,-9324000,-9324000,2683000,0,-8.922,9493000,-8787000,1823000,0.0,10.571,-3.474,-2.896,0,280000,27.6,30.996,25.849,656000,-235755000,1045000,1045000,0,-0.807,-3.765,3.605,-8.287,1032000,9493000,1.0,1173579,978692,978692,1.068,14913000,0,0,0,15.238,2958000
CRDS,MRY,2016-12-31,2016-10-31,2016-10-31,2017-08-23,0,5604000,7690000,5484000,120000,0.088,2.546,-28000,4093000,4093000,170000,-716000,2.187,0.809,0,0,0,0,1531000,69000,0,0.0,0.0,-716000,-647000,-0.96,-647000,-716000,-716000,-0.8,-0.8,-0.8,3097000,3227750,3097000,-253206,0,0.391,-8296000,-6.785,1.0,504000,0.748,0,0,-996000,-2316750,0,0,0,0,2507000,2507000,0,4656793,-7699000,853000,0,0,0,-133000,825000,0,-8268000,-123000,-716000,-982000,-982000,41000,0,-1.457,5928000,-5424000,339000,0.0,1.504,-4.742,-4.75,0,266000,3.8,6.909,6.894,1212000,-236742000,674000,674000,0,-0.128,-0.304,0.309,-1.062,685000,5928000,1.0,1225472,1222747,1222747,0.551,5604000,0,0,0,4.606,2977000
