ticker,dimension,calendardate,datekey,reportperiod,lastupdated,accoci,assets,assetsavg,assetsc,assetsnc,assetturnover,bvps,capex,cashneq,cashnequsd,cor,consolinc,currentratio,de,debt,debtc,debtnc,debtusd,deferredrev,depamor,deposits,divyield,dps,ebit,ebitda,ebitdamargin,ebitdausd,ebitusd,ebt,eps,epsdil,epsusd,equity,equityavg,equityusd,ev,evebit,evebitda,fcf,fcfps,fxusd,gp,grossmargin,intangibles,intexp,invcap,invcapavg,inventory,investments,investmentsc,investmentsnc,liabilities,liabilitiesc,liabilitiesnc,marketcap,ncf,ncfbus,ncfcommon,ncfdebt,ncfdiv,ncff,ncfi,ncfinv,ncfo,ncfx,netinc,netinccmn,netinccmnusd,netincdis,netincnci,netmargin,opex,opinc,payables,payoutratio,pb,pe,pe1,ppnenet,prefdivis,price,ps,ps1,receivables,retearn,revenue,revenueusd,rnd,roa,roe,roic,ros,sbcomp,sgna,sharefactor,sharesbas,shareswa,shareswadil,sps,tangibles,taxassets,taxexp,taxliabilities,tbvps,workingcapital
CRVP,MRY,2011-12-31,2011-10-31,2011-10-31,2018-03-16,-246018,60683811,59939136,17559013,43124798,1.195,1.034,-2530088,5378575,5378575,34371757,1485526,1.969,1.745,25179000,2714000,22465000,25179000,0,4668982,3178476,0.0,0.0,4502208,9171190,0.128,9171190,4502208,2255303,0.07,0.07,0.07,22110161,21361000,22110161,37802985,8,4.122,3611396,0.169,1.0,37238017,0.52,34911702,2246905,36653894,39039221,2673827,0,0,0,38573650,8918640,29655010,16041510,486196,-475000,0,-2412700,0,-2412700,-3242588,0,6141484,0,1485526,1485526,1485526,0,0,0.021,32681737,4556280,2598627,0.0,0.726,10.799,10.714,8174096,0,0.75,0.224,0.224,7801811,-35257887,71609774,71609774,0,0.025,0.07,0.115,0.063,0,31613846,1.0,21388681,21388681,21388681,3.348,25772109,570142,769777,0,1.205,8640373
CRVP,MRY,2012-12-31,2012-10-31,2012-10-31,2018-03-16,-76309,38095781,53624763,15459976,22635805,1.326,0.178,-3191121,3071277,3071277,34476776,-18477514,1.807,9.041,22566103,3815103,18751000,22566103,0,4344464,3137663,0.0,0.0,-16639745,-12295281,-0.173,-12295281,-16639745,-18820777,-0.86,-0.86,-0.86,3794187,17749125,3794187,40941702,-2,-3.33,919131,0.043,1.0,36645002,0.515,14469223,2181032,34564061,35327077,2629665,0,0,0,34301594,8557323,25744271,22663627,-2307298,-504260,-8169,-2714000,0,-2722169,-3695381,0,4110252,0,-18477514,-18477514,-18477514,0,0,-0.26,53350348,-16705346,1709506,0.0,5.973,-1.227,-1.233,8127582,0,1.06,0.319,0.319,7950067,-53735401,71121778,71121778,0,-0.345,-1.041,-0.471,-0.234,0,32403417,1.0,21380781,21384406,21384406,3.326,23626558,421679,-343263,0,1.105,6902653
CRVP,MRY,2013-12-31,2013-10-31,2013-10-31,2018-03-16,-26793,38273091,36491154,15130168,23142923,1.945,0.206,-2180862,2089787,2089787,34266303,571411,1.8,7.701,20083336,1571424,18511912,20083336,0,4023270,3174163,0.0,0.0,2784290,6807560,0.096,6807560,2784290,917100,0.03,0.03,0.03,4398683,3810636,4398683,36302346,13,5.333,2334006,0.109,1.0,36714209,0.517,15592499,1867190,32268604,33556824,2550593,0,0,0,33874408,8405537,25468871,18589212,-981490,-898651,-16431,-2400414,0,-2416845,-3079513,0,4514868,0,571411,571411,571411,0,0,0.008,33924341,2789868,3768870,0.0,4.226,32.532,29.0,7444869,0,0.87,0.262,0.262,9249324,-53163990,70980512,70980512,0,0.016,0.15,0.083,0.039,0,32957692,1.0,21366911,21372111,21372111,3.321,22680592,437148,345689,0,1.061,6724631
CRVP,MRY,2014-12-31,2014-10-31,2014-10-31,2018-03-16,-17110,37369652,36920304,15228326,22141326,2.036,0.214,-2315074,1841044,1841044,39301334,154741,1.643,7.192,19071912,2131424,16940488,19071912,0,3744234,3078141,0.0,0.0,1697664,5441898,0.072,5441898,1697664,199461,0.01,0.01,0.01,4561947,4012119,4561947,34992094,20,6.43,1183007,0.055,1.0,35853380,0.477,14940214,1498203,30389433,31109068,2440364,0,0,0,32807705,9270873,23536832,16661120,-248743,-354957,-5369,-1071424,0,-1076793,-2670031,0,3498081,0,154741,154741,154741,0,0,0.002,34155385,1697995,3920196,0.0,3.652,107.671,78.0,7088620,0,0.78,0.222,0.222,9717721,-53009249,75154714,75154714,0,0.004,0.039,0.055,0.023,4209,33153471,1.0,21360411,21360104,21360104,3.518,22429438,433317,44720,0,1.05,5957453
CRVP,MRY,2015-12-31,2015-10-31,2015-10-31,2018-03-16,-5348,37644821,36754692,16100785,21544036,2.011,0.186,-2433158,3091471,3091471,40531657,-601090,2.033,8.482,20603335,1599996,19003339,20603335,0,3465311,3271363,0.0,0.0,767478,4232789,0.057,4232789,767478,-859966,-0.03,-0.03,-0.03,3969989,3716112,3969989,30801402,40,7.277,118018,0.006,1.0,33369445,0.452,14322024,1627444,32916565,32350332,2611681,0,0,0,33674832,7918096,25756736,10892789,1250427,-66196,0,1198605,0,1198605,-2499354,0,2551176,0,-601090,-601090,-601090,0,0,-0.008,32601967,767478,3149964,0.0,2.744,-18.122,-17.0,6869986,0,0.51,0.147,0.147,8999126,-53610339,73901102,73901102,0,-0.016,-0.162,0.024,0.01,-2630,31923062,1.0,21358411,21358411,21358411,3.46,23322797,606660,-258876,0,1.092,8182689
CRVP,MRY,2016-12-31,2016-10-31,2016-10-31,2018-03-16,-19473,37929529,37647822,16539854,21389675,1.736,0.242,-2587821,5553815,5553815,32234500,1201830,1.917,6.353,18733339,1599996,17133343,18733339,0,3359953,3176760,0.0,0.0,3523191,6883144,0.105,6883144,3523191,1905948,0.06,0.06,0.06,5158360,4526289,5158360,32815112,9,4.767,5489216,0.257,1.0,33108404,0.507,13650484,1617243,28829803,30855937,2061713,0,0,0,32771169,8628766,24142403,17941065,2462344,0,0,-3026872,0,-3026872,-2587821,0,8077037,0,1201830,1201830,1201830,0,0,0.018,29585213,3523191,3268951,0.0,3.478,14.928,14.0,6768185,0,0.84,0.275,0.275,8022952,-52408509,65342904,65342904,0,0.032,0.266,0.114,0.054,666,28912464,1.0,21358411,21358411,21358411,3.059,24279045,692373,704118,0,1.137,7911088
CRVP,MRY,2017-12-31,2017-10-31,2017-10-31,2018-03-16,6058,31492925,33510671,11559487,19933438,1.763,0.269,-2622619,1065000,1065000,27289553,559698,1.41,4.487,14633343,3599996,11033347,14633343,0,3196210,3076551,0.0,0.0,1947256,5143466,0.087,5143466,1947256,725687,0.03,0.03,0.03,5739802,5290399,5739802,30095612,15,5.851,-388819,-0.018,1.0,31780222,0.538,12990741,1221569,23870624,26141950,2200666,0,0,0,25753123,8199903,17553220,15559602,-4488815,0,0,-4099996,0,-4099996,-2622619,0,2233800,0,559698,559698,559698,0,0,0.009,29832966,1947256,1723753,0.0,2.711,27.8,24.283,6850771,0,0.729,0.263,0.263,7013184,-51848811,59069775,59069775,0,0.017,0.106,0.074,0.033,0,29169657,1.0,21358411,21358411,21358411,2.766,18502184,0,165989,0,0.866,3359584
