ticker,dimension,calendardate,datekey,reportperiod,lastupdated,accoci,assets,assetsavg,assetsc,assetsnc,assetturnover,bvps,capex,cashneq,cashnequsd,cor,consolinc,currentratio,de,debt,debtc,debtnc,debtusd,deferredrev,depamor,deposits,divyield,dps,ebit,ebitda,ebitdamargin,ebitdausd,ebitusd,ebt,eps,epsdil,epsusd,equity,equityavg,equityusd,ev,evebit,evebitda,fcf,fcfps,fxusd,gp,grossmargin,intangibles,intexp,invcap,invcapavg,inventory,investments,investmentsc,investmentsnc,liabilities,liabilitiesc,liabilitiesnc,marketcap,ncf,ncfbus,ncfcommon,ncfdebt,ncfdiv,ncff,ncfi,ncfinv,ncfo,ncfx,netinc,netinccmn,netinccmnusd,netincdis,netincnci,netmargin,opex,opinc,payables,payoutratio,pb,pe,pe1,ppnenet,prefdivis,price,ps,ps1,receivables,retearn,revenue,revenueusd,rnd,roa,roe,roic,ros,sbcomp,sgna,sharefactor,sharesbas,shareswa,shareswadil,sps,tangibles,taxassets,taxexp,taxliabilities,tbvps,workingcapital
CRWS,MRY,2011-12-31,2011-04-03,2011-04-03,2018-02-09,0,45702000,46724500,35283000,10419000,1.926,3.274,-205000,205000,205000,69880000,4306000,3.539,0.456,6288000,1952000,4336000,6288000,0,1481000,0,0.019,0.09,7538000,9019000,0.1,9019000,7538000,7078000,0.45,0.45,0.45,31395000,29681500,31395000,53633755,7,5.947,1804000,0.19,1.0,20091000,0.223,7921000,460000,33893000,31762500,13560000,0,0,0,14307000,9971000,4336000,46086755,130000,-2072000,-422000,914000,-752000,-109000,-1770000,505000,2009000,0,4306000,4306000,4306000,97000,0,0.048,12459000,7632000,4763000,0.2,1.468,10.703,10.689,472000,0,4.81,0.512,0.508,17819000,-6582000,89971000,89971000,0,0.092,0.145,0.237,0.084,718000,12459000,1.0,9581446,9497000,9670000,9.474,37781000,2134000,2772000,0,3.94,25312000
CRWS,MRY,2012-12-31,2012-04-01,2012-04-01,2018-02-09,0,44661000,44122500,35078000,9583000,1.933,3.594,-566000,214000,214000,65763000,5039000,3.527,0.286,0,0,0,0,0,1324000,0,0.026,0.14,8148000,9472000,0.111,9472000,8148000,7919000,0.52,0.52,0.52,34716000,33205500,34716000,51389684,6,5.425,7702000,0.799,1.0,19543000,0.229,7098000,229000,27404000,27063750,11839000,0,0,0,9945000,9945000,0,51668684,9000,0,-129000,-6336000,-1252000,-7698000,-561000,0,8268000,0,5039000,5039000,5039000,0,0,0.059,11411000,8132000,6092000,0.269,1.488,10.254,10.288,514000,0,5.35,0.606,0.605,19441000,-3668000,85306000,85306000,0,0.114,0.152,0.301,0.096,517000,11411000,1.0,9657698,9645000,9747000,8.845,37563000,1864000,2880000,232000,3.889,25133000
CRWS,MRY,2013-12-31,2013-03-31,2013-03-31,2018-02-09,0,44163000,44241500,35227000,8936000,1.772,3.339,-1240000,340000,340000,58649000,5111000,3.103,0.346,0,0,0,0,0,998000,0,0.137,0.82,8099000,9097000,0.116,9097000,8099000,8018000,0.52,0.52,0.52,32812000,33939750,32812000,58723114,7,6.455,7883000,0.806,1.0,19767000,0.252,7116000,81000,25356000,24243750,10930000,0,0,0,11351000,11351000,0,58968114,126000,0,-492000,0,-7650000,-7947000,-1050000,0,9123000,0,5111000,5111000,5111000,0,0,0.065,11674000,8093000,7376000,1.577,1.797,11.537,11.538,738000,0,6.0,0.752,0.749,21431000,-5834000,78416000,78416000,0,0.116,0.151,0.334,0.103,559000,11372000,1.0,9828019,9786000,9786000,8.013,37047000,1165000,2907000,710000,3.77,23876000
CRWS,MRY,2014-12-31,2014-03-30,2014-03-30,2018-02-09,0,46215000,45879250,38069000,8146000,1.772,3.644,-163000,560000,560000,58760000,5771000,3.697,0.287,0,0,0,0,0,1057000,0,0.041,0.32,9395000,10452000,0.129,10452000,9395000,9346000,0.59,0.59,0.59,35917000,34246500,35917000,73405183,7,7.023,3476000,0.353,1.0,22534000,0.277,6374000,49000,28983000,25333000,13607000,0,0,0,10298000,10298000,0,77176183,220000,0,-150000,0,-3150000,-3258000,-161000,0,3639000,0,5771000,5771000,5771000,0,0,0.071,13156000,9378000,5066000,0.542,2.149,13.373,13.271,586000,0,7.83,0.949,0.949,20800000,-3216000,81294000,81294000,0,0.126,0.169,0.371,0.116,595000,12289000,1.0,9856473,9848000,9858000,8.255,39841000,1908000,3575000,787000,4.042,27771000
CRWS,MRY,2015-12-31,2015-03-29,2015-03-29,2018-02-09,0,49946000,50574000,42519000,7427000,1.7,3.932,-256000,1807000,1807000,62428000,5718000,4.099,0.262,0,0,0,0,0,1055000,0,0.042,0.32,9197000,10252000,0.119,10252000,9197000,9160000,0.57,0.57,0.57,39572000,37664250,39572000,77004720,8,7.511,4510000,0.449,1.0,23550000,0.274,5633000,37000,32132000,29079500,15468000,0,0,0,10374000,10374000,0,77489720,1247000,0,-127000,0,-3205000,-3263000,-256000,0,4766000,0,5718000,5718000,5718000,0,0,0.067,14330000,9220000,4472000,0.561,1.958,13.552,13.509,528000,0,7.7,0.901,0.9,21563000,-719000,85978000,85978000,0,0.113,0.152,0.316,0.107,862000,12962000,1.0,10063600,10047000,10080000,8.558,44313000,2101000,3442000,1021000,4.403,32145000
CRWS,MRY,2016-12-31,2016-04-03,2016-04-03,2018-02-09,0,52415000,52369250,45732000,6683000,1.611,4.004,-324000,7574000,7574000,60529000,6829000,3.753,0.31,0,0,0,0,0,1058000,0,0.061,0.57,10802000,11860000,0.141,11860000,10802000,10744000,0.68,0.68,0.68,40019000,40353000,40019000,86218423,7,7.27,10692000,1.067,1.0,23813000,0.282,5008000,58000,27648000,27774250,14785000,0,0,0,12396000,12185000,211000,93767423,5767000,0,-1992000,0,-3211000,-4925000,-324000,0,11016000,0,6829000,6829000,6829000,0,0,0.081,13025000,10788000,4640000,0.838,2.343,13.731,13.794,433000,0,9.38,1.112,1.114,20125000,401000,84342000,84342000,0,0.13,0.169,0.389,0.128,901000,13025000,1.0,9996527,10017000,10038000,8.42,47407000,1937000,3915000,1017000,4.743,33547000
CRWS,MRY,2017-12-31,2017-04-02,2017-04-02,2018-02-09,0,47184000,50698500,41110000,6074000,1.301,3.88,-191000,7892000,7892000,46567000,5572000,5.428,0.212,0,0,0,0,0,932000,0,0.088,0.72,8864000,9796000,0.148,9796000,8864000,8796000,0.56,0.55,0.56,38923000,39605750,38923000,68127104,7,6.955,10198000,1.018,1.0,19411000,0.294,4254000,68000,27465000,24443500,15821000,0,0,0,8261000,7573000,688000,82521104,318000,0,-161000,0,-9719000,-9880000,-191000,0,10389000,0,5572000,5572000,5572000,0,0,0.084,10711000,8700000,5149000,1.286,2.12,14.81,14.688,441000,0,8.225,1.251,1.248,14921000,-1246000,65978000,65978000,0,0.11,0.141,0.363,0.134,604000,10711000,1.0,10032961,10013000,10041000,6.589,42930000,1240000,3224000,912000,4.28,33537000
