ticker,dimension,calendardate,datekey,reportperiod,lastupdated,accoci,assets,assetsavg,assetsc,assetsnc,assetturnover,bvps,capex,cashneq,cashnequsd,cor,consolinc,currentratio,de,debt,debtc,debtnc,debtusd,deferredrev,depamor,deposits,divyield,dps,ebit,ebitda,ebitdamargin,ebitdausd,ebitusd,ebt,eps,epsdil,epsusd,equity,equityavg,equityusd,ev,evebit,evebitda,fcf,fcfps,fxusd,gp,grossmargin,intangibles,intexp,invcap,invcapavg,inventory,investments,investmentsc,investmentsnc,liabilities,liabilitiesc,liabilitiesnc,marketcap,ncf,ncfbus,ncfcommon,ncfdebt,ncfdiv,ncff,ncfi,ncfinv,ncfo,ncfx,netinc,netinccmn,netinccmnusd,netincdis,netincnci,netmargin,opex,opinc,payables,payoutratio,pb,pe,pe1,ppnenet,prefdivis,price,ps,ps1,receivables,retearn,revenue,revenueusd,rnd,roa,roe,roic,ros,sbcomp,sgna,sharefactor,sharesbas,shareswa,shareswadil,sps,tangibles,taxassets,taxexp,taxliabilities,tbvps,workingcapital
CSC,MRY,2011-12-31,2011-04-01,2011-04-01,2017-10-22,-690000000,16120000000,16202500000,7557000000,8563000000,0.962,48.385,-558000000,1837000000,1837000000,12578000000,759000000,1.809,1.141,2579000000,170000000,2409000000,2579000000,987000000,1140000000,0,0.014,0.7,1109000000,2249000000,0.144,2249000000,1109000000,942000000,4.79,4.73,4.79,7504000000,7034000000,7504000000,8843354076,7,3.932,1006000000,6.487,1.0,3004000000,0.193,5247000000,167000000,7437000000,8232750000,0,0,0,0,8560000000,4178000000,4382000000,7658354076,-947000000,-39000000,8000000,-1586000000,-77000000,-1676000000,-892000000,0,1564000000,57000000,740000000,740000000,740000000,-83000000,19000000,0.047,2017000000,987000000,517000000,0.146,1.021,10.349,10.309,2496000000,0,49.38,0.491,0.491,3719000000,6296000000,15582000000,15582000000,0,0.046,0.105,0.135,0.071,50000000,949000000,1.0,155090200,155090200,,100.471,10873000000,0,202000000,907000000,70.108,3379000000
CSC,MRY,2012-12-31,2012-03-30,2012-03-30,2017-10-22,-1093000000,11189000000,13009250000,4883000000,6306000000,1.128,17.92,-558000000,1093000000,1093000000,12870000000,-602000000,1.076,3.006,2740000000,1254000000,1486000000,2740000000,619000000,1139000000,0,0.027,0.8,-673000000,466000000,0.032,466000000,-673000000,-844000000,-3.97,-3.97,-3.97,2779000000,4590250000,2779000000,6473945350,-9,13.893,618000000,3.985,1.0,1803000000,0.123,2963000000,171000000,5337000000,7097500000,0,0,0,0,8355000000,4536000000,3819000000,4642945350,-744000000,-372000000,15000000,-465000000,-124000000,-581000000,-1308000000,0,1176000000,-31000000,-616000000,-616000000,-616000000,-162000000,14000000,-0.042,2662000000,-859000000,478000000,-0.202,1.671,-7.537,-7.542,2441000000,0,29.94,0.316,0.316,3257000000,1930000000,14673000000,14673000000,0,-0.047,-0.134,-0.095,-0.046,34000000,1145000000,1.0,155074995,155074995,,94.619,8226000000,0,-228000000,414000000,53.045,347000000
CSC,MRY,2013-12-31,2013-03-29,2013-03-29,2017-10-22,108000000,11251000000,11271500000,5673000000,5578000000,1.259,20.419,-395000000,2054000000,2054000000,11293000000,779000000,1.694,2.582,2732000000,234000000,2498000000,2732000000,630000000,1070000000,0,0.016,0.8,881000000,1951000000,0.137,1951000000,881000000,698000000,4.92,4.89,4.92,3134000000,2993000000,3134000000,7987011609,9,4.094,724000000,4.717,1.0,2902000000,0.204,2632000000,183000000,5948000000,5806750000,0,0,0,0,8091000000,3349000000,4742000000,7556011609,961000000,1074000000,-228000000,-202000000,-124000000,-589000000,456000000,0,1119000000,-25000000,760000000,760000000,760000000,-482000000,19000000,0.054,2506000000,396000000,373000000,0.163,2.411,9.942,10.006,2184000000,0,49.23,0.532,0.532,3199000000,1101000000,14195000000,14195000000,0,0.067,0.254,0.152,0.062,46000000,1197000000,1.0,153483884,153483884,,92.485,8619000000,0,-62000000,535000000,56.156,2324000000
CSC,MRY,2014-12-31,2014-03-28,2014-03-28,2017-10-22,279000000,11389000000,11063500000,5628000000,5761000000,0.804,26.851,-420000000,2443000000,2443000000,6032000000,968000000,1.626,1.903,2888000000,681000000,2207000000,2888000000,624000000,1018000000,0,0.013,0.8,1249000000,2267000000,0.255,2267000000,1249000000,1121000000,6.41,6.28,6.41,3912000000,3493250000,3912000000,9320796242,7,4.112,1157000000,7.941,1.0,2867000000,0.322,2744000000,128000000,5628000000,5817750000,0,0,0,0,7445000000,3462000000,3983000000,8783796242,389000000,-40000000,-307000000,-53000000,-119000000,-616000000,-566000000,0,1577000000,-6000000,947000000,947000000,947000000,-448000000,21000000,0.106,2061000000,806000000,394000000,0.125,2.245,9.275,9.406,2031000000,0,60.29,0.987,0.987,2759000000,1592000000,8899000000,8899000000,0,0.086,0.271,0.215,0.14,73000000,1099000000,1.0,145692424,145692424,,61.081,8645000000,0,174000000,634000000,59.337,2166000000
CSC,MRY,2015-12-31,2015-04-03,2015-04-03,2017-10-22,21000000,10221000000,10716750000,4856000000,5365000000,0.757,20.823,-381000000,2076000000,2076000000,6159000000,17000000,1.363,2.471,2518000000,883000000,1635000000,2518000000,811000000,977000000,0,0.014,0.92,-336000000,641000000,0.079,641000000,-336000000,-462000000,0.01,0.01,0.01,2937000000,3491250000,2937000000,9552624550,-28,14.903,1092000000,7.742,1.0,1958000000,0.241,1882000000,126000000,5217000000,5344250000,0,0,0,0,7256000000,3564000000,3692000000,9221624550,-345000000,-62000000,-646000000,-274000000,-128000000,-1078000000,-536000000,0,1473000000,-204000000,2000000,2000000,2000000,-224000000,15000000,0.0,2523000000,-565000000,295000000,92.0,3.14,4610.812,6538.0,1110000000,0,65.38,1.136,1.136,1682000000,928000000,8117000000,8117000000,0,0.0,0.001,-0.063,-0.041,68000000,1417000000,1.0,141046567,141046567,,57.548,8339000000,396000000,-464000000,478000000,59.122,1292000000
CSC,MRY,2016-12-31,2016-04-01,2016-04-01,2017-10-22,-111000000,7736000000,8963500000,3412000000,4324000000,0.793,14.667,-356000000,1178000000,1178000000,5185000000,263000000,1.308,2.817,2644000000,710000000,1934000000,2644000000,857000000,767000000,0,1.231,42.19,312000000,1079000000,0.152,1079000000,312000000,189000000,1.82,1.78,1.82,2025000000,2562000000,2025000000,5570545500,17,5.163,446000000,3.23,1.0,1921000000,0.27,2605000000,123000000,3989000000,4216750000,0,0,0,0,5704000000,2608000000,3096000000,4731545500,-920000000,-517000000,9000000,1411000000,-430000000,-485000000,-1180000000,-70000000,802000000,-57000000,251000000,251000000,251000000,-191000000,12000000,0.035,1731000000,190000000,341000000,23.181,2.337,18.851,18.83,1025000000,0,34.27,0.666,0.666,1831000000,33000000,7106000000,7106000000,0,0.028,0.098,0.074,0.044,45000000,1040000000,1.0,138066691,138066691,,51.468,5131000000,345000000,-62000000,396000000,37.163,804000000
