ticker,dimension,calendardate,datekey,reportperiod,lastupdated,accoci,assets,assetsavg,assetsc,assetsnc,assetturnover,bvps,capex,cashneq,cashnequsd,cor,consolinc,currentratio,de,debt,debtc,debtnc,debtusd,deferredrev,depamor,deposits,divyield,dps,ebit,ebitda,ebitdamargin,ebitdausd,ebitusd,ebt,eps,epsdil,epsusd,equity,equityavg,equityusd,ev,evebit,evebitda,fcf,fcfps,fxusd,gp,grossmargin,intangibles,intexp,invcap,invcapavg,inventory,investments,investmentsc,investmentsnc,liabilities,liabilitiesc,liabilitiesnc,marketcap,ncf,ncfbus,ncfcommon,ncfdebt,ncfdiv,ncff,ncfi,ncfinv,ncfo,ncfx,netinc,netinccmn,netinccmnusd,netincdis,netincnci,netmargin,opex,opinc,payables,payoutratio,pb,pe,pe1,ppnenet,prefdivis,price,ps,ps1,receivables,retearn,revenue,revenueusd,rnd,roa,roe,roic,ros,sbcomp,sgna,sharefactor,sharesbas,shareswa,shareswadil,sps,tangibles,taxassets,taxexp,taxliabilities,tbvps,workingcapital
CSS,MRY,2011-12-31,2011-03-31,2011-03-31,2018-02-07,-7000,286923000,332305250,192314000,94609000,1.155,24.22,-2893000,48577000,48577000,269082000,5611000,4.136,0.218,66000,66000,0,66000,0,9358000,0,0.032,0.6,16606000,25964000,0.068,25964000,16606000,15258000,0.58,0.58,0.58,235659000,235668500,235659000,218925684,13,8.432,27805000,2.866,1.0,114578000,0.299,48641000,1348000,143271000,207254250,69093000,0,0,0,51264000,46500000,4764000,183474684,21731000,0,743000,-481000,-5823000,-5583000,-3384000,0,30698000,0,5611000,5611000,5611000,11583000,0,0.015,86389000,28189000,24814000,1.034,0.779,32.699,32.5,32345000,0,18.85,0.478,0.477,42411000,320024000,383660000,383660000,0,0.017,0.024,0.08,0.043,1938000,86198000,1.0,9733405,9703000,9715000,39.54,238282000,12905000,9647000,309000,24.489,145814000
CSS,MRY,2012-12-31,2012-03-31,2012-03-31,2018-02-07,-25000,286564000,309874250,202051000,84513000,1.241,25.039,-3532000,66135000,66135000,273213000,15670000,5.213,0.178,4604000,0,4604000,4604000,0,7880000,0,0.031,0.6,24881000,32761000,0.085,32761000,24881000,24686000,1.61,1.61,1.61,243203000,240639000,243203000,183351598,7,5.597,22264000,2.289,1.0,111450000,0.29,46922000,195000,139354000,193067750,71671000,0,0,0,43361000,38757000,4604000,189284598,17558000,0,-1283000,-66000,-5837000,-7272000,-966000,0,25796000,0,15670000,15670000,15670000,559000,0,0.041,86010000,25440000,17273000,0.373,0.778,12.079,12.087,29582000,0,19.46,0.492,0.492,45026000,328921000,384663000,384663000,0,0.051,0.065,0.129,0.065,1683000,85698000,1.0,9726855,9728000,9732000,39.542,239642000,4779000,9016000,220000,24.672,163294000
CSS,MRY,2013-12-31,2013-03-31,2013-03-31,2018-02-07,-40000,289180000,300615000,210434000,78746000,1.211,26.302,-4494000,87108000,87108000,255102000,15227000,5.948,0.161,4825000,0,4825000,4825000,0,7594000,0,0.023,0.6,22225000,29819000,0.082,29819000,22225000,22276000,1.59,1.59,1.59,248978000,246171000,248978000,197534625,8,6.624,25369000,2.653,1.0,109091000,0.3,42526000,-51000,128994000,165139000,62598000,0,0,0,40202000,35377000,4825000,245861625,20973000,1758000,-4672000,0,-5731000,-10671000,1781000,0,29863000,0,15227000,15227000,15227000,361000,0,0.042,86505000,22586000,13200000,0.377,0.987,16.146,16.333,27956000,0,25.97,0.675,0.682,43133000,338464000,364193000,364193000,0,0.051,0.062,0.135,0.061,1783000,80619000,1.0,9467140,9562000,9568000,38.088,246654000,8494000,7049000,1214000,26.057,175057000
CSS,MRY,2014-12-31,2014-03-31,2014-03-31,2018-02-07,-19000,293535000,301194500,219444000,74091000,1.064,27.67,-5024000,68200000,68200000,217303000,18769000,6.937,0.141,4684000,0,4684000,4684000,0,7543000,0,0.022,0.6,28096000,35639000,0.111,35639000,28096000,27905000,2.0,1.99,2.0,257216000,253219500,257216000,187223626,6,5.253,22806000,2.429,1.0,103156000,0.322,40831000,191000,157553000,161004000,59252000,29862000,29862000,0,36319000,31635000,4684000,250960626,-18908000,0,-6585000,0,-5637000,-12360000,-34378000,-29862000,27830000,0,18769000,18769000,18769000,-205000,0,0.059,75265000,27891000,10664000,0.3,0.976,13.371,13.5,27063000,0,27.0,0.783,0.791,44243000,347469000,320459000,320459000,0,0.062,0.074,0.175,0.088,1843000,75204000,1.0,9294838,9389000,9436000,34.131,252704000,6379000,9136000,217000,27.184,187809000
CSS,MRY,2015-12-31,2015-03-31,2015-03-31,2018-02-07,-91000,309473000,311815250,225052000,84421000,1.004,28.932,-3924000,36429000,36429000,211342000,16954000,6.429,0.145,4213000,0,4213000,4213000,0,7878000,0,0.021,0.63,26648000,34526000,0.11,34526000,26648000,26641000,1.82,1.8,1.82,270255000,265423750,270255000,238280641,8,6.901,29067000,3.117,1.0,101702000,0.325,48868000,7000,193384000,191099000,65491000,69845000,69845000,0,39218000,35005000,4213000,281671641,-31771000,-15146000,46000,0,-5878000,-5969000,-58793000,-39749000,32991000,0,16954000,16954000,16954000,0,0,0.054,75054000,26648000,12917000,0.346,1.042,16.614,16.566,25493000,0,30.15,0.9,0.898,42052000,356467000,313044000,313044000,0,0.054,0.064,0.139,0.085,2038000,75062000,1.0,9342343,9326000,9410000,33.567,260605000,4957000,9687000,745000,27.899,190047000
CSS,MRY,2016-12-31,2016-03-31,2016-03-31,2018-02-07,-62000,309926000,313650250,210691000,99235000,1.011,29.956,-6411000,19927000,19927000,214746000,17236000,6.233,0.142,0,0,0,0,0,8308000,0,0.026,0.74,26529000,34837000,0.11,34837000,26529000,26641000,1.88,1.87,1.88,271490000,268571750,271490000,232748232,8,6.681,8712000,0.952,1.0,102271000,0.323,62157000,-112000,194037000,197308000,73022000,59806000,59806000,0,38436000,33805000,4631000,253502232,-16502000,-19545000,-10504000,0,-6764000,-17567000,-14058000,10368000,15123000,0,17236000,17236000,17236000,0,0,0.054,75742000,26529000,14463000,0.394,0.934,14.708,14.856,27053000,0,27.93,0.8,0.806,45144000,364030000,317017000,317017000,0,0.055,0.064,0.134,0.084,1654000,76047000,1.0,9076342,9147000,9239000,34.658,247769000,3193000,9405000,0,27.339,176886000
CSS,MRY,2017-12-31,2017-03-31,2017-03-31,2018-02-07,-63000,339194000,332201250,232489000,106705000,0.971,32.374,-4957000,47693000,47693000,229342000,28504000,6.39,0.153,676000,220000,456000,676000,0,8477000,0,0.031,0.8,29716000,38193000,0.118,38193000,29716000,29687000,3.14,3.13,3.14,294154000,283258000,294154000,206200948,6,5.399,9914000,1.093,1.0,93089000,0.289,63795000,29000,191999000,199008000,105258000,19931000,19931000,0,45040000,36383000,8657000,235528948,27766000,-15039000,123000,-65000,-7273000,-7456000,20287000,40072000,14871000,64000,28504000,28504000,28504000,0,0,0.088,83363000,9726000,14223000,0.255,0.801,8.263,8.255,35764000,0,25.92,0.73,0.729,48814000,382807000,322431000,322431000,0,0.086,0.101,0.149,0.092,1653000,83375000,1.0,9086765,9074000,9115000,35.534,275399000,0,1183000,4855000,30.31,196106000
