ticker,dimension,calendardate,datekey,reportperiod,lastupdated,accoci,assets,assetsavg,assetsc,assetsnc,assetturnover,bvps,capex,cashneq,cashnequsd,cor,consolinc,currentratio,de,debt,debtc,debtnc,debtusd,deferredrev,depamor,deposits,divyield,dps,ebit,ebitda,ebitdamargin,ebitdausd,ebitusd,ebt,eps,epsdil,epsusd,equity,equityavg,equityusd,ev,evebit,evebitda,fcf,fcfps,fxusd,gp,grossmargin,intangibles,intexp,invcap,invcapavg,inventory,investments,investmentsc,investmentsnc,liabilities,liabilitiesc,liabilitiesnc,marketcap,ncf,ncfbus,ncfcommon,ncfdebt,ncfdiv,ncff,ncfi,ncfinv,ncfo,ncfx,netinc,netinccmn,netinccmnusd,netincdis,netincnci,netmargin,opex,opinc,payables,payoutratio,pb,pe,pe1,ppnenet,prefdivis,price,ps,ps1,receivables,retearn,revenue,revenueusd,rnd,roa,roe,roic,ros,sbcomp,sgna,sharefactor,sharesbas,shareswa,shareswadil,sps,tangibles,taxassets,taxexp,taxliabilities,tbvps,workingcapital
CY,MRY,2011-12-31,2012-01-01,2012-01-01,2018-04-30,-1940000,810090000,940680250,405650000,404440000,1.058,2.598,-74232000,99717000,99717000,448602000,166957000,1.243,1.03,0,0,0,0,150568000,53503000,0,0.011,0.18,156460000,209963000,0.211,209963000,156460000,156460000,1.02,0.9,1.02,400267000,510076250,400267000,2551434239,16,12.152,209576000,1.274,1.0,546602000,0.549,40462000,0,343451000,388734500,92304000,66613000,66613000,0,412248000,326460000,85788000,2615694239,-163466000,34025000,-352948000,42364000,-29048000,-516374000,69100000,106122000,283808000,0,167839000,167839000,167839000,0,-882000,0.169,427174000,119428000,52868000,0.176,6.535,15.585,16.559,284979000,0,16.89,2.628,2.792,103524000,-326163000,995204000,995204000,189970000,0.178,0.329,0.402,0.157,100781000,227976000,1.0,154866444,164495000,186895000,6.05,769628000,0,-11379000,43239000,4.996,79190000
CY,MRY,2012-12-31,2012-12-30,2012-12-30,2018-04-30,-444000,831629000,838450250,368808000,462821000,0.918,1.26,-32950000,63203000,63203000,376887000,-25058000,1.058,3.62,232000000,0,232000000,232000000,131192000,50846000,0,0.05,0.53,-21120000,29726000,0.039,29726000,-21120000,-21120000,-0.16,-0.16,-0.16,180900000,256940000,180900000,1536790081,-72,51.699,102047000,0.684,1.0,392800000,0.51,113410000,0,538268000,480609750,127596000,54007000,54007000,0,654768000,348748000,306020000,1501119081,-36514000,-100889000,-185392000,215128000,-63227000,-58475000,-113036000,19814000,134997000,0,-23444000,-23444000,-23444000,0,-1614000,-0.03,410110000,-17310000,58704000,-3.313,8.298,-64.03,-65.625,274427000,0,10.5,1.95,2.036,82920000,-348533000,769687000,769687000,189897000,-0.028,-0.091,-0.044,-0.027,74332000,211959000,1.0,142963722,149266000,149266000,5.156,718219000,0,2324000,47454000,5.001,20060000
CY,MRY,2013-12-31,2013-12-29,2013-12-29,2018-04-30,-177000,762884000,801148000,319713000,443171000,0.902,1.189,-29966000,86009000,86009000,384121000,-50087000,1.045,3.259,227000000,0,227000000,227000000,122578000,48393000,0,0.043,0.44,-47891000,502000,0.001,502000,-47891000,-56003000,-0.32,-0.32,-0.32,180157000,171922500,180157000,1705283961,-35,3396.98,37602000,0.253,1.0,338572000,0.468,106524000,8112000,491509000,501703500,100612000,18453000,18453000,0,587201000,305842000,281359000,1554833961,22806000,0,38681000,-17020000,-64819000,-45023000,261000,31474000,67568000,0,-48242000,-48242000,-48242000,0,-1845000,-0.067,396767000,-58195000,47893000,-1.375,8.63,-32.23,-32.156,258585000,0,10.29,2.151,2.115,81084000,-397849000,722693000,722693000,190906000,-0.06,-0.281,-0.095,-0.066,73020000,182671000,1.0,151101454,148558000,148558000,4.865,656360000,0,-7761000,29865000,4.33,13871000
CY,MRY,2014-12-31,2014-12-28,2014-12-28,2018-04-30,-46000,743281000,771890750,312311000,430970000,0.94,1.272,-20947000,103736000,103736000,361820000,16518000,1.136,2.606,243250000,6143000,237107000,243250000,75569000,46734000,0,0.03,0.44,22526000,69260000,0.095,69260000,22526000,16763000,0.11,0.11,0.11,207757000,194765750,207757000,2475998216,109,35.749,82389000,0.518,1.0,363677000,0.501,99614000,5763000,508349000,484459750,88227000,15076000,15076000,0,541416000,274832000,266584000,2354082216,17727000,3240000,31755000,-6278000,-69248000,-43453000,-42156000,-25269000,103336000,0,17936000,17936000,17936000,0,-1418000,0.025,340804000,22873000,42678000,4.0,11.331,131.249,132.727,237763000,0,14.6,3.245,3.2,75984000,-379913000,725497000,725497000,164560000,0.023,0.092,0.046,0.031,50170000,170741000,1.0,161238508,159031000,169122000,4.562,643667000,0,-1173000,21494000,3.941,37479000
CY,MRY,2015-12-31,2016-01-03,2016-01-03,2018-04-30,-227000,4004261000,4099735000,850772000,3153489000,0.392,7.989,-47206000,226690000,226690000,1204196000,-367563000,1.61,0.475,688265000,14606000,673659000,688265000,68964000,241584000,0,0.045,0.44,-331976000,-90392000,-0.056,-90392000,-331976000,-348332000,-1.21,-1.21,-1.21,2720848000,2826288500,2720848000,3672749755,-11,-40.631,-38405000,-0.127,1.0,403657000,0.251,2528077000,16356000,1409363000,1335062000,243595000,41330000,0,41330000,1291576000,528396000,763180000,3274800755,122954000,-16495000,-2161000,309808000,-127995000,193240000,-79087000,-18272000,8801000,0,-365292000,-365292000,-365292000,0,-2271000,-0.227,793459000,-389802000,143383000,-0.364,1.204,-8.965,-8.107,425003000,0,9.81,2.037,1.843,292736000,-758780000,1607853000,1607853000,274813000,-0.089,-0.129,-0.249,-0.206,83690000,320227000,1.0,333822707,302036000,302036000,5.323,1476184000,0,16960000,51737000,4.335,322376000
CY,MRY,2016-12-31,2017-01-01,2017-01-01,2018-04-30,-8811000,3871871000,3732977500,893943000,2977928000,0.515,5.844,-57398000,120172000,120172000,1235540000,-683877000,1.273,1.046,1225131000,30152000,1194979000,1225131000,0,265922000,0,0.038,0.44,-625426000,-359504000,-0.187,-359504000,-625426000,-680618000,-2.14,-2.14,-2.14,1891828000,2066357250,1891828000,4827085254,-7,-13.427,160021000,0.501,1.0,687568000,0.358,2344033000,55192000,1930340000,1749059750,287776000,188687000,0,188687000,1979119000,702457000,1276662000,3691685254,-106518000,-532373000,-131844000,598814000,-141410000,289502000,-613439000,-21447000,217419000,0,-683234000,-683234000,-683234000,0,-643000,-0.355,1409080000,-721512000,241424000,-0.206,1.951,-5.403,-5.346,297266000,0,11.44,1.92,1.901,333037000,-1428441000,1923108000,1923108000,331175000,-0.183,-0.331,-0.358,-0.325,98513000,317362000,1.0,322699760,319522000,319522000,6.019,1527838000,0,2616000,44934000,4.719,191486000
CY,MRY,2017-12-31,2017-12-31,2017-12-31,2018-04-30,-1362000,3537050000,3697152250,823351000,2713699000,0.63,5.274,-51944000,151596000,151596000,1370309000,-80783000,1.219,0.947,983816000,27303000,956513000,983816000,0,264905000,0,0.029,0.44,10457000,275362000,0.118,275362000,10457000,-69758000,-0.24,-0.24,-0.24,1816536000,1841504750,1816536000,6084666003,581,22.097,351543000,1.054,1.0,957462000,0.411,2154592000,80215000,1539181000,1806124250,272127000,122514000,0,122514000,1719458000,675497000,1043961000,5085051003,31424000,45500000,47153000,-247563000,-144749000,-357634000,-14429000,-9285000,403487000,0,-80915000,-80915000,-80915000,0,132000,-0.035,879369000,78093000,213101000,-1.833,2.799,-62.844,-63.5,289554000,0,15.24,2.185,2.183,295991000,-1511706000,2327771000,2327771000,357016000,-0.022,-0.044,0.006,0.004,91581000,303651000,1.0,333664764,333451000,333451000,6.981,1382458000,0,11157000,52006000,4.014,147854000
