ticker,dimension,calendardate,datekey,reportperiod,lastupdated,accoci,assets,assetsavg,assetsc,assetsnc,assetturnover,bvps,capex,cashneq,cashnequsd,cor,consolinc,currentratio,de,debt,debtc,debtnc,debtusd,deferredrev,depamor,deposits,divyield,dps,ebit,ebitda,ebitdamargin,ebitdausd,ebitusd,ebt,eps,epsdil,epsusd,equity,equityavg,equityusd,ev,evebit,evebitda,fcf,fcfps,fxusd,gp,grossmargin,intangibles,intexp,invcap,invcapavg,inventory,investments,investmentsc,investmentsnc,liabilities,liabilitiesc,liabilitiesnc,marketcap,ncf,ncfbus,ncfcommon,ncfdebt,ncfdiv,ncff,ncfi,ncfinv,ncfo,ncfx,netinc,netinccmn,netinccmnusd,netincdis,netincnci,netmargin,opex,opinc,payables,payoutratio,pb,pe,pe1,ppnenet,prefdivis,price,ps,ps1,receivables,retearn,revenue,revenueusd,rnd,roa,roe,roic,ros,sbcomp,sgna,sharefactor,sharesbas,shareswa,shareswadil,sps,tangibles,taxassets,taxexp,taxliabilities,tbvps,workingcapital
CZWI,MRY,2011-12-31,2011-09-30,2011-09-30,2018-05-14,-2318000,536557000,562649250,,,0.031,10.323,-577000,41306000,41306000,0,193000,,9.145,30400000,,,30400000,0,1432000,448973000,0.0,0.0,330000,1762000,0.1,1762000,330000,330000,0.04,0.04,0.04,52888000,52542750,52888000,13851070,41,7.861,9431000,1.841,1.0,17604000,1.0,483000,0,525168000,546443000,0,476973000,,,483669000,,,25617070,-40675000,0,0,-33800000,0,-61129000,10446000,9561000,10008000,0,193000,193000,193000,0,0,0.011,17274000,330000,0,0.0,0.484,132.731,125.0,6696000,0,5.0,1.455,1.455,0,1323000,17604000,17604000,0,0.0,0.004,0.001,0.019,10000,14669000,1.0,5123414,5123414,,3.436,536074000,0,137000,0,104.632,
CZWI,MRY,2012-12-31,2012-09-30,2012-09-30,2018-05-14,-352000,530183000,530783750,,,0.033,10.73,-8000,23259000,23259000,0,206000,,8.622,49250000,,,49250000,0,1252000,422058000,0.0,0.0,367000,1619000,0.091,1619000,367000,367000,0.04,0.04,0.04,55103000,53767750,55103000,57594745,156,35.574,9070000,1.766,1.0,17726000,1.0,274000,0,555900000,547491750,0,492955000,,,475080000,,,30299745,-8504000,0,0,18850000,0,-8065000,-9517000,-11576000,9078000,0,206000,206000,206000,0,0,0.012,17359000,367000,0,0.0,0.55,147.086,147.5,5530000,0,5.9,1.709,1.709,0,1529000,17726000,17726000,0,0.0,0.004,0.001,0.021,43000,15022000,1.0,5135550,5135550,,3.452,529909000,0,161000,0,103.184,
CZWI,MRY,2013-12-31,2013-09-30,2013-09-30,2018-05-14,-2286000,554521000,545858750,,,0.035,10.511,-549000,19589000,19589000,0,1047000,,9.234,50000000,,,50000000,0,1135000,447398000,0.003,0.02,1682000,2817000,0.147,2817000,1682000,1682000,0.2,0.2,0.2,54185000,54586250,54185000,60448959,35,21.459,6194000,1.202,1.0,19171000,1.0,218000,0,584714000,569313250,0,517678000,,,500336000,,,37372959,-5658000,0,0,750000,-103000,25983000,-38384000,-37388000,6743000,0,1047000,1047000,1047000,0,0,0.055,17489000,1682000,0,0.1,0.69,35.695,36.25,4835000,0,7.25,1.949,1.949,0,2473000,19171000,19171000,0,0.002,0.019,0.003,0.088,76000,15381000,1.0,5154891,5154891,,3.719,554303000,0,635000,0,107.53,
CZWI,MRY,2014-12-31,2014-09-30,2014-09-30,2018-05-14,-842000,569815000,559357000,,,0.038,11.088,-326000,11679000,11679000,0,1783000,,8.946,58891000,,,58891000,0,1173000,449767000,0.005,0.04,2830000,4003000,0.188,4003000,2830000,2830000,0.35,0.34,0.35,57293000,55840500,57293000,101032489,35,25.239,7510000,1.453,1.0,21264000,1.0,161000,0,616866000,604321000,0,540349000,,,512522000,,,45728489,-6167000,0,0,8891000,-207000,11031000,-25034000,-24050000,7836000,0,1783000,1783000,1783000,0,0,0.084,18434000,2830000,0,0.114,0.798,25.647,25.286,3725000,0,8.85,2.151,2.151,0,4049000,21264000,21264000,0,0.003,0.032,0.005,0.133,109000,15870000,1.0,5167061,5167061,,4.115,569654000,0,1047000,0,110.247,
CZWI,MRY,2015-12-31,2015-09-30,2015-09-30,2018-05-14,-214000,580148000,571760500,,,0.038,11.744,-331000,26864000,26864000,0,2806000,,8.441,58891000,,,58891000,0,1439000,456298000,0.009,0.08,4420000,5859000,0.268,5859000,4420000,4420000,0.54,0.54,0.54,61453000,59620750,61453000,71181998,16,12.149,5446000,1.041,1.0,21823000,1.0,104000,0,612071000,597525000,0,536573000,,,518695000,,,46255998,12438000,0,299000,0,-418000,6376000,285000,-707000,5777000,0,2806000,2806000,2806000,0,0,0.129,17403000,4420000,0,0.148,0.753,16.485,16.37,2669000,0,8.84,2.12,2.12,0,7163000,21823000,21823000,0,0.005,0.047,0.007,0.203,155000,15780000,1.0,5232579,5232579,,4.171,580044000,0,1614000,0,110.852,
CZWI,MRY,2016-12-31,2016-09-30,2016-09-30,2018-05-14,614000,695865000,650611000,,,0.037,12.289,-961000,10791000,10791000,0,2573000,,9.781,70291000,,,70291000,0,1182000,557677000,0.011,0.12,3859000,5041000,0.211,5041000,3859000,3859000,0.49,0.49,0.49,64544000,62861500,64544000,106501337,27,21.127,4737000,0.902,1.0,23917000,1.0,5535000,0,749830000,693824000,0,660197000,,,631321000,,,58717337,-13826000,20658000,290000,8400000,-629000,-68796000,49272000,28314000,5698000,0,2573000,2573000,2573000,0,0,0.108,20058000,3859000,0,0.245,0.91,22.821,22.816,5338000,0,11.18,2.455,2.455,0,9107000,23917000,23917000,0,0.004,0.041,0.006,0.161,79000,17788000,1.0,5251998,5251998,,4.554,690330000,0,1286000,0,131.441,
CZWI,MRY,2017-12-31,2017-09-30,2017-09-30,2018-05-14,-267000,940664000,740293000,,,0.036,13.926,-588000,49825000,49825000,0,2499000,,11.801,120319000,,,120319000,0,1083000,742504000,0.011,0.16,3822000,4905000,0.184,4905000,3822000,3822000,0.47,0.46,0.47,73483000,66924750,73483000,117766299,30,24.009,3333000,0.632,1.0,26700000,1.0,17779000,0,993379000,788969750,0,838015000,,,867181000,,,73610299,31631000,-18968000,98000,50028000,-842000,15925000,11785000,33730000,3921000,0,2499000,2499000,2499000,0,0,0.094,22878000,3822000,0,0.34,1.002,29.456,29.681,9645000,0,13.95,2.757,2.757,0,10764000,26700000,26700000,0,0.003,0.037,0.005,0.143,114000,19657000,1.0,5276724,5276724,,5.06,922885000,0,1323000,0,174.897,
