ticker,dimension,calendardate,datekey,reportperiod,lastupdated,accoci,assets,assetsavg,assetsc,assetsnc,assetturnover,bvps,capex,cashneq,cashnequsd,cor,consolinc,currentratio,de,debt,debtc,debtnc,debtusd,deferredrev,depamor,deposits,divyield,dps,ebit,ebitda,ebitdamargin,ebitdausd,ebitusd,ebt,eps,epsdil,epsusd,equity,equityavg,equityusd,ev,evebit,evebitda,fcf,fcfps,fxusd,gp,grossmargin,intangibles,intexp,invcap,invcapavg,inventory,investments,investmentsc,investmentsnc,liabilities,liabilitiesc,liabilitiesnc,marketcap,ncf,ncfbus,ncfcommon,ncfdebt,ncfdiv,ncff,ncfi,ncfinv,ncfo,ncfx,netinc,netinccmn,netinccmnusd,netincdis,netincnci,netmargin,opex,opinc,payables,payoutratio,pb,pe,pe1,ppnenet,prefdivis,price,ps,ps1,receivables,retearn,revenue,revenueusd,rnd,roa,roe,roic,ros,sbcomp,sgna,sharefactor,sharesbas,shareswa,shareswadil,sps,tangibles,taxassets,taxexp,taxliabilities,tbvps,workingcapital
DAKT,MRY,2011-12-31,2011-04-30,2011-04-30,2018-03-02,1000,327847000,317010500,237822000,90025000,1.393,4.875,-9148000,55854000,55854000,330192000,14244000,2.169,0.614,4599000,2589000,2010000,4599000,33613000,19641000,11288000,0.056,0.6,22325000,41966000,0.095,41966000,22325000,22141000,0.34,0.34,0.34,203102000,201053000,203102000,387392440,17,9.231,32198000,0.777,1.0,111484000,0.252,6421000,184000,160509000,145829000,46889000,22943000,22943000,0,124745000,109662000,15083000,445518440,-9295000,0,1352000,2290000,-24795000,-21032000,-29886000,-23035000,41346000,277000,14244000,14244000,14244000,0,0,0.032,91957000,19527000,29223000,1.765,2.194,31.278,31.529,69866000,0,10.72,1.009,1.005,104872000,149291000,441676000,441676000,18949000,0.045,0.071,0.153,0.051,3249000,73008000,1.0,41559556,41422000,42277000,10.663,321426000,14690000,7897000,1292000,7.715,128160000
DAKT,MRY,2012-12-31,2012-04-28,2012-04-28,2018-03-02,33000,315967000,322459250,229006000,86961000,1.518,4.538,-16293000,30592000,30592000,376089000,8489000,2.098,0.656,2827000,1818000,1009000,2827000,28497000,17518000,12826000,0.073,0.62,11912000,29430000,0.06,29430000,11912000,11577000,0.2,0.2,0.2,190805000,198347250,190805000,328569142,27,11.164,3745000,0.089,1.0,113437000,0.232,5913000,335000,173116000,165188250,54924000,25258000,25258000,0,125162000,109173000,15989000,354411142,-24885000,0,547000,-929000,-25950000,-26284000,-18753000,-2460000,20038000,114000,8489000,8489000,8489000,0,0,0.017,103162000,10275000,33906000,3.1,1.857,41.749,42.3,68396000,0,8.46,0.724,0.724,108395000,131830000,489526000,489526000,23507000,0.026,0.043,0.072,0.024,3214000,79655000,1.0,41892570,41869000,42304000,11.692,310054000,16961000,3088000,2160000,7.375,119833000
DAKT,MRY,2013-12-31,2013-04-27,2013-04-27,2018-03-02,-118000,319418000,325378750,240148000,79270000,1.593,4.429,-9476000,40676000,40676000,384428000,22779000,2.094,0.697,1199000,356000,843000,1199000,27781000,15607000,12375000,0.076,0.73,31284000,46891000,0.09,46891000,31284000,30929000,0.54,0.53,0.54,188246000,193715250,188246000,382041449,12,8.147,41273000,0.976,1.0,133894000,0.258,5259000,355000,159990000,167809500,49045000,24052000,24052000,0,131172000,114692000,16480000,405397449,11205000,0,1316000,-1459000,-30859000,-31002000,-8531000,945000,50749000,-11000,22779000,22779000,22779000,0,0,0.044,103294000,30600000,38651000,1.352,2.154,17.797,17.722,61625000,0,9.57,0.782,0.781,118714000,123750000,518322000,518322000,23131000,0.07,0.118,0.186,0.06,3037000,80163000,1.0,42361280,42280000,42621000,12.259,314159000,13862000,8150000,1689000,7.392,125456000
DAKT,MRY,2014-12-31,2014-04-26,2014-04-26,2018-03-02,4000,357451000,345985750,274240000,83211000,1.595,4.699,-13281000,45568000,45568000,410260000,22206000,2.051,0.76,3680000,809000,2871000,3680000,35183000,14501000,17654000,0.03,0.39,37496000,51997000,0.094,51997000,37496000,37241000,0.52,0.51,0.52,203119000,199800000,203119000,510970575,13,9.827,22918000,0.534,1.0,141710000,0.257,7238000,255000,174617000,172592250,62228000,26224000,25398000,826000,154332000,133708000,20624000,563165575,4426000,-1480000,4954000,-3704000,-16690000,-15321000,-16358000,-1597000,36199000,-94000,22206000,22206000,22206000,0,0,0.04,105153000,36557000,45913000,0.75,2.773,25.361,25.115,65270000,0,13.06,1.02,1.015,129012000,129266000,551970000,551970000,23375000,0.064,0.111,0.217,0.068,2778000,81778000,1.0,43121407,42886000,43762000,12.871,350213000,15153000,15035000,1190000,8.102,140532000
DAKT,MRY,2015-12-31,2015-05-02,2015-05-02,2018-03-02,-2376000,379479000,374453000,290070000,89409000,1.645,4.846,-17800000,57780000,57780000,471363000,20882000,2.042,0.79,3777000,587000,3190000,3777000,37235000,15136000,16828000,0.037,0.4,31906000,47042000,0.076,47042000,31906000,31683000,0.48,0.47,0.48,212039000,211525500,212039000,430277843,13,9.147,35713000,0.821,1.0,144579000,0.235,7093000,223000,176363000,176712750,64389000,28026000,25346000,2680000,167440000,142020000,25420000,468937843,12230000,-6306000,2513000,-1244000,-17377000,-16415000,-24227000,-121000,53513000,-641000,20882000,20882000,20882000,0,0,0.034,113294000,31285000,52747000,0.833,2.212,22.457,22.396,72844000,0,10.75,0.761,0.759,125799000,132771000,615942000,615942000,24652000,0.056,0.099,0.181,0.052,3038000,88642000,1.0,43622125,43514000,44443000,14.155,372386000,16885000,10801000,4309000,8.511,148050000
DAKT,MRY,2016-12-31,2016-04-30,2016-04-30,2018-03-02,-2898000,349948000,357424750,245231000,104717000,1.595,4.553,-16904000,28526000,28526000,449149000,2061000,2.018,0.74,585000,585000,0,585000,26676000,16943000,16012000,0.046,0.4,3354000,20297000,0.036,20297000,3354000,3126000,0.05,0.05,0.05,201067000,207651500,201067000,353651070,105,17.424,-3323000,-0.076,1.0,121019000,0.212,15837000,228000,184653000,196153500,69827000,27086000,24672000,2414000,148881000,121517000,27364000,382610070,-28956000,-7867000,610000,-505000,-17556000,-17754000,-23818000,953000,13581000,-965000,2061000,2061000,2061000,0,0,0.004,118524000,2495000,43441000,8.0,1.903,185.643,174.0,73163000,0,8.7,0.671,0.671,114792000,117276000,570168000,570168000,26911000,0.006,0.01,0.017,0.006,2958000,91613000,1.0,43978169,43990000,44456000,12.961,334111000,14249000,1065000,4080000,7.566,123714000
DAKT,MRY,2017-12-31,2017-04-29,2017-04-29,2018-03-02,-4381000,355433000,356939250,257725000,97708000,1.643,4.482,-8303000,32839000,32839000,446124000,10342000,1.973,0.793,1409000,1409000,0,1409000,28468000,18562000,14498000,0.033,0.31,15818000,34380000,0.059,34380000,15818000,15588000,0.23,0.23,0.23,198286000,201098250,198286000,372848145,23,10.845,31086000,0.705,1.0,140415000,0.239,12517000,230000,180891000,183130000,66486000,37247000,32713000,4534000,157147000,130595000,26552000,416879145,4295000,-1646000,-1482000,-929000,-13651000,-16323000,-18180000,-8231000,39389000,-591000,10342000,10342000,10342000,0,0,0.018,124994000,15421000,51499000,1.348,2.102,40.309,41.13,66749000,0,9.46,0.711,0.711,120139000,113967000,586539000,586539000,29081000,0.029,0.051,0.086,0.027,2914000,95913000,1.0,44067563,44114000,44303000,13.296,342916000,11903000,5246000,5493000,7.751,127130000
