ticker,dimension,calendardate,datekey,reportperiod,lastupdated,accoci,assets,assetsavg,assetsc,assetsnc,assetturnover,bvps,capex,cashneq,cashnequsd,cor,consolinc,currentratio,de,debt,debtc,debtnc,debtusd,deferredrev,depamor,deposits,divyield,dps,ebit,ebitda,ebitdamargin,ebitdausd,ebitusd,ebt,eps,epsdil,epsusd,equity,equityavg,equityusd,ev,evebit,evebitda,fcf,fcfps,fxusd,gp,grossmargin,intangibles,intexp,invcap,invcapavg,inventory,investments,investmentsc,investmentsnc,liabilities,liabilitiesc,liabilitiesnc,marketcap,ncf,ncfbus,ncfcommon,ncfdebt,ncfdiv,ncff,ncfi,ncfinv,ncfo,ncfx,netinc,netinccmn,netinccmnusd,netincdis,netincnci,netmargin,opex,opinc,payables,payoutratio,pb,pe,pe1,ppnenet,prefdivis,price,ps,ps1,receivables,retearn,revenue,revenueusd,rnd,roa,roe,roic,ros,sbcomp,sgna,sharefactor,sharesbas,shareswa,shareswadil,sps,tangibles,taxassets,taxexp,taxliabilities,tbvps,workingcapital
DENN,MRY,2011-12-31,2011-12-28,2011-12-28,2018-05-07,-24813000,350501000,303641750,61293000,289208000,1.774,-0.101,-7491000,13740000,13740000,402127000,112287000,0.703,-37.224,218305000,6971000,211334000,218305000,0,27979000,0,0.0,0.0,48367000,76346000,0.142,76346000,48367000,28327000,1.15,1.13,1.15,-9676000,-76733750,-9676000,584587632,12,7.657,52018000,0.533,1.0,136407000,0.253,81685000,20040000,386186000,356590000,3438000,0,0,0,360177000,87195000,272982000,368105632,-15334000,0,-16719000,-46460000,0,-67146000,-7697000,1347000,59509000,0,112287000,112287000,112287000,0,0,0.209,85433000,50974000,25935000,0.0,-38.043,3.278,3.322,112772000,0,3.82,0.684,0.693,14971000,-517827000,538534000,538534000,0,0.37,-1.463,0.136,0.09,4219000,55352000,1.0,96362731,97646000,99588000,5.515,268816000,76155000,-83960000,0,2.795,-25902000
DENN,MRY,2012-12-31,2012-12-26,2012-12-26,2018-05-07,-24999000,324885000,328965250,64610000,260275000,1.485,-0.048,1391000,13565000,13565000,348881000,22309000,0.704,-73.844,190134000,12681000,177453000,190134000,0,22304000,0,0.0,0.0,48463000,70767000,0.145,70767000,48463000,35094000,0.23,0.23,0.23,-4460000,-2328500,-4460000,623296655,12,8.808,60595000,0.638,1.0,139482000,0.286,80350000,13369000,329280000,346806000,2890000,0,0,0,329345000,91824000,237521000,450910655,-175000,-1422000,-19438000,-34217000,0,-55878000,-3501000,-3470000,59204000,0,22309000,22309000,22309000,0,0,0.046,83093000,56389000,24461000,0.0,-101.101,20.212,20.913,107004000,0,4.81,0.923,0.935,19947000,-495518000,488363000,488363000,0,0.068,-9.581,0.14,0.099,3496000,60307000,1.0,93744419,94949000,96754000,5.143,244535000,65583000,12785000,0,2.619,-27214000
DENN,MRY,2013-12-31,2013-12-25,2013-12-25,2018-05-07,-16842000,295777000,302094250,53826000,241951000,1.531,0.094,-15236000,2943000,2943000,329665000,24572000,0.727,34.082,173073000,7150000,165923000,173073000,0,21501000,0,0.0,0.0,46382000,67883000,0.147,67883000,46382000,36100000,0.27,0.26,0.27,8431000,3273750,8431000,829363337,17,12.218,41806000,0.46,1.0,132928000,0.287,79376000,10282000,312446000,319373000,2881000,0,0,0,287346000,74085000,213261000,660357337,-10622000,-3980000,-22084000,-26187000,0,-51194000,-16470000,2746000,57042000,0,24572000,24572000,24572000,0,0,0.053,85407000,47521000,14237000,0.0,78.325,26.874,27.407,105620000,0,7.4,1.428,1.453,17321000,-470946000,462593000,462593000,0,0.081,7.506,0.145,0.1,4852000,56835000,1.0,89237478,90829000,92903000,5.093,216401000,51554000,11528000,0,2.424,-20259000
DENN,MRY,2014-12-31,2014-12-31,2014-12-31,2018-05-07,-24602000,289858000,286515500,56071000,233787000,1.648,0.019,-22012000,3074000,3074000,333569000,32725000,0.697,182.107,158813000,7734000,151079000,158813000,0,21218000,0,0.0,0.0,57943000,79161000,0.168,79161000,57943000,48761000,0.38,0.37,0.38,1583000,2434500,1583000,1043809864,18,13.186,52562000,0.609,1.0,138726000,0.294,77729000,9182000,287452000,304840750,2952000,0,0,0,288275000,80416000,207859000,873535864,131000,0,-33889000,-18846000,0,-53154000,-21289000,723000,74574000,0,32725000,32725000,32725000,0,0,0.069,81395000,57331000,13250000,0.0,551.823,26.693,27.132,109777000,0,10.31,1.85,1.884,18059000,-438221000,472295000,472295000,0,0.114,13.442,0.19,0.123,5846000,58907000,1.0,84727048,86323000,88355000,5.471,212129000,43562000,16036000,0,2.506,-24345000
DENN,MRY,2015-12-31,2015-12-30,2015-12-30,2018-05-07,-23777000,297037000,288230500,36414000,260623000,1.705,-0.77,-26882000,1671000,1671000,337702000,35976000,0.359,-5.902,215745000,3246000,212499000,215745000,0,21472000,0,0.0,0.0,63012000,84484000,0.172,84484000,63012000,53729000,0.44,0.42,0.44,-60595000,-15381500,-60595000,965768929,15,11.431,56403000,0.683,1.0,153591000,0.313,79528000,9283000,330030000,302052000,3117000,0,0,0,357632000,101553000,256079000,804664929,-1403000,-5803000,-91912000,55768000,0,-51953000,-32735000,-50000,83285000,0,35976000,35976000,35976000,0,0,0.073,90440000,63151000,20759000,0.0,-13.279,22.367,22.705,124816000,0,9.99,1.638,1.68,16552000,-402245000,491293000,491293000,0,0.125,-2.339,0.209,0.128,6635000,66602000,1.0,80547040,82627000,84729000,5.946,217509000,29159000,17753000,0,2.765,-65139000
DENN,MRY,2016-12-31,2016-12-28,2016-12-28,2018-05-07,-1407000,306151000,296490000,35907000,270244000,1.71,-0.979,-17817000,2592000,2592000,342901000,19402000,0.385,-5.305,245591000,3285000,242306000,245591000,0,22178000,0,0.0,0.0,48108000,70286000,0.139,70286000,48108000,35876000,0.26,0.25,0.26,-71112000,-58737000,-71112000,1171243874,24,16.664,53345000,0.708,1.0,164047000,0.324,89726000,12232000,366054000,356299750,3046000,0,0,0,377263000,93370000,283893000,944231874,921000,-14282000,-50754000,20053000,0,-37585000,-32656000,-557000,71162000,0,19402000,19402000,19402000,0,0,0.038,117048000,46999000,25289000,0.0,-13.278,48.667,49.5,133102000,0,12.87,1.863,1.912,19841000,-382843000,506948000,506948000,0,0.065,-0.33,0.135,0.095,7610000,67960000,1.0,73366890,75325000,77206000,6.73,216425000,17683000,16474000,0,2.979,-57463000
DENN,MRY,2017-12-31,2017-12-27,2017-12-27,2018-05-07,-2316000,323782000,312017750,41289000,282493000,1.696,-1.497,-16493000,4983000,4983000,364007000,39594000,0.435,-4.326,289222000,3168000,286054000,289222000,0,23720000,0,0.0,0.0,72441000,96161000,0.182,96161000,72441000,56801000,0.58,0.56,0.58,-97360000,-84884500,-97360000,1164511386,16,12.11,61776000,0.907,1.0,165162000,0.312,95378000,15640000,417742000,409886500,3134000,0,0,0,421142000,94901000,326241000,874789386,2391000,-12353000,-82395000,35266000,0,-48731000,-27147000,1699000,78269000,0,39594000,39594000,39594000,0,0,0.075,94464000,70698000,32487000,0.0,-8.985,22.094,23.103,139856000,0,13.4,1.653,1.724,21384000,-334661000,529169000,529169000,0,0.127,-0.466,0.177,0.137,8541000,66415000,1.0,65282790,68077000,70403000,7.773,228404000,16945000,17207000,0,3.513,-53612000
