ticker,dimension,calendardate,datekey,reportperiod,lastupdated,accoci,assets,assetsavg,assetsc,assetsnc,assetturnover,bvps,capex,cashneq,cashnequsd,cor,consolinc,currentratio,de,debt,debtc,debtnc,debtusd,deferredrev,depamor,deposits,divyield,dps,ebit,ebitda,ebitdamargin,ebitdausd,ebitusd,ebt,eps,epsdil,epsusd,equity,equityavg,equityusd,ev,evebit,evebitda,fcf,fcfps,fxusd,gp,grossmargin,intangibles,intexp,invcap,invcapavg,inventory,investments,investmentsc,investmentsnc,liabilities,liabilitiesc,liabilitiesnc,marketcap,ncf,ncfbus,ncfcommon,ncfdebt,ncfdiv,ncff,ncfi,ncfinv,ncfo,ncfx,netinc,netinccmn,netinccmnusd,netincdis,netincnci,netmargin,opex,opinc,payables,payoutratio,pb,pe,pe1,ppnenet,prefdivis,price,ps,ps1,receivables,retearn,revenue,revenueusd,rnd,roa,roe,roic,ros,sbcomp,sgna,sharefactor,sharesbas,shareswa,shareswadil,sps,tangibles,taxassets,taxexp,taxliabilities,tbvps,workingcapital
DFS,MRY,2011-12-31,2011-11-30,2011-11-30,2018-05-01,-52000000,69117000000,65446702250,,,0.092,14.995,-108000000,4136000000,4136000000,0,2227000000,,7.386,18337000000,,,18337000000,0,90000000,39578000000,0.008,0.2,3486000000,3576000000,0.591,3576000000,3486000000,3486000000,4.06,4.06,4.06,8242000000,7667595250,8242000000,26015800483,7,7.275,3490000000,6.35,1.0,6052000000,1.0,443000000,0,82875000000,78405488250,0,61671000000,,,60875000000,,,13092355483,-2249000000,-401000000,-413000000,-2356000000,-110000000,2263000000,-8110000000,-7885000000,3598000000,0,2202000000,2202000000,2202000000,0,25000000,0.364,2541000000,3511000000,0,0.049,1.588,5.946,5.867,483000000,0,23.82,2.163,2.163,0,5243000000,6052000000,6052000000,0,0.034,0.287,0.044,0.576,44000000,2541000000,1.0,549637090,549637090,,11.011,68674000000,0,1284000000,0,124.944,
DFS,MRY,2012-12-31,2012-11-30,2012-11-30,2018-05-01,-75000000,75283000000,72200000000,,,0.094,19.371,-143000000,6270000000,6270000000,0,2345000000,,6.699,20013000000,,,20013000000,0,95000000,42155000000,0.01,0.4,3726000000,3821000000,0.561,3821000000,3726000000,3726000000,4.47,4.46,4.47,9778000000,9010000000,9778000000,33961016284,9,8.888,2898000000,5.741,1.0,6805000000,1.0,476000000,0,88550000000,85712500000,0,65513000000,,,65505000000,,,21003723284,1076000000,-49000000,-1190000000,2319000000,-209000000,3728000000,-5693000000,-4444000000,3041000000,0,2318000000,2318000000,2318000000,0,27000000,0.341,3052000000,3753000000,0,0.089,2.148,9.061,9.309,534000000,0,41.61,3.087,3.087,0,7373000000,6805000000,6805000000,0,0.032,0.257,0.043,0.548,47000000,3052000000,1.0,504775854,504775854,,13.481,74807000000,0,1408000000,0,148.198,
DFS,MRY,2013-12-31,2013-12-31,2013-12-31,2018-05-01,-68000000,79340000000,76491750000,,,0.093,22.668,-231000000,6736000000,6736000000,0,2470000000,,6.34,20614000000,,,20614000000,0,334000000,44959000000,0.011,0.6,3888000000,4222000000,0.591,4222000000,3888000000,3888000000,4.97,4.96,4.97,10809000000,10539500000,10809000000,39662183564,10,9.394,3286000000,6.891,1.0,7138000000,1.0,469000000,0,92749000000,88481000000,0,69114000000,,,68531000000,,,26679183564,3970000000,0,-1283000000,2525000000,-399000000,3616000000,-3163000000,-3040000000,3517000000,0,2414000000,2414000000,2414000000,0,56000000,0.338,3194000000,3944000000,0,0.121,2.468,11.052,11.258,654000000,0,55.95,3.738,3.738,0,9611000000,7138000000,7138000000,0,0.032,0.229,0.044,0.545,0,3194000000,1.0,476839742,476839742,,14.969,78871000000,0,1474000000,0,165.404,
DFS,MRY,2014-12-31,2014-12-31,2014-12-31,2018-05-01,-138000000,83126000000,80560750000,,,0.087,24.552,-145000000,7390000000,7390000000,0,2323000000,,6.466,22657000000,,,22657000000,0,369000000,46089000000,0.014,0.92,3641000000,4010000000,0.57,4010000000,3641000000,3641000000,4.91,4.9,4.91,11134000000,11209250000,11134000000,43270389809,11,10.791,3681000000,8.117,1.0,7034000000,1.0,433000000,0,97960000000,93166000000,0,72172000000,,,71992000000,,,29698389809,730000000,0,-1559000000,1990000000,-467000000,1101000000,-4197000000,-4128000000,3826000000,0,2270000000,2270000000,2270000000,0,53000000,0.323,3340000000,3694000000,0,0.187,2.667,13.083,13.338,670000000,0,65.49,4.222,4.222,0,11467000000,7034000000,7034000000,0,0.028,0.203,0.039,0.518,0,3340000000,1.0,453479765,453479765,,15.511,82693000000,0,1371000000,0,182.352,
DFS,MRY,2015-12-31,2015-12-31,2015-12-31,2018-05-01,-160000000,86799000000,85374750000,,,0.085,26.375,-167000000,9671000000,9671000000,0,2297000000,,6.698,24650000000,,,24650000000,0,391000000,47531000000,0.02,1.08,3561000000,3952000000,0.547,3952000000,3561000000,3561000000,5.14,5.13,5.14,11275000000,11263000000,11275000000,36373681463,10,9.204,3687000000,8.625,1.0,7227000000,1.0,423000000,0,101355000000,98071750000,0,73600000000,,,75524000000,,,22921681463,2288000000,2000000,-1710000000,2017000000,-515000000,1302000000,-2868000000,-2710000000,3854000000,0,2246000000,2246000000,2246000000,0,51000000,0.311,3615000000,3612000000,0,0.21,2.033,10.206,10.432,693000000,0,53.62,3.172,3.172,0,13250000000,7227000000,7227000000,0,0.026,0.199,0.036,0.493,0,3615000000,1.0,427483802,427483802,,16.906,86376000000,0,1315000000,0,202.057,
DFS,MRY,2016-12-31,2016-12-31,2016-12-31,2018-05-01,-161000000,92308000000,89613250000,,,0.081,28.71,-179000000,12009000000,12009000000,0,2393000000,,7.152,25443000000,,,25443000000,0,351000000,51992000000,0.016,1.16,3602000000,3953000000,0.546,3953000000,3602000000,3602000000,5.77,5.77,5.77,11323000000,11345750000,11323000000,42239199327,11,10.685,4246000000,10.766,1.0,7240000000,1.0,421000000,0,105321000000,102395250000,0,76844000000,,,80985000000,,,28432199327,2342000000,0,-1901000000,773000000,-514000000,2811000000,-4894000000,-4719000000,4425000000,0,2339000000,2339000000,2339000000,0,54000000,0.323,3584000000,3656000000,0,0.201,2.511,12.156,12.494,734000000,0,72.09,3.927,3.927,0,15130000000,7240000000,7240000000,0,0.026,0.206,0.035,0.498,0,3584000000,1.0,394398659,394398659,,18.357,91887000000,0,1263000000,0,232.98,
DFS,MRY,2017-12-31,2017-12-31,2017-12-31,2018-05-01,-152000000,100087000000,96561750000,,,0.076,29.974,-218000000,13387000000,13387000000,0,2099000000,,8.189,26326000000,,,26326000000,0,393000000,58764000000,0.017,1.3,3469000000,3862000000,0.528,3862000000,3469000000,3469000000,5.43,5.42,5.43,10892000000,11150750000,10892000000,40160237982,11,10.399,4990000000,13.732,1.0,7318000000,1.0,418000000,0,112608000000,108418750000,0,83195000000,,,89195000000,,,27951237982,1392000000,0,-2076000000,823000000,-527000000,4961000000,-8777000000,-8573000000,5208000000,0,2031000000,2031000000,2031000000,0,68000000,0.278,3781000000,3537000000,0,0.239,2.566,13.762,14.166,825000000,0,76.92,3.82,3.82,0,16687000000,7318000000,7318000000,0,0.021,0.182,0.032,0.474,0,3781000000,1.0,363380629,363380629,,20.139,99669000000,0,1438000000,0,274.283,
