ticker,dimension,calendardate,datekey,reportperiod,lastupdated,accoci,assets,assetsavg,assetsc,assetsnc,assetturnover,bvps,capex,cashneq,cashnequsd,cor,consolinc,currentratio,de,debt,debtc,debtnc,debtusd,deferredrev,depamor,deposits,divyield,dps,ebit,ebitda,ebitdamargin,ebitdausd,ebitusd,ebt,eps,epsdil,epsusd,equity,equityavg,equityusd,ev,evebit,evebitda,fcf,fcfps,fxusd,gp,grossmargin,intangibles,intexp,invcap,invcapavg,inventory,investments,investmentsc,investmentsnc,liabilities,liabilitiesc,liabilitiesnc,marketcap,ncf,ncfbus,ncfcommon,ncfdebt,ncfdiv,ncff,ncfi,ncfinv,ncfo,ncfx,netinc,netinccmn,netinccmnusd,netincdis,netincnci,netmargin,opex,opinc,payables,payoutratio,pb,pe,pe1,ppnenet,prefdivis,price,ps,ps1,receivables,retearn,revenue,revenueusd,rnd,roa,roe,roic,ros,sbcomp,sgna,sharefactor,sharesbas,shareswa,shareswadil,sps,tangibles,taxassets,taxexp,taxliabilities,tbvps,workingcapital
DJCO,MRY,2011-12-31,2011-09-30,2011-09-30,2018-05-09,14760000,90816000,99081000,79145000,11671000,0.348,46.988,-129000,16158000,16158000,5987000,7840000,3.811,0.4,0,0,0,0,5405000,535000,0,0.0,0.0,12000000,12535000,0.363,12535000,12000000,12000000,5.68,5.68,5.68,64879000,68465000,64879000,76897676,6,6.135,10188000,7.379,1.0,28526000,0.827,0,0,53891000,59420250,44000,56116000,56116000,0,25937000,20767000,5170000,90093676,-557000,0,0,0,0,0,-10874000,-10745000,10317000,0,7840000,7840000,7840000,0,0,0.227,17724000,10802000,2436000,0.0,1.389,11.492,11.488,9374000,0,65.25,2.61,2.61,6595000,48350000,34513000,34513000,0,0.079,0.115,0.202,0.348,0,17189000,1.0,1380746,1380746,1380746,24.996,90816000,2297000,4160000,9743000,65.773,58378000
DJCO,MRY,2012-12-31,2012-09-30,2012-09-30,2018-05-09,31565000,120964000,114250000,110130000,10834000,0.279,63.172,-372000,1785000,1785000,5652000,5541000,3.728,0.387,0,0,0,0,5454000,503000,0,0.0,0.0,7901000,8404000,0.264,8404000,7901000,7901000,4.01,4.01,4.01,87225000,81796250,87225000,123673552,15,14.716,6587000,4.771,1.0,26222000,0.823,0,0,89640000,82112500,43000,102156000,102156000,0,33739000,29539000,4200000,129472552,-2073000,0,0,0,0,0,-9032000,-8660000,6959000,0,5541000,5541000,5541000,0,0,0.174,17540000,8682000,2201000,0.0,1.484,23.366,23.384,9243000,0,93.77,4.062,4.062,5709000,53891000,31874000,31874000,0,0.048,0.068,0.096,0.248,0,17037000,1.0,1380746,1380746,1380746,23.085,120964000,1787000,2360000,19146000,87.608,80591000
DJCO,MRY,2013-12-31,2013-09-30,2013-09-30,2018-05-09,53908000,203063000,175254500,156965000,46098000,0.215,82.091,-280000,11338000,11338000,5721000,3779000,2.702,0.792,29493000,0,29493000,29493000,17546000,2441000,0,0.0,0.0,4666000,7107000,0.189,7107000,4666000,4569000,2.74,2.74,2.74,113347000,103641750,113347000,210672854,45,29.643,5392000,3.905,1.0,31955000,0.848,36010000,97000,127124000,109686750,56000,136994000,136994000,0,89716000,58084000,31632000,202955854,10353000,-25332000,0,29493000,0,29493000,-24812000,800000,5672000,0,3779000,3779000,3779000,0,0,0.1,28166000,3789000,4259000,0.0,1.791,53.706,53.646,9230000,0,146.99,5.387,5.387,6314000,57670000,37676000,37676000,0,0.022,0.036,0.043,0.124,0,25725000,1.0,1380746,1380746,1380746,27.287,167053000,1163000,790000,32132000,120.987,98881000
DJCO,MRY,2014-12-31,2014-09-30,2014-09-30,2018-05-09,76301000,243877000,231163750,200737000,43140000,0.188,98.766,-435000,15410000,15410000,5714000,631000,2.74,0.788,29493000,0,29493000,29493000,19488000,5516000,0,0.0,0.0,371000,5887000,0.136,5887000,371000,141000,0.46,0.46,0.46,136371000,129969500,136371000,263967653,711,44.839,4072000,2.949,1.0,37709000,0.868,31144000,230000,153544000,146421750,51000,173676000,173676000,0,107506000,73272000,34234000,249224653,4072000,0,0,0,0,0,-435000,0,4507000,0,631000,631000,631000,0,0,0.015,39899000,-2190000,4344000,0.0,1.828,394.968,392.391,9015000,0,180.5,5.739,5.739,8566000,58301000,43423000,43423000,0,0.003,0.005,0.003,0.009,0,34383000,1.0,1380746,1380746,1380746,31.449,212733000,5032000,-490000,49746000,154.071,127465000
DJCO,MRY,2015-12-31,2015-09-30,2015-09-30,2018-05-09,67720000,228196000,235204250,188828000,39368000,0.187,93.138,-565000,15617000,15617000,6067000,810000,2.866,0.774,29493000,0,29493000,29493000,18660000,5531000,0,0.0,0.0,-86000,5445000,0.124,5445000,-86000,-310000,0.59,0.59,0.59,128600000,133200000,128600000,274014905,-3186,50.324,7190000,5.207,1.0,37911000,0.862,26390000,224000,149801000,156229500,48000,166041000,166041000,0,99596000,65881000,33715000,257094905,207000,-50000,0,0,0,0,-7548000,-6933000,7755000,0,810000,810000,810000,0,0,0.018,41423000,-3512000,4212000,0.0,1.999,317.401,315.593,8957000,0,186.2,5.846,5.846,5673000,59111000,43978000,43978000,0,0.003,0.006,-0.001,-0.002,0,35892000,1.0,1380746,1380746,1380746,31.851,201806000,4786000,-1120000,43632000,146.157,122947000
DJCO,MRY,2016-12-31,2016-09-30,2016-09-30,2018-05-09,65506000,225446000,226456500,184483000,40963000,0.184,90.779,-3779000,11411000,11411000,5782000,-1043000,2.844,0.799,31674000,110000,31564000,31674000,18171000,5709000,0,0.0,0.0,-2606000,3103000,0.075,3103000,-2606000,-2978000,-0.76,-0.76,-0.76,125343000,126953000,125343000,323722374,-124,104.326,-2555000,-1.85,1.0,35830000,0.861,21353000,372000,159496000,160866500,41000,166634000,166634000,0,100103000,64860000,35243000,302383374,-4206000,0,0,2181000,0,2181000,-7611000,-3832000,1224000,0,-1043000,-1043000,-1043000,0,0,-0.025,42470000,-6640000,2644000,0.0,2.412,-289.917,-288.158,12064000,0,219.0,7.267,7.267,4707000,58068000,41612000,41612000,0,-0.005,-0.008,-0.016,-0.063,0,36761000,1.0,1380746,1380746,1380746,30.137,204093000,8436000,-1935000,44224000,147.814,119623000
DJCO,MRY,2017-12-31,2017-09-30,2017-09-30,2018-05-09,100822000,280708000,261507750,239754000,40954000,0.158,115.692,-253000,3384000,3384000,6541000,-918000,9.959,0.757,31564000,115000,31449000,31564000,18557000,5586000,0,0.0,0.0,-7546000,-1960000,-0.047,-1960000,-7546000,-8068000,-0.66,-0.66,-0.66,159741000,148638750,159741000,330801883,-43,-168.776,-2904000,-2.103,1.0,34843000,0.842,16458000,522000,268356000,207189250,40000,229265000,229265000,0,120967000,24074000,96893000,301844883,-8027000,0,0,-110000,0,-110000,-5266000,-5013000,-2651000,0,-918000,-918000,-918000,0,0,-0.022,48010000,-13167000,3049000,0.0,1.89,-328.807,-331.227,11627000,0,218.61,7.294,7.294,5358000,57150000,41384000,41384000,0,-0.004,-0.006,-0.036,-0.182,0,42424000,1.0,1380746,1380746,1380746,29.972,264250000,13778000,-7150000,64550000,191.382,215680000
