ticker,dimension,calendardate,datekey,reportperiod,lastupdated,accoci,assets,assetsavg,assetsc,assetsnc,assetturnover,bvps,capex,cashneq,cashnequsd,cor,consolinc,currentratio,de,debt,debtc,debtnc,debtusd,deferredrev,depamor,deposits,divyield,dps,ebit,ebitda,ebitdamargin,ebitdausd,ebitusd,ebt,eps,epsdil,epsusd,equity,equityavg,equityusd,ev,evebit,evebitda,fcf,fcfps,fxusd,gp,grossmargin,intangibles,intexp,invcap,invcapavg,inventory,investments,investmentsc,investmentsnc,liabilities,liabilitiesc,liabilitiesnc,marketcap,ncf,ncfbus,ncfcommon,ncfdebt,ncfdiv,ncff,ncfi,ncfinv,ncfo,ncfx,netinc,netinccmn,netinccmnusd,netincdis,netincnci,netmargin,opex,opinc,payables,payoutratio,pb,pe,pe1,ppnenet,prefdivis,price,ps,ps1,receivables,retearn,revenue,revenueusd,rnd,roa,roe,roic,ros,sbcomp,sgna,sharefactor,sharesbas,shareswa,shareswadil,sps,tangibles,taxassets,taxexp,taxliabilities,tbvps,workingcapital
DL,MRY,2011-12-31,2011-09-30,2011-09-30,2018-01-29,4221000,93878000,94924500,73868000,20010000,0.438,0.545,-2321000,52414000,52414000,19634000,-4105000,3.494,0.291,0,0,0,0,7861000,1449000,0,0.0,0.0,-2831000,-1382000,-0.033,-1382000,-2831000,-2831000,-0.12,-0.12,-0.12,72734000,73860000,72734000,26318355,-9,-19.044,6871000,0.051,1.0,21930000,0.528,9785000,0,10535000,8851000,363000,7839000,7839000,0,21144000,21144000,0,87979355,-7808000,0,-8063000,0,0,-8063000,-9843000,-7649000,9192000,906000,-3802000,-3802000,-3802000,3300000,-303000,-0.091,22504000,-574000,0,0.0,1.21,-23.14,-21.417,8586000,0,2.57,2.117,8.259,4661000,-10304000,41564000,41564000,0,-0.04,-0.051,-0.32,-0.068,6024000,21992000,0.25,136932849,133571727,133571727,0.311,84093000,2224000,971000,2329000,0.63,52724000
DL,MRY,2012-12-31,2012-09-30,2012-09-30,2018-01-29,4922000,89986000,91932000,69648000,20338000,0.567,0.482,-2049000,49729000,49729000,23081000,8209000,2.76,0.393,0,0,0,0,9450000,1606000,0,0.154,0.48,10809000,12415000,0.238,12415000,10809000,10809000,0.24,0.24,0.24,64617000,68675500,64617000,47273719,4,3.808,13014000,0.097,1.0,29021000,0.557,9440000,0,5580000,8057500,658000,7956000,7956000,0,25369000,25237000,132000,99687719,-1224000,-150000,2988000,0,-16268000,-17168000,471000,0,15063000,410000,8209000,8209000,8209000,-236000,0,0.158,19527000,9494000,0,2.0,1.543,12.144,13.0,9676000,0,3.12,1.913,8.024,4081000,-2095000,52102000,52102000,0,0.089,0.12,1.341,0.207,141000,19585000,0.25,127800673,133996737,134363108,0.389,80546000,1856000,2600000,2759000,0.601,44411000
DL,MRY,2013-12-31,2013-09-30,2013-09-30,2018-01-29,6295000,105994000,97990000,84685000,21309000,0.728,0.477,-2399000,71925000,71925000,29917000,13564000,2.076,0.643,0,0,0,0,17143000,1848000,0,0.045,0.48,17361000,19209000,0.269,19209000,17361000,17361000,0.4,0.4,0.4,64520000,64568500,64520000,305052281,17,15.881,29739000,0.22,1.0,41443000,0.581,9187000,0,-15915000,-5167500,698000,817000,817000,0,41474000,40797000,677000,354781281,22196000,0,510000,0,-16056000,-15659000,4506000,7275000,32138000,1211000,13564000,13564000,13564000,0,0,0.19,25420000,16023000,0,1.2,5.499,26.156,26.4,10202000,0,10.56,4.972,20.003,3518000,11469000,71360000,71360000,0,0.138,0.21,-3.36,0.243,625000,25479000,0.25,134386849,135174562,136399233,0.528,96807000,1751000,3797000,4959000,0.716,43888000
DL,MRY,2014-12-31,2014-09-30,2014-09-30,2018-01-29,6220000,171629000,138811500,149613000,22016000,0.7,0.705,-2693000,134712000,134712000,39803000,23409000,2.075,0.744,16583000,16583000,0,16583000,23423000,1808000,0,0.043,0.6,27752000,29560000,0.304,29560000,27752000,27461000,0.68,0.68,0.68,98410000,81465000,98410000,402776323,14,13.626,41400000,0.297,1.0,57393000,0.59,9073000,291000,-27682000,-21798500,449000,5702000,5702000,0,73219000,72109000,1110000,474701323,46156000,0,29579000,16062000,-20258000,26115000,-24180000,-4880000,44093000,128000,23409000,23409000,23409000,0,0,0.241,32837000,24556000,0,0.882,4.824,20.279,20.603,10721000,0,14.01,4.884,20.124,1637000,14906000,97196000,97196000,0,0.169,0.287,-1.273,0.286,503000,33090000,0.25,135532141,139613967,140497204,0.696,162556000,2116000,4052000,5319000,1.164,77504000
DL,MRY,2015-12-31,2015-09-30,2015-09-30,2018-01-29,2735000,174120000,172874500,150229000,23891000,0.626,0.636,-4802000,134211000,134211000,44343000,24573000,1.838,0.917,16467000,16467000,0,16467000,29563000,2034000,0,0.063,0.8,30911000,32945000,0.305,32945000,30911000,30447000,0.68,0.68,0.68,90809000,94609500,90809000,337966429,10,10.259,32977000,0.231,1.0,63834000,0.59,8507000,464000,-33852000,-30767000,871000,4720000,4720000,0,83311000,81721000,1590000,456095429,-176000,0,-3315000,585000,-28199000,-29887000,-4311000,804000,37779000,-3757000,24573000,24573000,24573000,0,0,0.227,37173000,26661000,0,1.176,5.023,18.561,18.794,12916000,0,12.78,4.216,16.861,2903000,32462000,108177000,108177000,0,0.142,0.26,-1.005,0.286,1783000,37397000,0.25,142752873,142720838,143767990,0.758,165613000,1508000,5874000,6043000,1.16,68508000
DL,MRY,2016-12-31,2016-09-30,2016-09-30,2018-01-29,-3418000,148920000,161520000,85822000,63098000,0.728,0.331,-2767000,69224000,69224000,48334000,26411000,0.968,2.044,15551000,15551000,0,15551000,36332000,2533000,0,0.07,0.9,32995000,35528000,0.302,35528000,32995000,32440000,0.76,0.76,0.76,45236000,68022500,45236000,342230393,10,9.633,36202000,0.265,1.0,69214000,0.589,41067000,555000,-34437000,-34144500,971000,4357000,1278000,3079000,92448000,88617000,3831000,459974393,-64222000,-29695000,-35101000,0,-31138000,-62866000,-34023000,-394000,38969000,-6302000,26290000,26290000,26290000,0,121000,0.224,40489000,28725000,0,1.184,10.168,17.496,17.0,13908000,0,12.92,3.913,15.003,5662000,32944000,117548000,117548000,0,0.163,0.386,-0.966,0.281,2015000,41295000,0.25,142406933,136497929,138465944,0.861,107853000,1676000,6150000,9139000,0.79,-2795000
DL,MRY,2017-12-31,2017-09-30,2017-09-30,2018-01-29,-3367000,224551000,186735500,119835000,104716000,0.701,0.371,-2325000,95381000,95381000,57412000,16268000,0.931,3.11,49895000,29965000,19930000,49895000,50506000,2792000,0,0.067,0.45,20604000,23396000,0.179,23396000,20604000,19555000,0.44,0.44,0.44,48783000,47009500,48783000,167303694,8,7.151,35406000,0.269,1.0,73576000,0.562,39406000,1049000,10949000,-11744000,864000,48892000,5261000,43631000,151739000,128710000,23029000,220976694,6849000,0,0,35699000,-14839000,33295000,-64294000,-42686000,37731000,117000,14935000,14935000,14935000,0,1333000,0.114,52466000,21110000,1648000,1.023,4.53,14.796,15.25,14022000,0,6.71,1.687,6.733,5525000,33040000,130988000,130988000,0,0.08,0.318,-1.754,0.157,2111000,54378000,0.25,131729773,131432211,133203255,0.997,185145000,1654000,4620000,9849000,1.409,-8875000
