ticker,dimension,calendardate,datekey,reportperiod,lastupdated,accoci,assets,assetsavg,assetsc,assetsnc,assetturnover,bvps,capex,cashneq,cashnequsd,cor,consolinc,currentratio,de,debt,debtc,debtnc,debtusd,deferredrev,depamor,deposits,divyield,dps,ebit,ebitda,ebitdamargin,ebitdausd,ebitusd,ebt,eps,epsdil,epsusd,equity,equityavg,equityusd,ev,evebit,evebitda,fcf,fcfps,fxusd,gp,grossmargin,intangibles,intexp,invcap,invcapavg,inventory,investments,investmentsc,investmentsnc,liabilities,liabilitiesc,liabilitiesnc,marketcap,ncf,ncfbus,ncfcommon,ncfdebt,ncfdiv,ncff,ncfi,ncfinv,ncfo,ncfx,netinc,netinccmn,netinccmnusd,netincdis,netincnci,netmargin,opex,opinc,payables,payoutratio,pb,pe,pe1,ppnenet,prefdivis,price,ps,ps1,receivables,retearn,revenue,revenueusd,rnd,roa,roe,roic,ros,sbcomp,sgna,sharefactor,sharesbas,shareswa,shareswadil,sps,tangibles,taxassets,taxexp,taxliabilities,tbvps,workingcapital
DLA,MRY,2011-12-31,2011-07-02,2011-07-02,2018-05-07,-14000,311865000,287908000,243676000,68189000,1.651,16.842,-7966000,656000,656000,359001000,17327000,2.935,1.197,86773000,2799000,83974000,86773000,0,7257000,0,0.0,0.0,25296000,32553000,0.068,32553000,25296000,22680000,2.04,1.98,2.04,141965000,132875000,141965000,240557376,9,7.39,-5076000,-0.598,1.0,116235000,0.245,24217000,2616000,290735000,278246500,159209000,0,0,0,169900000,83030000,86870000,145430376,-31000,-9884000,-2244000,18700000,0,14929000,-17850000,0,2890000,0,17327000,17327000,17327000,0,0,0.036,92124000,24111000,55554000,0.0,1.024,8.393,8.466,39756000,0,17.27,0.306,0.308,76821000,93277000,475236000,475236000,0,0.06,0.13,0.091,0.053,972000,91512000,1.0,8420983,8486000,8747000,56.002,287648000,2931000,5353000,3846000,34.126,160646000
DLA,MRY,2012-12-31,2012-06-30,2012-06-30,2018-05-07,-129000,320394000,326177750,253486000,66908000,1.502,16.452,-6626000,467000,467000,406200000,-2447000,3.814,1.306,114478000,3529000,110949000,114478000,0,7492000,0,0.0,0.0,-6222000,1270000,0.003,1270000,-6222000,-10354000,-0.29,-0.29,-0.29,138967000,137727000,138967000,247477707,-39,194.864,-25728000,-3.044,1.0,83723000,0.171,23609000,4132000,344339000,350347250,161633000,0,0,0,181427000,66457000,114970000,115428707,-189000,0,-2624000,27705000,0,25539000,-6626000,0,-19102000,0,-2447000,-2447000,-2447000,0,0,-0.005,89973000,-6250000,46320000,0.0,0.831,-47.172,-47.103,39425000,0,13.66,0.236,0.236,73856000,90830000,489923000,489923000,0,-0.008,-0.018,-0.018,-0.013,1201000,89973000,1.0,8450125,8453000,8453000,57.958,296785000,13760000,-7907000,3803000,35.135,187029000
DLA,MRY,2013-12-31,2013-06-29,2013-06-29,2018-05-07,-82000,311910000,314126250,245862000,66048000,1.562,17.476,-7850000,598000,598000,381014000,9184000,3.395,1.211,98292000,3529000,94763000,98292000,0,8014000,0,0.0,0.0,13903000,21917000,0.045,21917000,13903000,9906000,1.12,1.08,1.12,141066000,140711500,141066000,226951028,16,10.355,24314000,2.953,1.0,109509000,0.223,23002000,3997000,314175000,325869000,159514000,0,0,0,170844000,72427000,98417000,114531028,131000,0,-7794000,-16186000,0,-24183000,-7850000,0,32164000,0,9184000,9184000,9184000,0,0,0.019,95606000,13903000,50472000,0.0,0.812,12.471,12.589,39446000,0,14.1,0.233,0.237,74827000,100014000,490523000,490523000,0,0.029,0.065,0.043,0.028,831000,94944000,1.0,8122768,8234000,8486000,59.573,288908000,6794000,722000,3571000,35.791,173435000
DLA,MRY,2014-12-31,2014-09-27,2014-09-27,2018-05-07,-269000,354578000,354215250,249648000,104930000,1.279,17.546,-8823000,612000,612000,367160000,-960000,2.673,1.566,129973000,15504000,114469000,129973000,0,9493000,0,0.0,0.0,-1661000,7832000,0.017,7832000,-1661000,-7453000,-0.12,-0.12,-0.12,138207000,138228750,138207000,208043531,-125,26.563,5150000,0.652,1.0,85741000,0.189,60229000,5792000,330320000,344331000,162188000,0,0,0,216371000,93390000,122981000,69323531,-217000,0,-249000,-4761000,0,-5367000,-8823000,0,13973000,0,-960000,-960000,-960000,0,0,-0.002,87202000,-1461000,57719000,0.0,0.502,-72.212,-73.333,41005000,0,8.8,0.153,0.154,68802000,99622000,452901000,452901000,0,-0.003,-0.007,-0.005,-0.004,202000,86275000,1.0,7877674,7901000,7901000,57.322,294349000,13512000,-6493000,3399000,37.368,156258000
DLA,MRY,2015-12-31,2015-10-03,2015-10-03,2018-05-07,-429000,324903000,338978250,214257000,110646000,1.325,18.443,-7303000,300000,300000,360823000,8093000,2.589,1.248,102212000,8340000,93872000,102212000,0,9542000,0,0.0,0.0,16119000,25661000,0.057,25661000,16119000,10098000,1.03,1.0,1.03,144499000,139523750,144499000,252707924,15,9.848,15004000,1.906,1.0,88319000,0.197,58891000,6021000,285152000,317977000,148372000,0,0,0,180404000,82772000,97632000,140892924,-312000,14913000,-1964000,-27911000,0,-30229000,7610000,0,22307000,0,8093000,8093000,8093000,0,0,0.018,81086000,7233000,53349000,0.0,0.975,17.409,17.427,39653000,0,17.95,0.314,0.315,62741000,107715000,449142000,449142000,0,0.024,0.058,0.051,0.036,1388000,81086000,1.0,7849188,7874000,8080000,57.041,266012000,7294000,2005000,87000,33.952,131485000
DLA,MRY,2016-12-31,2016-10-01,2016-10-01,2018-05-07,-112000,344652000,338809250,232484000,112168000,1.255,19.752,-10454000,397000,397000,331750000,8964000,2.825,1.267,115795000,9192000,106603000,115795000,0,9625000,0,0.0,0.0,16332000,25957000,0.061,25957000,16332000,11045000,1.16,1.12,1.16,152015000,148864000,152015000,248494292,15,9.573,-8254000,-1.068,1.0,93499000,0.22,57651000,5287000,320106000,315545750,164247000,0,0,0,192637000,82293000,110344000,126964292,97000,-313000,-3477000,13233000,0,8664000,-10767000,0,2200000,0,8964000,8964000,8964000,0,0,0.021,78319000,15180000,51395000,0.0,0.835,14.164,14.19,43503000,0,16.46,0.299,0.299,63609000,116679000,425249000,425249000,0,0.026,0.06,0.052,0.038,1763000,76578000,1.0,7713505,7726000,7979000,55.041,287001000,5332000,2081000,0,37.292,150191000
DLA,MRY,2017-12-31,2017-09-30,2017-09-30,2018-05-07,-35000,317802000,332212500,227694000,90108000,1.159,21.111,-7084000,572000,572000,304360000,10511000,3.143,1.039,96221000,8396000,87825000,96221000,0,9609000,0,0.0,0.0,16179000,25788000,0.067,25788000,16179000,11168000,1.4,1.33,1.4,155887000,154593000,155887000,263248098,16,10.208,6854000,0.91,1.0,80722000,0.21,36068000,5011000,304948000,316058500,174551000,2016000,2016000,0,161915000,72435000,89480000,161081098,175000,26000000,-7938000,-23574000,0,-32679000,18916000,0,13938000,0,10511000,10511000,10511000,0,0,0.027,67408000,13314000,46335000,0.0,1.033,15.325,15.364,42706000,0,21.51,0.418,0.421,47557000,127358000,385082000,385082000,0,0.032,0.068,0.051,0.042,1961000,67408000,1.0,7488661,7531000,7882000,51.133,281734000,5354000,657000,0,38.155,155259000
