ticker,dimension,calendardate,datekey,reportperiod,lastupdated,accoci,assets,assetsavg,assetsc,assetsnc,assetturnover,bvps,capex,cashneq,cashnequsd,cor,consolinc,currentratio,de,debt,debtc,debtnc,debtusd,deferredrev,depamor,deposits,divyield,dps,ebit,ebitda,ebitdamargin,ebitdausd,ebitusd,ebt,eps,epsdil,epsusd,equity,equityavg,equityusd,ev,evebit,evebitda,fcf,fcfps,fxusd,gp,grossmargin,intangibles,intexp,invcap,invcapavg,inventory,investments,investmentsc,investmentsnc,liabilities,liabilitiesc,liabilitiesnc,marketcap,ncf,ncfbus,ncfcommon,ncfdebt,ncfdiv,ncff,ncfi,ncfinv,ncfo,ncfx,netinc,netinccmn,netinccmnusd,netincdis,netincnci,netmargin,opex,opinc,payables,payoutratio,pb,pe,pe1,ppnenet,prefdivis,price,ps,ps1,receivables,retearn,revenue,revenueusd,rnd,roa,roe,roic,ros,sbcomp,sgna,sharefactor,sharesbas,shareswa,shareswadil,sps,tangibles,taxassets,taxexp,taxliabilities,tbvps,workingcapital
DLB,MRY,2011-12-31,2011-09-30,2011-09-30,2018-05-02,7533000,1884387000,1825428250,1158598000,725789000,0.526,15.11,-43795000,551512000,551512000,111171000,310582000,7.269,0.12,0,0,0,0,42227000,43994000,0,0.0,0.0,440355000,484349000,0.504,484349000,440355000,439328000,2.78,2.75,2.78,1663513000,1616542750,1663513000,2435569625,5,5.029,359893000,3.229,1.0,849894000,0.884,314833000,1027000,858657000,828202000,26244000,664078000,391281000,272797000,199037000,159385000,39652000,3030173625,5651000,-3350000,-169091000,0,0,-162498000,-236702000,-189557000,403688000,1163000,309267000,309267000,309267000,0,1315000,0.322,420161000,429733000,127922000,0.0,1.822,9.798,9.871,117107000,0,27.44,3.153,3.182,61815000,1445189000,961065000,961065000,123920000,0.169,0.191,0.532,0.458,37072000,292835000,1.0,110429068,111444000,112554000,8.624,1569554000,105648000,130061000,5433000,14.256,999213000
DLB,MRY,2012-12-31,2012-09-28,2012-09-28,2018-05-02,10687000,1960798000,1959718250,970286000,990512000,0.476,16.529,-165624000,492600000,492600000,92027000,265134000,6.186,0.126,0,0,0,0,41685000,43876000,0,0.0,0.0,368355000,412231000,0.442,412231000,368355000,368159000,2.47,2.46,2.47,1720269000,1734033500,1720269000,2758867654,7,6.693,224297000,2.098,1.0,840987000,0.901,337901000,196000,973457000,849983750,16700000,664307000,302693000,361614000,217565000,156840000,60725000,3429275654,-58912000,-12521000,-254652000,-518000,0,-254318000,-194803000,-16534000,389921000,288000,264302000,264302000,264302000,0,832000,0.283,478995000,361992000,130923000,0.0,1.993,12.975,13.259,254676000,0,32.75,3.675,3.753,43495000,1709479000,933014000,933014000,140143000,0.135,0.152,0.433,0.395,46729000,337661000,1.0,104710707,106926000,107541000,8.726,1622897000,103600000,103857000,5120000,15.593,813446000
DLB,MRY,2013-12-31,2013-09-27,2013-09-27,2018-05-02,7814000,1737945000,1645962500,818579000,919366000,0.553,14.554,-26208000,457572000,457572000,96719000,190302000,4.737,0.161,0,0,0,0,40594000,53245000,0,0.116,4.0,250190000,303435000,0.334,303435000,250190000,249615000,1.86,1.84,1.86,1481110000,1407792250,1481110000,3091295544,12,10.188,250293000,2.457,1.0,812955000,0.894,321039000,575000,786519000,785620250,10093000,446605000,140267000,306338000,237919000,172815000,65104000,3499856544,-38203000,0,-75115000,-79000,-408206000,-487964000,175025000,207123000,276501000,-1765000,189271000,189271000,189271000,0,1031000,0.208,567693000,245262000,148490000,2.151,2.363,18.491,18.489,242917000,0,34.39,3.847,3.852,97460000,1454382000,909674000,909674000,168746000,0.115,0.134,0.318,0.275,63853000,393073000,1.0,101769600,101879000,102788000,8.929,1416906000,121672000,60344000,3394000,13.923,645764000
DLB,MRY,2014-12-31,2014-09-26,2014-09-26,2018-05-02,3014000,1984012000,1896242000,1005851000,978161000,0.506,16.73,-75363000,570614000,570614000,70176000,208720000,5.312,0.148,0,0,0,0,31775000,53278000,0,0.0,0.0,273299000,326577000,0.34,326577000,273299000,273482000,2.02,1.99,2.02,1710017000,1634311500,1710017000,3620314372,13,11.086,286184000,2.802,1.0,890000000,0.927,341274000,-183000,882754000,836118000,8536000,527543000,231208000,296335000,252364000,189370000,62994000,4213745372,114075000,0,-36306000,0,0,-40580000,-204944000,-92664000,361547000,-1948000,206103000,206103000,206103000,0,2617000,0.215,616282000,273718000,174274000,0.0,2.464,20.445,20.426,289755000,0,41.26,4.389,4.39,86168000,1660485000,960176000,960176000,183128000,0.109,0.126,0.327,0.285,63246000,430751000,1.0,102126645,102151000,103632000,9.4,1642738000,128191000,67379000,2600000,16.072,816481000
DLB,MRY,2015-12-31,2015-09-25,2015-09-25,2018-05-02,-11462000,2133293000,2105487750,821229000,1312064000,0.461,17.728,-157526000,534862000,534862000,94816000,183240000,3.917,0.176,0,0,0,0,49491000,69133000,0,0.013,0.4,244115000,313248000,0.323,313248000,244115000,243932000,1.77,1.75,1.77,1807068000,1786883000,1807068000,2751112104,11,8.783,151851000,1.484,1.0,875822000,0.902,435215000,183000,953535000,986459750,13872000,459916000,138901000,321015000,317286000,209681000,107605000,3223899104,-36546000,-66300000,-94430000,0,-41018000,-138519000,-203595000,58441000,309377000,-3809000,181390000,181390000,181390000,0,1850000,0.187,662594000,213228000,190017000,0.226,1.784,17.773,17.74,403091000,0,31.4,3.321,3.311,101563000,1800857000,970638000,970638000,201324000,0.086,0.102,0.247,0.251,64525000,461350000,1.0,102671946,102354000,103862000,9.483,1698078000,143279000,62542000,754000,16.659,611548000
DLB,MRY,2016-12-31,2016-09-30,2016-09-30,2018-05-02,-10197000,2310106000,2211478500,759730000,1550376000,0.464,19.482,-100762000,519757000,519757000,108982000,186402000,3.565,0.168,0,0,0,0,59546000,85152000,0,0.009,0.48,235487000,320639000,0.313,320639000,235487000,235362000,1.85,1.81,1.85,1970256000,1887729500,1970256000,4875207326,20,15.205,256077000,2.543,1.0,916756000,0.894,524958000,125000,1052308000,946767000,16354000,515533000,121629000,393904000,331371000,213083000,118288000,5480871326,-15814000,0,-43375000,0,-48397000,-88761000,-282497000,-60006000,356839000,-1395000,185860000,185860000,185860000,0,542000,0.181,684961000,231795000,186599000,0.259,2.782,29.489,29.346,443656000,0,54.29,5.343,5.331,75688000,1938320000,1025738000,1025738000,219607000,0.084,0.098,0.249,0.23,63760000,464121000,1.0,100955449,100717000,102424000,10.184,1785148000,166790000,49502000,2304000,17.651,546647000
DLB,MRY,2017-12-31,2017-09-29,2017-09-29,2018-05-02,-7753000,2533554000,2431290000,1011434000,1522120000,0.445,20.956,-99617000,634368000,634368000,118307000,202427000,4.115,0.182,0,0,0,0,59575000,84308000,0,0.01,0.56,256146000,340454000,0.315,340454000,256146000,256019000,1.98,1.95,1.98,2136742000,2070821500,2136742000,5270403030,20,15.481,271434000,2.667,1.0,963147000,0.891,500735000,127000,1152678000,1130704750,25051000,562121000,247757000,314364000,389712000,245773000,143939000,5869206030,110905000,0,-47678000,0,-57059000,-100089000,-161732000,-53159000,371051000,1675000,201802000,201802000,201802000,0,625000,0.187,714515000,248632000,221407000,0.283,2.747,29.084,29.051,485275000,0,57.52,5.427,5.414,73750000,2083063000,1081454000,1081454000,233312000,0.083,0.097,0.227,0.237,58601000,468347000,1.0,102037657,101784000,103286000,10.625,2032819000,190915000,54217000,1216000,19.937,765661000
