ticker,dimension,calendardate,datekey,reportperiod,lastupdated,accoci,assets,assetsavg,assetsc,assetsnc,assetturnover,bvps,capex,cashneq,cashnequsd,cor,consolinc,currentratio,de,debt,debtc,debtnc,debtusd,deferredrev,depamor,deposits,divyield,dps,ebit,ebitda,ebitdamargin,ebitdausd,ebitusd,ebt,eps,epsdil,epsusd,equity,equityavg,equityusd,ev,evebit,evebitda,fcf,fcfps,fxusd,gp,grossmargin,intangibles,intexp,invcap,invcapavg,inventory,investments,investmentsc,investmentsnc,liabilities,liabilitiesc,liabilitiesnc,marketcap,ncf,ncfbus,ncfcommon,ncfdebt,ncfdiv,ncff,ncfi,ncfinv,ncfo,ncfx,netinc,netinccmn,netinccmnusd,netincdis,netincnci,netmargin,opex,opinc,payables,payoutratio,pb,pe,pe1,ppnenet,prefdivis,price,ps,ps1,receivables,retearn,revenue,revenueusd,rnd,roa,roe,roic,ros,sbcomp,sgna,sharefactor,sharesbas,shareswa,shareswadil,sps,tangibles,taxassets,taxexp,taxliabilities,tbvps,workingcapital
DMND,MRY,2011-12-31,2011-07-31,2011-07-31,2017-04-15,17728000,1322907000,1361549250,299999000,1022908000,0.71,19.45,-27691000,18907000,18907000,750209000,26567000,1.212,2.146,531701000,41700000,490001000,531701000,0,28116000,0,0.003,0.22,53588000,81704000,0.085,81704000,53588000,29670000,1.21,1.17,1.21,420495000,409706500,420495000,2125904602,39,26.02,39000000,1.807,1.0,216479000,0.224,860590000,23918000,727558000,756181500,153534000,0,0,0,902412000,247553000,654859000,1576482602,-2530000,0,-1817000,-24249000,-3962000,-26106000,-43236000,0,66691000,121000,26567000,26567000,26567000,0,0,0.027,162891000,53588000,205853000,0.182,3.749,59.34,59.165,134275000,0,71.59,1.631,1.598,98275000,90878000,966688000,966688000,0,0.02,0.065,0.071,0.055,6240000,142541000,1.0,22020989,21577000,22233000,44.802,462317000,37365000,3103000,132470000,21.385,52446000
DMND,MRY,2012-12-31,2012-07-31,2012-07-31,2017-04-15,4044000,1299349000,1391923000,278196000,1021153000,0.705,14.94,-43496000,9677000,9677000,801697000,-86336000,1.284,3.001,605047000,5449000,599598000,605047000,0,28347000,0,0.006,0.09,-50637000,-22290000,-0.023,-22290000,-50637000,-84613000,-3.98,-3.98,-3.98,324794000,379687250,324794000,870916158,-17,-39.072,-89787000,-4.139,1.0,179721000,0.183,840179000,33976000,837931000,814323500,165708000,0,0,0,974555000,216609000,757946000,358122158,179000,0,-2948000,86811000,-1983000,80727000,-33919000,0,-46291000,-338000,-86336000,-86336000,-86336000,0,0,-0.088,219998000,-40277000,164339000,-0.023,1.103,-4.148,-4.088,146944000,0,16.27,0.365,0.36,85041000,2559000,981418000,981418000,0,-0.062,-0.227,-0.062,-0.052,9206000,168532000,1.0,22011196,21692000,21692000,45.243,459170000,9238000,1723000,127024000,21.121,61587000
DMND,MRY,2013-12-31,2013-07-31,2013-07-31,2017-04-15,4007000,1172315000,1270980750,231105000,941210000,0.68,7.751,-8098000,5885000,5885000,658489000,-159911000,0.795,5.897,590937000,5860000,585077000,590937000,0,33525000,0,0.0,0.0,-118264000,-84739000,-0.098,-84739000,-118264000,-176189000,-7.33,-7.33,-7.33,169969000,282487500,169969000,1031495366,-8,-12.173,36163000,1.658,1.0,205523000,0.238,789209000,57925000,677513000,763168250,115456000,0,0,0,1002346000,290645000,711701000,453712366,2594000,0,-1115000,-40055000,0,-40881000,-1870000,0,44261000,1084000,-159911000,-159911000,-159911000,0,0,-0.185,312461000,-106938000,226638000,0.0,2.669,-2.837,-2.782,132225000,0,20.39,0.525,0.515,97202000,-157352000,864012000,864012000,0,-0.126,-0.566,-0.155,-0.137,4229000,274901000,1.0,22251710,21813000,21813000,39.61,383106000,0,-16278000,103518000,17.469,-59540000
DMND,MRY,2014-12-31,2014-07-31,2014-07-31,2017-04-15,23633000,1192834000,1238023500,243871000,948963000,0.699,9.12,-19195000,5318000,5318000,656961000,-164702000,1.826,3.203,647415000,10088000,637327000,647415000,0,31506000,0,0.0,0.0,-110342000,-78836000,-0.091,-78836000,-110342000,-162311000,-6.33,-6.33,-6.33,283800000,209787250,283800000,1478405728,-13,-18.753,-121455000,-4.665,1.0,208246000,0.241,803078000,51969000,898304000,745622500,124273000,0,0,0,909034000,133549000,775485000,842995728,-567000,0,-1399000,76482000,0,120522000,-19055000,0,-102260000,226000,-164702000,-164702000,-164702000,0,0,-0.19,209651000,-1405000,123461000,0.0,2.97,-5.118,-4.243,131891000,0,26.86,0.974,0.808,95505000,-322054000,865207000,865207000,0,-0.133,-0.785,-0.148,-0.128,7484000,194651000,1.0,31384800,26033000,26033000,33.235,389756000,9350000,2391000,115902000,12.525,110322000
DMND,MRY,2015-12-31,2015-07-31,2015-07-31,2017-04-15,5823000,1212692000,1267215500,283229000,929463000,0.682,9.875,-27156000,12758000,12758000,636171000,33030000,2.071,2.93,642327000,9193000,633134000,642327000,0,28857000,0,0.0,0.0,76015000,104872000,0.121,104872000,76015000,35258000,1.05,1.04,1.05,308577000,292327500,308577000,1623211598,21,15.478,20882000,0.671,1.0,227994000,0.264,779024000,40757000,926486000,896318500,158805000,1855000,0,1855000,904115000,136751000,767364000,1017033598,7440000,0,-2009000,-10115000,0,-10134000,-30095000,-3176000,48038000,-369000,33030000,33030000,33030000,0,0,0.038,152020000,75974000,127558000,0.0,3.296,30.791,30.771,137065000,0,32.31,1.177,1.164,95005000,-289024000,864165000,864165000,0,0.026,0.113,0.085,0.088,9576000,152020000,1.0,31477363,31138000,31570000,27.753,433668000,4591000,2228000,114715000,13.878,146478000
