ticker,dimension,calendardate,datekey,reportperiod,lastupdated,accoci,assets,assetsavg,assetsc,assetsnc,assetturnover,bvps,capex,cashneq,cashnequsd,cor,consolinc,currentratio,de,debt,debtc,debtnc,debtusd,deferredrev,depamor,deposits,divyield,dps,ebit,ebitda,ebitdamargin,ebitdausd,ebitusd,ebt,eps,epsdil,epsusd,equity,equityavg,equityusd,ev,evebit,evebitda,fcf,fcfps,fxusd,gp,grossmargin,intangibles,intexp,invcap,invcapavg,inventory,investments,investmentsc,investmentsnc,liabilities,liabilitiesc,liabilitiesnc,marketcap,ncf,ncfbus,ncfcommon,ncfdebt,ncfdiv,ncff,ncfi,ncfinv,ncfo,ncfx,netinc,netinccmn,netinccmnusd,netincdis,netincnci,netmargin,opex,opinc,payables,payoutratio,pb,pe,pe1,ppnenet,prefdivis,price,ps,ps1,receivables,retearn,revenue,revenueusd,rnd,roa,roe,roic,ros,sbcomp,sgna,sharefactor,sharesbas,shareswa,shareswadil,sps,tangibles,taxassets,taxexp,taxliabilities,tbvps,workingcapital
DOX,MRY,2011-12-31,2011-09-30,2011-09-30,2017-12-11,-19656000,4636572000,4728588000,1979320000,2657252000,0.672,16.323,-109779000,1173470000,1173470000,2069367000,346665000,1.957,0.534,250000000,250000000,0,250000000,151423000,181477000,0,0.0,0.0,404364000,585841000,0.184,585841000,404364000,395707000,1.87,1.86,1.87,3023301000,3126340500,3023301000,4002194327,9,6.832,425713000,2.299,1.0,1108361000,0.349,1933154000,8657000,768742000,737861000,0,0,0,0,1613271000,1011206000,602065000,5235493327,-204824000,-162964000,-567767000,49122000,0,-518645000,-221671000,69148000,535492000,0,346665000,346665000,346665000,0,0,0.109,703997000,404364000,126977000,0.0,1.732,15.102,14.503,258402000,0,27.12,1.648,1.581,565853000,2477135000,3177728000,3177728000,221886000,0.073,0.111,0.548,0.127,36453000,409465000,1.0,193049164,185213000,186559000,17.157,2703418000,235827000,49042000,325225000,14.596,968114000
DOX,MRY,2012-12-31,2012-09-30,2012-09-30,2017-12-11,-25501000,4645223000,4640897500,2041070000,2604153000,0.7,18.025,-122053000,1118177000,1118177000,2085468000,391371000,1.915,0.531,200000000,200000000,0,200000000,145184000,159614000,0,0.004,0.13,442472000,602086000,0.185,602086000,442472000,441524000,2.33,2.31,2.33,3033202000,3028251500,3033202000,4839608688,10,8.038,392016000,2.33,1.0,1161435000,0.358,1883064000,948000,778424000,773583000,0,0,0,0,1612021000,1065558000,546463000,5763078688,47787000,0,-397934000,-50000000,0,-448993000,-17289000,102156000,514069000,0,391371000,391371000,391371000,0,0,0.121,718963000,442472000,167630000,0.056,1.9,14.725,14.159,277907000,0,32.99,1.775,1.71,687223000,2847386000,3246903000,3246903000,242063000,0.084,0.129,0.572,0.136,43248000,424671000,1.0,174691685,168275000,169437000,19.295,2762159000,236548000,50153000,331346000,16.415,975512000
DOX,MRY,2013-12-31,2013-09-30,2013-09-30,2017-12-11,632000,4925813000,4785518000,2282074000,2643739000,0.699,20.299,-106724000,1326380000,1326380000,2167052000,412439000,2.124,0.504,200000000,200000000,0,200000000,151112000,140776000,0,0.014,0.52,481552000,622328000,0.186,622328000,481552000,475477000,2.56,2.53,2.56,3274783000,3153992500,3274783000,5034141224,10,8.089,563823000,3.495,1.0,1178802000,0.352,1975060000,6075000,750117000,764270500,0,0,0,0,1651030000,1074256000,576774000,5952318224,135034000,-112405000,-153631000,0,-84008000,-238384000,-297129000,-75199000,670547000,0,412439000,412439000,412439000,0,0,0.123,697250000,481552000,132709000,0.203,1.818,14.432,14.313,275544000,0,36.64,1.779,1.767,678219000,3176125000,3345854000,3345854000,240266000,0.086,0.131,0.63,0.144,39974000,418574000,1.0,162454100,161330000,163118000,20.739,2950753000,239846000,63038000,355341000,18.29,1207818000
DOX,MRY,2014-12-31,2014-09-30,2014-09-30,2017-12-11,-9972000,5185277000,5055545000,2423974000,2761303000,0.705,21.356,-111569000,1424465000,1424465000,2306892000,422122000,2.019,0.527,210000000,210000000,0,210000000,156743000,162772000,0,0.013,0.59,495648000,658420000,0.185,658420000,495648000,489550000,2.65,2.62,2.65,3395836000,3335309500,3395836000,6217263413,12,9.443,597689000,3.759,1.0,1256745000,0.353,2106452000,6098000,663613000,706865000,0,0,0,0,1789441000,1200747000,588694000,7343643413,89077000,-180540000,-243889000,10000000,-90939000,-321628000,-298553000,-10316000,709258000,0,422122000,422122000,422122000,0,0,0.118,761097000,495648000,142627000,0.223,2.163,17.397,17.313,288956000,0,45.88,2.061,2.047,715837000,3503829000,3563637000,3563637000,257896000,0.083,0.127,0.701,0.139,40653000,445134000,1.0,160061975,159012000,161366000,22.411,3078825000,148346000,67428000,359590000,19.362,1223227000
DOX,MRY,2015-12-31,2015-09-30,2015-09-30,2017-12-11,-16753000,5324652000,5254964500,2378162000,2946490000,0.693,21.741,-120503000,1354012000,1354012000,2349488000,446163000,1.744,0.563,220000000,220000000,0,220000000,198470000,174795000,0,0.012,0.67,515948000,690743000,0.19,690743000,515948000,513404000,2.89,2.85,2.89,3406842000,3401339000,3406842000,7698878712,14,11.146,652119000,4.161,1.0,1294050000,0.355,2301610000,2544000,525527000,594570000,0,0,0,0,1917810000,1363503000,554307000,8913343712,-67696000,-263193000,-375814000,10000000,-100790000,-460664000,-379654000,2634000,772622000,0,446163000,446163000,446163000,0,0,0.122,778102000,515948000,111974000,0.232,2.616,19.978,19.682,309320000,0,56.88,2.446,2.446,714784000,3847796000,3643538000,3643538000,254944000,0.085,0.131,0.868,0.142,38611000,440085000,1.0,156704355,156704355,,23.251,3023042000,150733000,67241000,305985000,19.291,1014659000
DOX,MRY,2016-12-31,2016-09-30,2016-09-30,2017-12-11,6095000,5331355000,5328003500,2100391000,3230964000,0.698,22.849,-130086000,1095723000,1095723000,2408040000,409331000,1.538,0.544,200000000,200000000,0,200000000,173331000,211791000,0,0.013,0.76,483141000,694932000,0.187,694932000,483141000,484698000,2.74,2.71,2.74,3453561000,3430201500,3453561000,7610025276,15,10.951,490148000,3.243,1.0,1310189000,0.352,2493166000,-1557000,576456000,550991500,0,0,0,0,1877794000,1366010000,511784000,8744037276,-266913000,-283450000,-323822000,-20000000,-109304000,-446296000,-440851000,-8782000,620234000,0,409331000,409331000,409331000,0,0,0.11,827048000,483141000,136675000,0.277,2.532,21.362,21.113,331728000,0,57.85,2.352,2.352,818531000,4144827000,3718229000,3718229000,252292000,0.077,0.119,0.877,0.13,35787000,464883000,1.0,151150169,151150169,,24.6,2838189000,0,75367000,227099000,18.777,734381000
DOX,MRY,2017-12-31,2017-09-30,2017-09-30,2017-12-11,18790000,5279380000,5305367500,2048486000,3230894000,0.729,24.291,-133392000,979608000,979608000,2507656000,436826000,1.746,0.477,0,0,0,0,113091000,214885000,0,0.013,0.85,517333000,732218000,0.189,732218000,517333000,512912000,2.99,2.96,2.99,3574070000,3513815500,3574070000,8567950544,16,11.701,502720000,3.417,1.0,1359499000,0.352,2398535000,4421000,728291000,652373500,0,0,0,0,1705310000,1172946000,532364000,9463673544,-119049000,-18064000,-253011000,-200000000,-121503000,-569848000,-185313000,-3917000,636112000,0,436826000,436826000,436826000,0,0,0.113,842166000,517333000,126414000,0.284,2.648,21.665,21.512,355685000,0,64.32,2.447,2.447,865068000,4457107000,3867155000,3867155000,259097000,0.082,0.124,0.793,0.134,39873000,472778000,1.0,147134228,147134228,,26.283,2880845000,0,76086000,219417000,19.58,875540000
