ticker,dimension,calendardate,datekey,reportperiod,lastupdated,accoci,assets,assetsavg,assetsc,assetsnc,assetturnover,bvps,capex,cashneq,cashnequsd,cor,consolinc,currentratio,de,debt,debtc,debtnc,debtusd,deferredrev,depamor,deposits,divyield,dps,ebit,ebitda,ebitdamargin,ebitdausd,ebitusd,ebt,eps,epsdil,epsusd,equity,equityavg,equityusd,ev,evebit,evebitda,fcf,fcfps,fxusd,gp,grossmargin,intangibles,intexp,invcap,invcapavg,inventory,investments,investmentsc,investmentsnc,liabilities,liabilitiesc,liabilitiesnc,marketcap,ncf,ncfbus,ncfcommon,ncfdebt,ncfdiv,ncff,ncfi,ncfinv,ncfo,ncfx,netinc,netinccmn,netinccmnusd,netincdis,netincnci,netmargin,opex,opinc,payables,payoutratio,pb,pe,pe1,ppnenet,prefdivis,price,ps,ps1,receivables,retearn,revenue,revenueusd,rnd,roa,roe,roic,ros,sbcomp,sgna,sharefactor,sharesbas,shareswa,shareswadil,sps,tangibles,taxassets,taxexp,taxliabilities,tbvps,workingcapital
DSWL,MRY,2011-12-31,2011-03-31,2011-03-31,2017-07-14,5316000,127159000,130585000,75561000,51598000,0.643,6.873,-947000,35635000,35635000,74474000,-8114000,4.761,0.143,0,0,0,0,0,6197000,1965000,0.033,0.1,-7732000,-1535000,-0.018,-1535000,-7732000,-7732000,-0.5,-0.5,-0.5,111287000,116151000,111287000,13455430,-1,-8.766,-4141000,-0.256,1.0,9548000,0.114,392000,0,75260000,80381500,19517000,1045000,1045000,0,15872000,15872000,0,48575430,515000,0,0,0,-810000,-804000,4513000,5460000,-3194000,0,-8114000,-8114000,-8114000,0,0,-0.097,13941000,-4393000,7674000,-0.2,0.436,-5.987,-6.0,51052000,0,3.0,0.578,0.578,17210000,47443000,84022000,84022000,0,-0.062,-0.07,-0.096,-0.092,0,13941000,1.0,16191810,16193000,16193000,5.189,126767000,154000,382000,809000,7.829,59689000
DSWL,MRY,2012-12-31,2012-03-31,2012-03-31,2017-07-14,4570000,121959000,124559000,75203000,46756000,0.52,6.649,32000,37081000,37081000,55318000,-1461000,5.27,0.133,0,0,0,0,0,4920000,2257000,0.049,0.12,-979000,3941000,0.061,3941000,-979000,-979000,-0.09,-0.09,-0.09,107689000,109488000,107689000,3878716,-3,0.984,11181000,0.69,1.0,9465000,0.146,392000,0,70216000,72738000,15852000,7630000,7630000,0,14270000,14270000,0,39513716,-2562000,0,4000,0,-2430000,-2426000,-11285000,-11317000,11149000,0,-1461000,-1461000,-1461000,0,0,-0.023,12273000,-2808000,6065000,-1.333,0.367,-27.046,-27.11,46177000,0,2.44,0.61,0.61,12476000,44038000,64783000,64783000,0,-0.012,-0.013,-0.013,-0.015,549000,12273000,1.0,16194810,16197000,16197000,4.0,121567000,187000,482000,859000,7.506,60933000
DSWL,MRY,2013-12-31,2013-03-31,2013-03-31,2017-07-14,5288000,112565000,117262000,69287000,43278000,0.455,6.168,-855000,40714000,40714000,46171000,-1991000,6.305,0.108,0,0,0,0,0,4219000,1254000,0.118,0.3,-1663000,2556000,0.048,2556000,-1663000,-1663000,-0.12,-0.12,-0.12,101576000,104632500,101576000,4075094,-2,1.594,7555000,0.459,1.0,7211000,0.135,392000,0,60470000,65343000,11376000,7754000,7754000,0,10989000,10989000,0,41156094,-1043000,0,193000,0,-5357000,-5164000,-4289000,-3434000,8410000,0,-1991000,-1991000,-1991000,449000,0,-0.037,10714000,-3503000,3144000,-2.5,0.405,-20.671,-21.175,42694000,0,2.541,0.771,0.784,8291000,37014000,53382000,53382000,0,-0.017,-0.019,-0.025,-0.031,0,10714000,1.0,16196810,16467000,16467000,3.242,112173000,192000,328000,1198000,6.812,58298000
DSWL,MRY,2014-12-31,2014-03-31,2014-03-31,2017-07-14,5345000,100636000,106600500,61894000,38742000,0.384,5.536,233000,34536000,34536000,37295000,-7490000,5.613,0.123,0,0,0,0,0,3621000,1780000,0.106,0.22,-6866000,-3245000,-0.079,-3245000,-6866000,-6866000,-0.46,-0.46,-0.46,89610000,95593000,89610000,-6791568,0,2.093,-1645000,-0.102,1.0,3637000,0.089,0,0,55074000,57772000,11012000,6946000,6946000,0,11026000,11026000,0,33922431,-8752000,0,-918000,0,-3615000,-4533000,-2341000,-2574000,-1878000,0,-7490000,-7490000,-7490000,411000,0,-0.183,10257000,-6620000,2665000,-0.478,0.379,-4.529,-4.5,38742000,0,2.07,0.829,0.819,7926000,25909000,40932000,40932000,0,-0.07,-0.078,-0.119,-0.168,0,10257000,1.0,16387648,16186000,16186000,2.529,100636000,0,624000,953000,6.217,50868000
DSWL,MRY,2015-12-31,2015-03-31,2015-03-31,2017-07-14,5378000,96439000,98537500,58240000,38199000,0.386,5.236,86000,24236000,24236000,33852000,-2808000,4.706,0.147,0,0,0,0,0,2824000,2450000,0.098,0.18,-2601000,223000,0.006,223000,-2601000,-2601000,-0.17,-0.17,-0.17,84063000,86836500,84063000,-4382727,1,-19.653,-2284000,-0.142,1.0,4224000,0.111,0,0,59827000,57450500,10828000,13080000,11479000,1601000,12376000,12376000,0,30153272,-8953000,0,0,0,-2971000,-2971000,-3612000,-3698000,-2370000,0,-2808000,-2808000,-2808000,348000,0,-0.074,9123000,-4899000,3348000,-1.059,0.359,-10.738,-10.824,36598000,0,1.84,0.792,0.776,9577000,20130000,38076000,38076000,0,-0.028,-0.032,-0.045,-0.068,199000,9123000,1.0,16387648,16056000,16056000,2.371,96439000,0,207000,1149000,6.006,45864000
DSWL,MRY,2016-12-31,2016-03-31,2016-03-31,2017-07-14,5305000,87571000,92005000,50653000,36918000,0.484,4.784,675000,17272000,17272000,39775000,-4934000,4.706,0.14,0,0,0,0,0,2373000,1423000,0.082,0.14,-4776000,-2403000,-0.054,-2403000,-4776000,-4776000,-0.31,-0.31,-0.31,76808000,80435500,76808000,3059606,0,-1.273,1238000,0.077,1.0,4793000,0.108,0,0,59536000,59681500,8114000,18189000,13623000,4566000,10763000,10763000,0,27295606,-2329000,0,0,0,-1686000,-1686000,-1206000,-1881000,563000,0,-4934000,-4934000,-4934000,0,0,-0.111,9119000,-4326000,2790000,-0.452,0.355,-5.532,-5.484,32352000,0,1.7,0.612,0.612,9208000,12948000,44568000,44568000,0,-0.054,-0.061,-0.08,-0.107,0,9119000,1.0,16056239,16056000,16056000,2.776,87571000,0,158000,1226000,5.454,39890000
DSWL,MRY,2017-12-31,2017-03-31,2017-03-31,2017-07-14,5316000,90987000,89279000,56093000,34894000,0.499,4.752,-1159000,13500000,13500000,37073000,1376000,3.794,0.194,0,0,0,0,0,2135000,2152000,0.056,0.11,1585000,3720000,0.084,3720000,1585000,1585000,0.09,0.09,0.09,76201000,76504500,76201000,14037666,8,3.774,-2241000,-0.14,1.0,7449000,0.167,0,0,62701000,61118500,10688000,19229000,16327000,2902000,14786000,14786000,0,31309666,-3918000,0,-308000,0,-2248000,-2556000,-280000,879000,-1082000,0,1376000,1376000,1376000,0,0,0.031,8856000,-1407000,5152000,1.222,0.411,22.754,21.667,31992000,0,1.95,0.703,0.702,13159000,12638000,44522000,44522000,0,0.015,0.018,0.026,0.036,0,8856000,1.0,16056239,16035000,16035000,2.777,90987000,0,209000,1365000,5.674,41307000
