ticker,dimension,calendardate,datekey,reportperiod,lastupdated,accoci,assets,assetsavg,assetsc,assetsnc,assetturnover,bvps,capex,cashneq,cashnequsd,cor,consolinc,currentratio,de,debt,debtc,debtnc,debtusd,deferredrev,depamor,deposits,divyield,dps,ebit,ebitda,ebitdamargin,ebitdausd,ebitusd,ebt,eps,epsdil,epsusd,equity,equityavg,equityusd,ev,evebit,evebitda,fcf,fcfps,fxusd,gp,grossmargin,intangibles,intexp,invcap,invcapavg,inventory,investments,investmentsc,investmentsnc,liabilities,liabilitiesc,liabilitiesnc,marketcap,ncf,ncfbus,ncfcommon,ncfdebt,ncfdiv,ncff,ncfi,ncfinv,ncfo,ncfx,netinc,netinccmn,netinccmnusd,netincdis,netincnci,netmargin,opex,opinc,payables,payoutratio,pb,pe,pe1,ppnenet,prefdivis,price,ps,ps1,receivables,retearn,revenue,revenueusd,rnd,roa,roe,roic,ros,sbcomp,sgna,sharefactor,sharesbas,shareswa,shareswadil,sps,tangibles,taxassets,taxexp,taxliabilities,tbvps,workingcapital
DYNT,MRY,2011-12-31,2011-06-30,2011-06-30,2018-05-15,0,14819181,14843406,10432811,4386370,2.203,2.527,-531501,384904,384904,20208035,270888,1.774,1.24,5190489,2952072,2238417,5190489,0,453932,0,0.0,0.0,713268,1167200,0.036,1167200,713268,418864,0.1,0.1,0.1,6615159,6697199,6615159,24200390,33,20.734,1076868,0.404,1.0,12484824,0.382,369352,294404,13375334,13805170,5647815,0,0,0,8204022,5880080,2323942,19089170,1148,0,-511104,-564616,0,-1075720,-531501,0,1608369,0,270888,270888,270888,0,0,0.008,11815175,669649,2127163,0.0,2.886,70.469,73.0,3722749,0,7.3,0.584,0.595,3686292,-802085,32692859,32692859,1383712,0.018,0.04,0.052,0.022,56098,10431463,1.0,2614954,2666516,2666516,12.261,14449829,447361,147976,85525,5.52,4552731
DYNT,MRY,2012-12-31,2012-06-30,2012-06-30,2018-05-15,0,15270930,15207164,10654158,4616772,2.082,2.469,-328707,278263,278263,19720948,-23535,1.503,1.437,5808967,3892652,1916315,5808967,0,449011,0,0.0,0.0,71752,520763,0.016,520763,71752,-190241,-0.01,-0.01,-0.01,6266315,6269469,6266315,12263404,170,23.549,-292895,-0.114,1.0,11943233,0.377,324715,261993,13388619,13518112,6098597,0,0,0,9004615,7088300,1916315,6346862,-106641,0,-401408,587662,0,186254,-328707,0,35812,0,-23535,-23535,-23535,0,0,-0.001,11916866,26367,2413201,0.0,1.013,-269.678,-250.1,3677898,0,2.501,0.2,0.202,3678804,-825620,31664181,31664181,1410406,-0.002,-0.004,0.005,0.002,76099,10506460,1.0,2537730,2562203,2562203,12.358,14946215,503338,-166706,0,5.888,3565858
DYNT,MRY,2013-12-31,2013-06-30,2013-06-30,2018-05-15,0,15104587,15160182,10879449,4225138,1.948,2.465,-100093,302050,302050,18451673,-44371,1.483,1.433,5380739,3818963,1561776,5380739,0,553701,0,0.0,0.0,129574,683275,0.023,683275,129574,-131125,-0.02,-0.02,-0.02,6208950,6279226,6208950,12241290,94,17.916,543013,0.215,1.0,11086602,0.375,280078,260699,12569337,13098862,6407553,0,0,0,8895637,7333861,1561776,6574339,23787,0,-99633,-419593,0,-519226,-100093,0,643106,0,-44371,-44371,-44371,0,0,-0.002,10981851,104751,2751894,0.0,1.059,-148.167,-130.5,3324947,0,2.61,0.223,0.223,3273909,-869991,29538275,29538275,1120887,-0.003,-0.007,0.01,0.004,86639,9860964,1.0,2518904,2526533,2526533,11.691,14824509,586542,-86754,21369,5.885,3545588
DYNT,MRY,2014-12-31,2014-06-30,2014-06-30,2018-05-15,0,14295144,14685958,10378927,3916217,1.869,2.384,-176958,332800,332800,17423851,-271142,1.476,1.379,5078616,3823483,1255133,5078616,0,580915,0,0.0,0.0,-165300,415615,0.015,415615,-165300,-397165,-0.11,-0.11,-0.11,6008679,6086362,6008679,14554405,-88,35.019,329564,0.131,1.0,10020372,0.365,235440,231865,11774188,12226062,6157848,0,0,0,8286465,7031332,1255133,9375847,30750,0,0,-298814,0,-298814,-176958,0,506522,0,-271142,-271142,-271142,0,0,-0.01,10206162,-185790,2433534,0.0,1.56,-34.579,-33.818,2980677,0,3.72,0.342,0.342,3180990,-1141133,27444223,27444223,992729,-0.018,-0.045,-0.014,-0.006,70871,9213433,1.0,2520389,2519490,2519490,10.893,14059704,712563,-126023,30452,5.578,3347595
DYNT,MRY,2015-12-31,2015-06-30,2015-06-30,2018-05-15,0,19152230,18276758,13313009,5839221,1.593,2.897,3733667,3925967,3925967,20048069,-2250337,2.389,1.621,6321128,2205160,4115968,6321128,0,446968,0,0.0,0.0,-1068403,-621435,-0.021,-621435,-1068403,-1399245,-1.73,-1.73,-1.73,7306328,6270394,7306328,14198907,-13,-22.849,2668159,1.058,1.0,9069459,0.311,190803,330842,15784829,17284156,5421787,0,0,0,11845902,5571759,6274143,8140856,3593167,0,0,-2557488,0,925008,3733667,0,-1065508,0,-2250337,-4361190,-4361190,0,0,-0.15,10156359,-1086900,2520327,0.0,1.114,-1.867,-1.867,5025076,2110853,3.23,0.28,0.28,3353518,-3391470,29117528,29117528,926954,-0.239,-0.696,-0.062,-0.037,66372,9229405,1.0,2520389,2520723,2520723,11.551,18961427,338108,851092,136128,7.519,7741250
DYNT,MRY,2016-12-31,2016-06-30,2016-06-30,2018-05-15,0,15272698,16208744,9754849,5517849,1.876,2.009,-195946,966183,966183,20057614,-1902261,2.479,1.733,4155323,320585,3834738,4155323,0,311982,0,0.0,0.0,-1677663,-1365681,-0.045,-1365681,-1677663,-1966812,-0.84,-0.84,-0.84,5588010,6587018,5588010,11390816,-6,-8.341,-730923,-0.27,1.0,10354143,0.34,160123,289149,14367365,15456916,4997254,0,0,0,9684688,3934350,5750338,8236641,-2959784,0,-19946,-2208915,0,-2228861,-195946,0,-534977,0,-1902261,-2274552,-2274552,0,0,-0.075,12048989,-1694846,1914342,0.0,1.474,-3.621,-3.536,4777565,372291,2.97,0.271,0.264,3534677,-5666022,30411757,30411757,1070383,-0.14,-0.345,-0.109,-0.055,203889,10978606,1.0,2773280,2706424,2706424,11.237,15112575,0,-64551,2895,5.434,5820499
DYNT,MRY,2017-12-31,2017-06-30,2017-06-30,2018-05-15,0,26063877,18860540,13470923,12592954,1.896,3.909,-85876,254705,254705,24249832,-1866395,1.764,1.115,6067096,2517561,3549535,6067096,0,462321,0,0.0,0.0,-1588765,-1126444,-0.032,-1126444,-1588765,-1866395,-1.36,-1.36,-1.36,12324390,7412759,12324390,13476280,-8,-11.964,-1614204,-0.512,1.0,11508498,0.322,7056604,277630,17182298,14838552,7397682,0,0,0,13739487,7637366,6102121,10312652,-711478,-9116089,8199091,1835965,0,10018815,-9201965,0,-1528328,0,-1866395,-4293128,-4293128,0,0,-0.12,13182912,-1674414,2334563,0.0,0.837,-2.402,-2.059,4973477,2426733,2.8,0.288,0.247,5314736,-8014927,35758330,35758330,1081373,-0.228,-0.579,-0.107,-0.044,419925,12101539,1.0,3683090,3152425,3152425,11.343,19007273,0,0,8438,6.029,5833557
