ticker,dimension,calendardate,datekey,reportperiod,lastupdated,accoci,assets,assetsavg,assetsc,assetsnc,assetturnover,bvps,capex,cashneq,cashnequsd,cor,consolinc,currentratio,de,debt,debtc,debtnc,debtusd,deferredrev,depamor,deposits,divyield,dps,ebit,ebitda,ebitdamargin,ebitdausd,ebitusd,ebt,eps,epsdil,epsusd,equity,equityavg,equityusd,ev,evebit,evebitda,fcf,fcfps,fxusd,gp,grossmargin,intangibles,intexp,invcap,invcapavg,inventory,investments,investmentsc,investmentsnc,liabilities,liabilitiesc,liabilitiesnc,marketcap,ncf,ncfbus,ncfcommon,ncfdebt,ncfdiv,ncff,ncfi,ncfinv,ncfo,ncfx,netinc,netinccmn,netinccmnusd,netincdis,netincnci,netmargin,opex,opinc,payables,payoutratio,pb,pe,pe1,ppnenet,prefdivis,price,ps,ps1,receivables,retearn,revenue,revenueusd,rnd,roa,roe,roic,ros,sbcomp,sgna,sharefactor,sharesbas,shareswa,shareswadil,sps,tangibles,taxassets,taxexp,taxliabilities,tbvps,workingcapital
EBF,MRY,2011-12-31,2011-02-28,2011-02-28,2018-05-11,-8448000,473728000,458501000,182398000,291330000,1.2,13.423,-33748000,12305000,12305000,395501000,44631000,3.873,0.363,50586000,586000,50000000,50586000,0,8066000,0,0.038,0.625,70651000,78717000,0.143,78717000,70651000,69417000,1.73,1.72,1.73,347683000,334751500,347683000,453809733,6,5.765,-982000,-0.038,1.0,154498000,0.281,193653000,1234000,271258000,245440500,100363000,0,0,0,126045000,47098000,78947000,421209733,-8758000,-2237000,101000,10000000,-16057000,-6005000,-35985000,0,32766000,466000,44631000,44631000,44631000,0,0,0.081,83677000,70821000,18868000,0.361,1.211,9.438,9.393,93661000,0,16.25,0.766,0.764,58359000,234636000,549999000,549999000,0,0.097,0.133,0.288,0.128,1031000,83678000,1.0,25920599,25855129,25887995,21.272,280075000,6036000,24786000,28899000,10.813,135300000
EBF,MRY,2012-12-31,2012-02-29,2012-02-29,2018-05-11,-12785000,531962000,498687000,219210000,312752000,1.037,13.845,-4854000,10410000,10410000,386501000,31358000,4.363,0.478,90000000,0,90000000,90000000,0,9521000,0,0.038,0.63,51665000,61186000,0.118,61186000,51665000,49380000,1.21,1.21,1.21,359875000,360193250,359875000,469945102,9,7.681,19719000,0.76,1.0,130513000,0.252,208295000,2285000,353016000,273872500,132572000,0,0,0,172087000,50241000,121846000,436706102,-1895000,-45956000,215000,40000000,-16132000,23691000,-50810000,0,24573000,651000,31358000,31358000,31358000,0,0,0.061,78825000,51688000,27924000,0.521,1.213,13.926,13.851,99516000,0,16.76,0.845,0.841,58790000,249862000,517014000,517014000,0,0.063,0.087,0.189,0.1,962000,78962000,1.0,26056450,25946107,25967677,19.926,323667000,9347000,18022000,24759000,12.452,168969000
EBF,MRY,2013-12-31,2013-02-28,2013-02-28,2018-05-11,-14903000,495292000,502804250,193416000,301876000,1.061,13.836,-2542000,6232000,6232000,409354000,24715000,4.494,0.371,57500000,0,57500000,57500000,0,9957000,0,0.057,0.885,40146000,50103000,0.094,50103000,40146000,38618000,0.95,0.95,0.95,361216000,361287500,361216000,460375505,11,9.189,47415000,1.821,1.0,124152000,0.233,205960000,1528000,297561000,312503500,109698000,0,0,0,134076000,43039000,91037000,409609505,-4178000,3737000,83000,-32500000,-22864000,-55215000,1195000,0,49957000,-115000,24715000,24715000,24715000,0,0,0.046,83759000,40393000,22256000,0.932,1.134,16.573,16.484,91913000,0,15.66,0.768,0.764,60071000,251713000,533506000,533506000,0,0.049,0.068,0.128,0.075,1393000,83757000,1.0,26156418,26035571,26053452,20.491,289332000,9990000,13903000,24387000,11.082,150377000
EBF,MRY,2014-12-31,2014-02-28,2014-02-28,2018-05-11,-12413000,536347000,517660000,214143000,322204000,1.048,13.863,-3654000,5316000,5316000,398649000,13189000,5.114,0.478,105500000,0,105500000,105500000,0,9854000,0,0.034,0.535,33060000,42914000,0.079,42914000,33060000,31792000,0.5,0.5,0.5,362935000,372076500,362935000,501362320,15,11.683,29101000,1.114,1.0,143793000,0.265,226982000,1268000,367672000,311130000,130095000,0,0,0,173412000,41877000,131535000,414378320,-916000,-61857000,-1744000,48000000,-13765000,32508000,-65511000,0,32755000,-668000,13189000,13189000,13189000,0,0,0.024,110629000,33164000,22062000,1.07,1.142,31.418,31.6,91565000,0,15.8,0.764,0.761,63695000,251137000,542442000,542442000,0,0.025,0.035,0.106,0.061,1515000,86677000,1.0,26226476,26125348,26146325,20.763,309365000,6885000,18603000,23687000,11.817,172266000
EBF,MRY,2015-12-31,2015-02-28,2015-02-28,2018-05-11,-22197000,453262000,496472750,216542000,236720000,0.766,11.086,-1876000,15346000,15346000,265308000,-44533000,5.38,0.592,106500000,0,106500000,106500000,0,6778000,0,0.05,0.7,-24540000,-17762000,-0.047,-17762000,-24540000,-24548000,-1.72,-1.72,-1.72,284680000,328056750,284680000,446000362,-18,-25.11,62558000,2.419,1.0,115071000,0.303,140716000,8000,363453000,362549750,119814000,0,0,0,168582000,40247000,128335000,359168362,9195000,-27082000,-6980000,18505000,-18191000,-24277000,-29410000,0,64434000,-1552000,-44533000,-44533000,-44533000,79003000,0,-0.117,60607000,54464000,21275000,-0.407,1.262,-8.065,-8.11,92875000,0,13.95,0.944,0.949,62865000,188413000,380379000,380379000,0,-0.09,-0.136,-0.068,-0.065,1445000,60661000,1.0,25746836,25864352,25864352,14.707,312546000,9470000,19985000,10904000,12.171,176295000
EBF,MRY,2016-12-31,2016-02-29,2016-02-29,2018-05-11,-27285000,390044000,413762750,175841000,214203000,0.933,11.59,-3189000,7957000,7957000,269636000,35736000,4.353,0.306,40000000,0,40000000,40000000,0,12353000,0,0.035,0.7,54519000,66872000,0.173,66872000,54519000,54519000,1.39,1.39,1.39,298546000,295202500,298546000,540799653,9,8.087,83495000,3.25,1.0,116310000,0.301,116801000,0,264886000,282816750,27619000,0,0,0,91498000,40400000,51098000,509509653,-5400000,-331000,0,-59010000,-18044000,-84590000,-4116000,0,86684000,-3378000,35736000,35736000,35736000,-3478000,0,0.093,65264000,51046000,13738000,0.504,1.707,14.258,14.201,50791000,0,19.74,1.32,1.314,36546000,206105000,385946000,385946000,0,0.086,0.121,0.193,0.141,1354000,65743000,1.0,25811026,25688273,25722367,15.024,273243000,1318000,18783000,1772000,10.608,135441000
EBF,MRY,2017-12-31,2017-02-28,2017-02-28,2018-05-11,-15261000,324285000,333190250,149250000,175035000,1.071,9.845,-2401000,80466000,80466000,252938000,1780000,4.98,0.29,30000000,0,30000000,30000000,0,12607000,0,0.135,2.2,16009000,28616000,0.08,28616000,16009000,15396000,0.07,0.07,0.07,251355000,260401500,251355000,360283029,22,12.59,56486000,2.195,1.0,103950000,0.291,124530000,613000,119321000,126535000,27965000,0,0,0,72930000,29968000,42962000,418148029,72509000,88770000,-5533000,-10000000,-57200000,-72468000,86090000,0,58887000,0,1780000,1780000,1780000,24637000,0,0.005,63425000,40525000,14202000,31.429,1.664,234.915,233.571,49995000,0,16.35,1.172,1.179,37368000,150685000,356888000,356888000,0,0.005,0.007,0.127,0.045,1096000,63147000,1.0,25574803,25734667,25749185,13.868,199755000,855000,13616000,7178000,7.824,119282000
EBF,MRY,2018-12-31,2018-02-28,2018-02-28,2018-05-11,-16428000,329439000,327563250,163344000,166095000,1.13,10.301,-2603000,96230000,96230000,253257000,32905000,5.524,0.259,30000000,0,30000000,30000000,0,14091000,0,0.04,0.775,47833000,61924000,0.167,61924000,47833000,47056000,1.3,1.3,1.3,261704000,257344250,261704000,432699355,9,6.988,42687000,1.681,1.0,116914000,0.316,119857000,777000,113781000,118391000,26480000,0,0,0,67735000,29571000,38164000,495629355,15764000,-1350000,-3313000,0,-22260000,-25573000,-3953000,0,45290000,0,32905000,32905000,32905000,-147000,0,0.089,69613000,47301000,12168000,0.596,1.894,15.062,15.0,45908000,0,19.5,1.339,1.338,35654000,164177000,370171000,370171000,0,0.1,0.128,0.404,0.129,1337000,69451000,1.0,25416890,25391998,25417244,14.578,209582000,3600000,14151000,6324000,8.249,133773000
