ticker,dimension,calendardate,datekey,reportperiod,lastupdated,accoci,assets,assetsavg,assetsc,assetsnc,assetturnover,bvps,capex,cashneq,cashnequsd,cor,consolinc,currentratio,de,debt,debtc,debtnc,debtusd,deferredrev,depamor,deposits,divyield,dps,ebit,ebitda,ebitdamargin,ebitdausd,ebitusd,ebt,eps,epsdil,epsusd,equity,equityavg,equityusd,ev,evebit,evebitda,fcf,fcfps,fxusd,gp,grossmargin,intangibles,intexp,invcap,invcapavg,inventory,investments,investmentsc,investmentsnc,liabilities,liabilitiesc,liabilitiesnc,marketcap,ncf,ncfbus,ncfcommon,ncfdebt,ncfdiv,ncff,ncfi,ncfinv,ncfo,ncfx,netinc,netinccmn,netinccmnusd,netincdis,netincnci,netmargin,opex,opinc,payables,payoutratio,pb,pe,pe1,ppnenet,prefdivis,price,ps,ps1,receivables,retearn,revenue,revenueusd,rnd,roa,roe,roic,ros,sbcomp,sgna,sharefactor,sharesbas,shareswa,shareswadil,sps,tangibles,taxassets,taxexp,taxliabilities,tbvps,workingcapital
EDUC,MRY,2011-12-31,2011-02-28,2011-02-28,2018-01-17,0,18705000,19083825,15757800,2947200,1.428,3.757,-19600,1988200,1988200,10284700,1168200,3.894,0.276,75000,75000,0,75000,0,124700,0,0.078,0.51,1870200,1994900,0.073,1994900,1870200,1870200,0.3,0.3,0.3,14658500,14889750,14658500,21760729,11,10.908,2795800,0.719,1.0,16958500,0.622,0,0,12745300,12919650,10603100,0,0,0,4046500,4046500,0,25367829,791300,0,53000,-75000,-1982500,-2004500,-19600,0,2815400,0,1168200,1168200,1168200,0,0,0.043,15214900,1743600,2407900,1.7,1.731,21.715,21.667,2042400,0,6.5,0.931,0.928,3076300,16575100,27243200,27243200,0,0.061,0.078,0.145,0.069,0,15026400,1.0,3902743,3887895,3890384,7.007,18705000,423000,702000,23800,4.795,11711300
EDUC,MRY,2012-12-31,2012-02-29,2012-02-29,2018-01-17,0,18011400,18437450,14846000,3165400,1.425,3.639,-76100,760100,760100,10549000,1420900,3.913,0.267,250000,250000,0,250000,0,118100,0,0.097,0.48,2277700,2395800,0.091,2395800,2277700,2277700,0.36,0.36,0.36,14217600,14252700,14217600,18314963,8,7.645,707800,0.182,1.0,15724300,0.598,0,0,13707500,13201325,10402000,250000,0,250000,3793800,3793800,0,19384463,-1228100,0,9300,175000,-1870200,-1685900,-326100,-250000,783900,0,1420900,1420900,1420900,0,0,0.054,13538100,2186200,1793900,1.333,1.363,13.642,13.778,2000400,0,4.96,0.738,0.736,3575000,16124900,26273300,26273300,0,0.077,0.1,0.173,0.087,0,13538100,1.0,3908158,3898145,3898793,6.74,18011400,445700,856800,64200,4.61,11052200
EDUC,MRY,2013-12-31,2013-02-28,2013-02-28,2018-01-17,0,17900800,18574750,14662400,3238400,1.372,3.401,-29300,469100,469100,10494200,802900,3.296,0.331,1250000,1250000,0,1250000,0,114200,0,0.123,0.48,1282000,1396200,0.055,1396200,1282000,1282000,0.2,0.2,0.2,13451800,13827250,13451800,15611152,12,11.181,609700,0.155,1.0,14993300,0.588,0,0,14232700,13888225,10283700,430300,0,430300,4449000,4449000,0,15525452,-291000,0,164400,1000000,-1884800,-720400,-209600,-180300,639000,0,802900,802900,802900,0,0,0.032,13765200,1228100,1862100,2.4,1.154,19.337,19.55,1915500,0,3.91,0.609,0.604,3419100,15194700,25487500,25487500,0,0.043,0.058,0.092,0.05,0,13765200,1.0,3970704,3934352,3934352,6.478,17900800,687600,479100,0,4.526,10213400
EDUC,MRY,2014-12-31,2014-02-28,2014-02-28,2018-01-17,0,16758300,17495525,14071700,2686600,1.492,3.168,-77500,680000,680000,10523500,357600,3.37,0.332,0,0,0,0,0,115400,0,0.085,0.32,873500,988900,0.038,988900,873500,873500,0.09,0.09,0.09,12582400,12990550,12582400,14922460,17,15.09,2687600,0.677,1.0,15573500,0.597,0,0,11902400,13089825,10339600,0,0,0,4175900,4175900,0,14883760,210900,0,44800,-1250000,-1271500,-2476700,-77500,0,2765100,0,357600,357600,357600,0,0,0.014,14321800,1251700,2543700,3.556,1.183,41.621,41.611,1877600,0,3.745,0.57,0.569,3000800,14280500,26097000,26097000,0,0.02,0.028,0.067,0.033,0,14321800,1.0,3974302,3968214,3968214,6.577,16758300,330700,515900,140900,4.22,9895800
EDUC,MRY,2015-12-31,2015-02-28,2015-02-28,2018-01-17,0,18013200,18536425,15265600,2747600,1.756,3.066,-325000,383900,383900,12763900,859200,2.685,0.461,1400000,1400000,0,1400000,0,129400,0,0.074,0.32,1456500,1585900,0.049,1585900,1456500,1402500,0.21,0.21,0.21,12328300,12409375,12328300,18088407,12,11.406,-586600,-0.147,1.0,19784400,0.608,0,54000,13344400,13499250,11531800,0,0,0,5684900,5684900,0,17336707,-296100,0,169200,1400000,-1278700,290500,-325000,0,-261600,0,859200,859200,859200,0,0,0.026,18398000,1386400,2237700,1.524,1.406,20.178,20.524,2073200,0,4.31,0.533,0.53,3076700,13857200,32548300,32548300,0,0.046,0.069,0.108,0.045,0,18398000,1.0,4022438,4003702,4003702,8.13,18013200,330000,543300,63600,4.48,9580700
EDUC,MRY,2016-12-31,2016-02-29,2016-02-29,2018-01-17,0,49695000,29276600,22502800,27192200,2.173,3.256,-24911600,1183700,1183700,20494200,2119300,1.198,2.756,21634600,3947200,17687400,21634600,2925200,274500,0,0.03,0.34,3790800,4065300,0.064,4065300,3790800,3545900,0.52,0.52,0.52,13229500,12989100,13229500,39394221,10,9.69,-18261000,-4.51,1.0,43124100,0.678,0,244900,51367800,21443575,17648500,0,0,0,36465500,18778100,17687400,46081121,799800,0,200900,20234600,-1374700,19060800,-24911600,0,6650600,0,2119300,2119300,2119300,0,0,0.033,39810700,3313400,7801300,0.654,3.483,21.744,21.808,26710300,0,11.34,0.724,0.722,2513300,14557500,63618300,63618300,0,0.072,0.163,0.177,0.06,0,39810700,1.0,4063591,4049154,4051678,15.712,49695000,349100,1426600,803100,12.232,3724700
EDUC,MRY,2017-12-31,2017-02-28,2017-02-28,2018-01-17,0,65980300,64927975,38564500,27415800,1.642,3.723,-2485400,699200,699200,28613500,2860900,1.281,3.336,26447200,5781400,20665800,26447200,633100,1079000,0,0.038,0.36,5640900,6719900,0.063,6719900,5640900,4612100,0.7,0.7,0.7,15217400,14201425,15217400,62658702,11,9.324,-4057800,-0.995,1.0,78014600,0.732,0,1028800,61631200,53366475,34445200,0,0,0,50762900,30097100,20665800,38985802,-484500,0,227600,4812600,-1466900,3573300,-2485400,0,-1572400,0,2860900,2860900,2860900,0,0,0.027,74068400,3946200,17565300,0.514,2.562,13.627,13.643,27034300,0,9.55,0.366,0.365,2917000,16317800,106628100,106628100,0,0.044,0.201,0.106,0.053,0,72986100,1.0,4082283,4077695,4082854,26.149,65980300,128000,1751200,1519400,16.141,8467400
