ticker,dimension,calendardate,datekey,reportperiod,lastupdated,accoci,assets,assetsavg,assetsc,assetsnc,assetturnover,bvps,capex,cashneq,cashnequsd,cor,consolinc,currentratio,de,debt,debtc,debtnc,debtusd,deferredrev,depamor,deposits,divyield,dps,ebit,ebitda,ebitdamargin,ebitdausd,ebitusd,ebt,eps,epsdil,epsusd,equity,equityavg,equityusd,ev,evebit,evebitda,fcf,fcfps,fxusd,gp,grossmargin,intangibles,intexp,invcap,invcapavg,inventory,investments,investmentsc,investmentsnc,liabilities,liabilitiesc,liabilitiesnc,marketcap,ncf,ncfbus,ncfcommon,ncfdebt,ncfdiv,ncff,ncfi,ncfinv,ncfo,ncfx,netinc,netinccmn,netinccmnusd,netincdis,netincnci,netmargin,opex,opinc,payables,payoutratio,pb,pe,pe1,ppnenet,prefdivis,price,ps,ps1,receivables,retearn,revenue,revenueusd,rnd,roa,roe,roic,ros,sbcomp,sgna,sharefactor,sharesbas,shareswa,shareswadil,sps,tangibles,taxassets,taxexp,taxliabilities,tbvps,workingcapital
EEI,MRY,2011-12-31,2011-07-31,2011-07-31,2018-03-13,1527189,94267642,90104404,80975954,13291688,1.878,12.779,-1199503,8529842,8529842,97240924,8123936,2.076,0.747,2138311,1689920,448391,2138311,7727725,1760763,0,0.027,0.46,11947264,13708027,0.081,13708027,11947264,11591498,1.65,1.65,1.65,53957833,53394302,53957833,61187379,5,4.464,-188712,-0.045,1.0,71931936,0.425,0,355766,48878826,44495814,0,1491459,1491459,0,40309809,38997285,1312524,72085219,-5817352,-790513,-1335960,-149525,-1814839,-4057705,-2822924,-832908,1010791,52486,6960263,6960263,6960263,0,1163673,0.041,59546231,12385705,13097765,0.279,1.336,10.357,10.303,9961304,0,17.0,0.426,0.424,63750870,30797763,169172860,169172860,0,0.077,0.13,0.269,0.071,541175,57785468,1.0,4240307,4222688,4222688,40.063,94267642,6249549,4631235,2059874,22.325,41978669
EEI,MRY,2012-12-31,2012-07-31,2012-07-31,2018-03-13,711842,97512155,95692470,82545793,14966362,1.624,12.428,-4727033,10467770,10467770,87947460,3039750,1.875,0.848,12900430,12797795,102635,12900430,8281919,2160062,0,0.039,0.48,2495800,4655862,0.03,4655862,2495800,2131495,0.18,0.18,0.18,52757541,54213213,52757541,51482481,20,11.058,-5087321,-1.202,1.0,67462639,0.434,0,364305,55910183,53819253,0,1404582,1404582,0,44754614,44034632,719982,51745672,1937928,0,-363050,11480092,-2046657,7988123,-5533398,-806365,-360288,-156509,773579,773579,773579,0,2266171,0.005,62678805,4783834,11492602,2.667,0.981,66.891,67.722,12112078,0,12.19,0.333,0.332,61568443,29534783,155410099,155410099,0,0.008,0.014,0.046,0.016,837571,60518743,1.0,4244928,4233883,4233883,36.706,97512155,8162654,1357916,617347,22.971,38511161
EEI,MRY,2013-12-31,2013-07-31,2013-07-31,2018-03-13,-84527,81681684,89204454,68491155,13190529,1.513,10.974,-1845241,9444660,9444660,74796048,-1222048,2.002,0.751,6979963,6728349,251614,6979963,6437730,2428844,0,0.045,0.48,-1572797,856047,0.006,856047,-1572797,-1876200,-0.5,-0.5,-0.5,46639290,51309075,46639290,40399764,-25,47.193,10097883,2.377,1.0,60140843,0.446,0,303403,45013787,51062611,0,1463864,1463864,0,35042394,34203200,839194,45260519,-1023110,0,0,-6380632,-2037323,-9950867,-2557656,-712415,11943124,-457711,-2130434,-2130434,-2130434,0,908386,-0.016,61038894,-898051,9864138,-0.96,0.97,-21.245,-21.3,10122801,0,10.65,0.335,0.335,47134007,25365853,134936891,134936891,0,-0.024,-0.042,-0.031,-0.012,433367,58610050,1.0,4249814,4247821,4247821,31.766,81681684,9752858,254234,587580,19.22,34287955
EEI,MRY,2014-12-31,2014-07-31,2014-07-31,2018-03-13,-182735,71708322,74532436,59792806,11915516,1.723,9.744,-1965000,6889243,6889243,70278000,-790000,2.079,0.716,2414972,1993203,421769,2414972,5003413,4176000,0,0.046,0.48,-890000,3286000,0.026,3286000,-890000,-1040000,-0.32,-0.32,-0.32,41791831,43789492,41791831,39344331,-44,11.973,6138000,1.433,1.0,58149000,0.453,0,150000,38477447,40845941,0,1407277,1407277,0,29916491,28756604,1159887,44480165,-2555000,0,-173000,-5122000,-2054000,-8014000,-2601000,-636000,8103000,-43000,-1383000,-1383000,-1383000,0,593000,-0.011,58656000,-507000,9874649,-1.5,1.064,-32.162,-32.406,7941455,0,10.37,0.346,0.346,44431305,21916575,128427000,128427000,0,-0.019,-0.032,-0.022,-0.007,321000,54480000,1.0,4289312,4283984,4283984,29.978,71708322,7508218,343000,738118,16.72,31036202
EEI,MRY,2015-12-31,2015-07-31,2015-07-31,2018-03-13,-1726000,68489000,69046549,54631000,13858000,1.838,9.444,-480000,8703000,8703000,70827000,4200000,2.033,0.692,1618000,1223000,395000,1618000,2618000,1467000,0,0.042,0.48,7196000,8663000,0.068,8663000,7196000,7165000,0.79,0.79,0.79,40485000,41057264,40485000,45567280,6,5.26,6068000,1.415,1.0,56108000,0.442,0,31000,34534000,37904335,0,1434000,1434000,0,28004000,26870000,1134000,48486592,1814000,0,0,-1239000,-2066000,-3842000,-563000,-83000,6548000,-329000,3396000,3396000,3396000,0,804000,0.027,48504000,7604000,10410000,0.608,1.198,14.278,14.316,7114000,0,11.31,0.382,0.382,42866000,23246000,126935000,126935000,0,0.049,0.083,0.19,0.057,-33000,47037000,1.0,4287055,4287775,4287775,29.604,68489000,5109000,3769000,739000,15.976,27761000
EEI,MRY,2016-12-31,2016-07-31,2016-07-31,2018-03-13,-2143000,59512000,60682451,48999000,10513000,1.744,8.836,-717000,10161000,10161000,57462000,608000,2.36,0.57,769000,552000,217000,769000,3297000,1143000,0,0.043,0.44,4718000,5861000,0.055,5861000,4718000,4645000,0.21,0.21,0.21,37905000,38680271,37905000,36324399,7,6.198,5080000,1.184,1.0,48355000,0.457,0,73000,29362000,31025306,0,1499000,1499000,0,21607000,20758000,849000,43546831,1458000,150000,0,-921000,-2066000,-3517000,-596000,-29000,5797000,-226000,886000,886000,886000,0,-278000,0.008,44213000,4142000,6874000,2.095,1.149,49.15,48.341,6094000,0,10.152,0.412,0.412,34319000,22237000,105817000,105817000,0,0.015,0.023,0.152,0.045,37000,43070000,1.0,4289652,4289993,4289993,24.666,59512000,3566000,3759000,632000,13.873,28241000
EEI,MRY,2017-12-31,2017-07-31,2017-07-31,2018-03-13,-2018000,60777000,58599500,53360000,7417000,1.783,9.264,774000,13343000,13343000,56713000,2953000,2.557,0.527,1029000,963000,66000,1029000,2850000,1040000,0,0.032,0.4,5470000,6510000,0.062,6510000,5470000,5487000,0.7,0.7,0.7,39808000,38226000,39808000,42381588,7,6.51,5171000,1.204,1.0,47789000,0.457,0,-17000,27594000,27942750,0,1498000,1498000,0,20969000,20869000,100000,53105588,3182000,75000,0,205000,-1720000,-2195000,820000,-29000,4397000,160000,3015000,3015000,3015000,0,-62000,0.029,42236000,5553000,8073000,0.571,1.334,17.614,17.667,4428000,0,12.367,0.508,0.508,35107000,23509000,104502000,104502000,0,0.051,0.079,0.196,0.052,63000,40821000,1.0,4294102,4294501,4294501,24.334,60777000,2496000,2472000,34000,14.144,32491000
