ticker,dimension,calendardate,datekey,reportperiod,lastupdated,accoci,assets,assetsavg,assetsc,assetsnc,assetturnover,bvps,capex,cashneq,cashnequsd,cor,consolinc,currentratio,de,debt,debtc,debtnc,debtusd,deferredrev,depamor,deposits,divyield,dps,ebit,ebitda,ebitdamargin,ebitdausd,ebitusd,ebt,eps,epsdil,epsusd,equity,equityavg,equityusd,ev,evebit,evebitda,fcf,fcfps,fxusd,gp,grossmargin,intangibles,intexp,invcap,invcapavg,inventory,investments,investmentsc,investmentsnc,liabilities,liabilitiesc,liabilitiesnc,marketcap,ncf,ncfbus,ncfcommon,ncfdebt,ncfdiv,ncff,ncfi,ncfinv,ncfo,ncfx,netinc,netinccmn,netinccmnusd,netincdis,netincnci,netmargin,opex,opinc,payables,payoutratio,pb,pe,pe1,ppnenet,prefdivis,price,ps,ps1,receivables,retearn,revenue,revenueusd,rnd,roa,roe,roic,ros,sbcomp,sgna,sharefactor,sharesbas,shareswa,shareswadil,sps,tangibles,taxassets,taxexp,taxliabilities,tbvps,workingcapital
EFSC,MRY,2011-12-31,2011-12-31,2011-12-31,2018-04-28,3602000,3377779000,3141397750,,,0.037,13.497,-910000,189645000,189645000,0,25423000,,13.1,341626000,,,341626000,0,3736000,2791353000,0.014,0.21,35701000,39437000,0.343,39437000,35701000,35701000,1.37,1.34,1.37,239565000,221849500,239565000,281629340,7,7.141,26221000,1.477,1.0,115090000,1.0,39619000,0,3490141000,3200974250,0,2822709000,,,3138214000,,,262693340,-105525000,164295000,34080000,10230000,-3577000,-133050000,394000,-248234000,27131000,0,22899000,22899000,22899000,0,2524000,0.199,76865000,38225000,0,0.153,1.097,11.472,10.803,18986000,0,14.8,2.283,2.283,184554000,35097000,115090000,115090000,0,0.007,0.103,0.011,0.31,1519000,46600000,1.0,17749550,17749550,,6.484,3338160000,0,12802000,0,188.07,
EFSC,MRY,2012-12-31,2012-12-31,2012-12-31,2018-04-28,7790000,3325786000,3236941500,,,0.04,13.123,-4675000,117370000,117370000,0,28296000,,13.108,410151000,,,410151000,0,4408000,2658851000,0.016,0.21,39635000,44043000,0.343,44043000,39635000,39635000,1.41,1.37,1.41,235745000,251291250,235745000,506298016,12,11.496,32698000,1.82,1.0,128591000,1.0,37740000,0,3580827000,3422560500,0,2988862000,,,3090041000,,,234788016,-71773000,12544000,1561000,68480000,-3757000,-102864000,-6282000,-159642000,37373000,0,25101000,25101000,25101000,0,3195000,0.195,85761000,42830000,0,0.149,0.996,9.354,9.27,21121000,0,13.07,1.826,1.826,61475000,56218000,128591000,128591000,0,0.008,0.1,0.012,0.308,2471000,53980000,1.0,17963888,17963888,,7.158,3288046000,0,14534000,0,183.036,
EFSC,MRY,2013-12-31,2013-12-31,2013-12-31,2018-04-28,-4380000,3170197000,3124151750,,,0.045,14.51,-1338000,215869000,215869000,0,33104000,,10.334,326912000,,,326912000,0,4688000,2534953000,0.01,0.21,50080000,54768000,0.389,54768000,50080000,50080000,1.78,1.73,1.78,279705000,262206000,279705000,648329373,12,11.838,27970000,1.451,1.0,140719000,1.0,35752000,0,3245488000,3329803250,0,2732607000,,,2890492000,,,393623373,94199000,-67564000,1259000,-56133000,-3946000,-111193000,176084000,234447000,29308000,0,33104000,33104000,33104000,0,0,0.235,90639000,50080000,0,0.118,1.407,11.891,11.472,18180000,0,20.42,2.797,2.797,34319000,85376000,140719000,140719000,0,0.011,0.126,0.015,0.356,4826000,58692000,1.0,19276365,19276365,,7.3,3134445000,0,16976000,0,162.606,
EFSC,MRY,2014-12-31,2014-12-31,2014-12-31,2018-04-28,1681000,3277003000,3200496250,,,0.04,15.984,-1901000,105996000,105996000,0,27173000,,9.362,440690000,,,440690000,0,3492000,2491510000,0.011,0.209,41044000,44536000,0.347,44536000,41044000,41044000,1.38,1.35,1.38,316241000,304502000,316241000,625175484,15,14.038,29593000,1.496,1.0,128507000,1.0,34498000,0,3577199000,3430194750,0,2992934000,,,2960762000,,,390358484,-109873000,0,-679000,119552000,-4177000,71459000,-212826000,-237789000,31494000,0,27173000,27173000,27173000,0,0,0.211,87463000,41044000,0,0.151,1.234,14.366,14.297,14753000,0,19.73,3.038,3.038,15866000,108373000,128507000,128507000,0,0.008,0.089,0.012,0.319,2745000,58240000,1.0,19785022,19785022,,6.495,3242505000,0,13871000,0,163.887,
EFSC,MRY,2015-12-31,2015-12-31,2015-12-31,2018-04-28,218000,3608483000,3442849250,,,0.041,17.521,-2111000,95157000,95157000,0,38450000,,9.286,437133000,,,437133000,0,3111000,2784591000,0.009,0.262,58401000,61512000,0.437,61512000,58401000,58401000,1.92,1.89,1.92,350829000,338232750,350829000,766263709,13,12.457,45076000,2.251,1.0,140627000,1.0,33409000,0,3917050000,3635915000,0,3347266000,,,3257654000,,,567662709,-6539000,0,-1190000,-3557000,-5259000,283524000,-337250000,-346045000,47187000,0,38450000,38450000,38450000,0,0,0.273,82226000,58401000,0,0.136,1.618,14.764,14.766,14842000,0,28.35,4.037,4.037,0,141564000,140627000,140627000,0,0.011,0.114,0.016,0.415,3152000,57007000,1.0,20023376,20023376,,7.023,3575074000,0,19951000,0,178.545,
EFSC,MRY,2016-12-31,2016-12-31,2016-12-31,2018-04-28,-1741000,4081328000,3865635500,,,0.042,19.344,-2496000,199782000,199782000,0,48837000,,9.543,382520000,,,382520000,0,3352000,3233361000,0.01,0.41,74839000,78191000,0.486,78191000,74839000,74839000,2.44,2.41,2.44,387098000,374802250,387098000,1115840243,14,14.271,80025000,3.999,1.0,160949000,1.0,32485000,0,4231581000,4066775000,0,3718485000,,,3694230000,,,860490243,104645000,0,-7092000,-54613000,-8211000,380181000,-358057000,-366907000,82521000,0,48837000,48837000,48837000,0,0,0.303,86110000,74839000,0,0.168,2.223,17.62,17.623,14910000,0,43.0,5.346,5.346,0,182190000,160949000,160949000,0,0.013,0.13,0.018,0.465,2040000,61458000,1.0,20011401,20011401,,8.043,4048843000,0,26002000,0,202.327,
EFSC,MRY,2017-12-31,2017-12-31,2017-12-31,2018-04-28,-3818000,5289225000,5166408750,,,0.039,23.784,-2546000,155968000,155968000,0,48190000,,8.642,544522000,,,544522000,0,5890000,4156414000,0.01,0.44,86517000,92407000,0.458,92407000,86517000,86517000,2.1,2.07,2.1,548573000,545395750,548573000,1441689977,16,15.602,43245000,1.875,1.0,201568000,1.0,128401000,0,5549378000,5413069500,0,4842888000,,,4740652000,,,1041377977,-45479000,4456000,-19545000,93083000,-10249000,221174000,-312444000,-317133000,45791000,0,48190000,48190000,48190000,0,0,0.239,115051000,86517000,0,0.21,1.898,21.61,21.5,32618000,0,45.15,5.166,5.166,0,225360000,201568000,201568000,0,0.009,0.088,0.016,0.429,3427000,76717000,1.0,23064850,23064850,,8.739,5160824000,0,38327000,0,223.753,
