ticker,dimension,calendardate,datekey,reportperiod,lastupdated,accoci,assets,assetsavg,assetsc,assetsnc,assetturnover,bvps,capex,cashneq,cashnequsd,cor,consolinc,currentratio,de,debt,debtc,debtnc,debtusd,deferredrev,depamor,deposits,divyield,dps,ebit,ebitda,ebitdamargin,ebitdausd,ebitusd,ebt,eps,epsdil,epsusd,equity,equityavg,equityusd,ev,evebit,evebitda,fcf,fcfps,fxusd,gp,grossmargin,intangibles,intexp,invcap,invcapavg,inventory,investments,investmentsc,investmentsnc,liabilities,liabilitiesc,liabilitiesnc,marketcap,ncf,ncfbus,ncfcommon,ncfdebt,ncfdiv,ncff,ncfi,ncfinv,ncfo,ncfx,netinc,netinccmn,netinccmnusd,netincdis,netincnci,netmargin,opex,opinc,payables,payoutratio,pb,pe,pe1,ppnenet,prefdivis,price,ps,ps1,receivables,retearn,revenue,revenueusd,rnd,roa,roe,roic,ros,sbcomp,sgna,sharefactor,sharesbas,shareswa,shareswadil,sps,tangibles,taxassets,taxexp,taxliabilities,tbvps,workingcapital
ELRC,MRY,2011-12-31,2011-05-31,2011-05-31,2017-06-07,0,305927000,292780750,,,0.781,10.024,-60184000,41441000,41441000,96660000,23756000,,0.273,0,,,0,5874000,49127000,0,0.039,0.6,36937000,86064000,0.376,86064000,36937000,37289000,0.99,0.99,0.99,240375000,235442500,240375000,338531112,9,3.933,8567000,0.357,1.0,132069000,0.577,4323000,-352000,260163000,252831750,0,0,,,65552000,,,367862112,8887000,260000,197000,0,-14449000,-14215000,-45649000,14275000,68751000,-352000,23756000,23756000,23756000,0,0,0.104,95334000,36735000,8237000,0.606,1.53,15.485,15.495,209759000,0,15.34,1.608,1.608,30616000,205633000,228729000,228729000,0,0.081,0.101,0.146,0.161,919000,47412000,1.0,23980581,23974000,24072000,9.541,301604000,0,13533000,0,12.577,
ELRC,MRY,2012-12-31,2012-05-31,2012-05-31,2017-06-07,0,329831000,320540500,,,0.775,10.344,-72567000,9290000,9290000,105567000,25772000,,0.329,0,,,0,6904000,54960000,0,0.058,0.8,39521000,94481000,0.38,94481000,39521000,40005000,1.07,1.07,1.07,248131000,246238000,248131000,323113511,8,3.42,-2692000,-0.112,1.0,142987000,0.575,4310000,-484000,316231000,302656000,0,0,,,81700000,,,331991511,-32342000,-10327000,0,0,-19378000,-19323000,-82894000,0,69875000,191000,25772000,25772000,25772000,0,0,0.104,106901000,36086000,8555000,0.748,1.338,12.882,12.935,257044000,0,13.84,1.336,1.335,35915000,211952000,248554000,248554000,0,0.08,0.105,0.131,0.159,1336000,53250000,1.0,23987826,23983000,24152000,10.364,325521000,0,14233000,0,13.57,
ELRC,MRY,2013-12-31,2013-05-31,2013-05-31,2017-06-07,0,318926000,325041750,,,0.765,9.172,-34074000,10402000,10402000,98682000,22754000,,0.395,10000000,,,10000000,7292000,58109000,0,0.106,1.8,36711000,94820000,0.381,94820000,36711000,37113000,0.94,0.94,0.94,228549000,231296000,228549000,417960598,11,4.408,34856000,1.439,1.0,150049000,0.603,4146000,-402000,314378000,317758500,0,0,,,90377000,,,408165598,1112000,0,0,10000000,-43765000,-33550000,-34074000,0,68930000,-194000,22754000,22754000,22754000,0,0,0.091,113338000,36711000,7479000,1.915,1.786,17.938,18.096,248682000,0,17.01,1.641,1.657,34350000,190825000,248731000,248731000,0,0.07,0.098,0.116,0.148,1079000,56543000,1.0,23995626,24226000,24269000,10.267,314780000,0,14359000,0,12.632,
ELRC,MRY,2014-12-31,2014-05-31,2014-05-31,2017-06-07,0,302058000,307201750,,,0.785,9.489,-23838000,5946000,5946000,93044000,20408000,,0.308,0,,,0,7537000,58286000,0,0.05,0.8,32139000,90425000,0.375,90425000,32139000,32526000,0.84,0.84,0.84,230958000,229451000,230958000,384535484,11,4.253,25348000,1.042,1.0,148093000,0.614,3982000,-387000,292130000,300831500,0,0,,,71100000,,,387724484,-4456000,0,0,-10000000,-19657000,-29485000,-23838000,0,49186000,-319000,20408000,20408000,20408000,0,0,0.085,115954000,32139000,7279000,0.952,1.679,18.999,19.226,235010000,0,16.15,1.608,1.629,34970000,191706000,241137000,241137000,0,0.066,0.089,0.107,0.133,1173000,58920000,1.0,24007708,24325000,24357000,9.913,298076000,0,12118000,0,12.246,
ELRC,MRY,2015-12-31,2015-05-31,2015-05-31,2017-06-07,0,300314000,301015500,,,0.792,9.353,-37679000,4064000,4064000,99643000,15432000,,0.317,2387000,,,2387000,5576000,57562000,0,0.078,0.8,24318000,81880000,0.344,81880000,24318000,24650000,0.63,0.63,0.63,227978000,229945250,227978000,239429416,9,2.924,14940000,0.613,1.0,138686000,0.582,3853000,-332000,294784000,293083250,0,0,,,72336000,,,247562416,-1882000,0,0,2387000,-19656000,-17373000,-37679000,0,52619000,551000,15432000,15432000,15432000,0,0,0.065,115758000,22928000,8234000,1.27,1.086,16.042,16.302,244791000,0,10.27,1.039,1.05,33863000,187538000,238329000,238329000,0,0.051,0.067,0.083,0.102,934000,59313000,1.0,24105396,24360000,24378000,9.784,296461000,0,9218000,0,12.163,
ELRC,MRY,2016-12-31,2016-05-31,2016-05-31,2017-06-07,0,284577000,287418250,,,0.61,9.072,-11389000,30065000,30065000,51165000,4784000,,0.285,0,,,0,5153000,57164000,0,0.038,0.5,8116000,65280000,0.372,65280000,8116000,7787000,0.2,0.2,0.2,221499000,225304500,221499000,298725844,36,4.576,40966000,1.678,1.0,124168000,0.708,3735000,329000,250777000,267728250,0,0,,,63078000,,,316959844,26001000,0,0,-2387000,-12328000,-14913000,-11389000,0,52355000,-52000,4784000,4784000,4784000,0,0,0.027,116085000,8083000,5195000,2.5,1.431,66.254,65.5,211914000,0,13.1,1.808,1.824,22266000,180016000,175333000,175333000,0,0.017,0.021,0.03,0.046,1272000,60154000,1.0,24195408,24414000,24429000,7.182,280842000,0,3003000,0,11.502,
