ticker,dimension,calendardate,datekey,reportperiod,lastupdated,accoci,assets,assetsavg,assetsc,assetsnc,assetturnover,bvps,capex,cashneq,cashnequsd,cor,consolinc,currentratio,de,debt,debtc,debtnc,debtusd,deferredrev,depamor,deposits,divyield,dps,ebit,ebitda,ebitdamargin,ebitdausd,ebitusd,ebt,eps,epsdil,epsusd,equity,equityavg,equityusd,ev,evebit,evebitda,fcf,fcfps,fxusd,gp,grossmargin,intangibles,intexp,invcap,invcapavg,inventory,investments,investmentsc,investmentsnc,liabilities,liabilitiesc,liabilitiesnc,marketcap,ncf,ncfbus,ncfcommon,ncfdebt,ncfdiv,ncff,ncfi,ncfinv,ncfo,ncfx,netinc,netinccmn,netinccmnusd,netincdis,netincnci,netmargin,opex,opinc,payables,payoutratio,pb,pe,pe1,ppnenet,prefdivis,price,ps,ps1,receivables,retearn,revenue,revenueusd,rnd,roa,roe,roic,ros,sbcomp,sgna,sharefactor,sharesbas,shareswa,shareswadil,sps,tangibles,taxassets,taxexp,taxliabilities,tbvps,workingcapital
EMKR,MRY,2011-12-31,2011-09-30,2011-09-30,2018-05-04,912000,170298000,173864750,91351000,78947000,1.156,4.218,-8364000,16142000,16142000,158165000,-34219000,1.362,0.73,17557000,17557000,0,17557000,0,11973000,0,0.0,0.0,-33579000,-21606000,-0.108,-21606000,-33579000,-34219000,-1.54,-1.54,-1.54,98436000,106519500,98436000,85354466,-2,-3.95,-14653000,-0.659,1.0,42763000,0.213,26250000,640000,78405000,73529750,33166000,2374000,0,2374000,71862000,67058000,4804000,92050466,-4346000,-750000,11508000,6379000,0,17887000,-15286000,-12000000,-6289000,-658000,-34219000,-34219000,-34219000,0,0,-0.17,75290000,-32527000,26581000,0.0,0.935,-2.69,-2.571,46786000,0,3.96,0.458,0.438,34875000,-613456000,200928000,200928000,32853000,-0.197,-0.321,-0.457,-0.167,7428000,35582000,1.0,23245067,22228000,22228000,9.039,144048000,0,0,0,6.172,24293000
EMKR,MRY,2012-12-31,2012-09-30,2012-09-30,2018-05-04,1376000,169866000,170450500,95406000,74460000,0.961,2.886,-12562000,9129000,9129000,145955000,-39171000,1.043,1.461,19316000,19316000,0,19316000,0,9420000,0,0.0,0.0,-36850000,-27430000,-0.167,-27430000,-36850000,-37527000,-1.66,-1.66,-1.66,69023000,77379750,69023000,137419339,-3,-5.01,-27564000,-1.17,1.0,17826000,0.109,23812000,677000,64806000,57652000,35192000,0,0,0,100843000,91435000,9408000,135944339,-6551000,1644000,1256000,1759000,0,3015000,5274000,0,-15002000,162000,-39171000,-39171000,-39171000,0,0,-0.239,53451000,-35625000,38814000,0.0,1.97,-3.471,-3.404,47896000,0,5.65,0.83,0.813,36939000,-652627000,163781000,163781000,22338000,-0.23,-0.506,-0.639,-0.225,7756000,34861000,1.0,24060945,23559000,23559000,6.952,146054000,0,1644000,0,6.108,3971000
EMKR,MRY,2013-12-31,2013-09-30,2013-09-30,2018-05-04,1623000,173714000,172918250,100297000,73417000,0.353,3.725,-6761000,16919000,16919000,48705000,4988000,1.589,0.717,21706000,21706000,0,21706000,0,8688000,0,0.0,0.0,1595000,10283000,0.169,10283000,1595000,1595000,0.19,0.19,0.19,101179000,92429500,101179000,133338777,83,12.967,-28866000,-1.088,1.0,12266000,0.201,22543000,0,92857000,88727250,32115000,0,0,0,72535000,63101000,9434000,119893777,7057000,0,22894000,2390000,0,25284000,3829000,4800000,-22105000,49000,4988000,4988000,4988000,-10542000,0,0.082,21211000,-8945000,19643000,0.0,1.185,24.036,23.579,49744000,0,4.48,1.966,1.949,41826000,-647639000,60971000,60971000,10509000,0.029,0.054,0.018,0.026,4209000,18492000,1.0,26762004,26531000,26531000,2.298,151171000,0,-3393000,0,5.565,37196000
EMKR,MRY,2014-12-31,2014-09-30,2014-09-30,2018-05-04,1837000,191342000,172003750,103891000,87451000,0.323,3.644,-2901000,22169000,22169000,43400000,4852000,1.424,0.703,26518000,26518000,0,26518000,0,8518000,0,0.0,0.0,-19698000,-11180000,-0.201,-11180000,-19698000,-19698000,0.16,0.16,0.16,112347000,100955500,112347000,176704727,-8,-15.805,-1900000,-0.062,1.0,12114000,0.218,82000,0,122632000,91004500,15644000,0,0,0,78995000,72977000,6018000,174738727,4583000,0,1763000,4813000,0,6576000,-3261000,307000,1001000,267000,4852000,4852000,4852000,-770000,0,0.087,32445000,-20331000,6804000,0.0,1.555,36.014,35.563,10446000,0,5.69,3.148,3.121,12769000,-642787000,55514000,55514000,9306000,0.028,0.048,-0.216,-0.355,4439000,23239000,1.0,30709794,30453000,30777000,1.823,191260000,24080000,-24550000,0,6.203,30914000
EMKR,MRY,2015-12-31,2015-09-30,2015-09-30,2018-05-04,847000,160907000,185923000,151685000,9222000,0.439,5.298,-2749000,112260000,112260000,52994000,63100000,6.403,0.188,0,0,0,0,0,2952000,0,0.0,0.0,60909000,63861000,0.782,63861000,60909000,60909000,2.1,2.1,2.1,135442000,153738000,135442000,59679438,0,0.935,-6666000,-0.222,1.0,28691000,0.351,0,0,24956000,26834750,17130000,0,0,0,25465000,23691000,1774000,173834438,90091000,166918000,-43748000,-26518000,0,-70266000,164169000,0,-3917000,105000,63100000,63100000,63100000,-65372000,0,0.772,34058000,-5367000,7189000,0.0,1.283,2.755,3.238,8925000,0,6.8,2.128,2.498,17319000,-579687000,81685000,81685000,9119000,0.339,0.41,2.27,0.746,4586000,24711000,1.0,25563888,30012000,30012000,2.722,160907000,0,-2191000,0,6.294,127994000
EMKR,MRY,2016-12-31,2016-09-30,2016-09-30,2018-05-04,579000,127211000,153807000,111216000,15995000,0.598,4.1,-5679000,64870000,64870000,61044000,8266000,6.091,0.185,0,0,0,0,0,2506000,0,0.0,0.0,8280000,10786000,0.117,10786000,8280000,8280000,0.32,0.31,0.32,107317000,132503750,107317000,42725059,5,3.961,-11231000,-0.432,1.0,30954000,0.336,0,0,44082000,34511750,27681000,0,0,0,19894000,18259000,1635000,148990059,-47390000,0,960000,0,-39214000,-38254000,-3826000,0,-5552000,242000,8266000,8266000,8266000,-5647000,0,0.09,28015000,2939000,10575000,0.0,1.388,18.024,17.813,12213000,0,5.7,1.619,1.61,18432000,-571207000,91998000,91998000,9921000,0.054,0.062,0.24,0.09,2086000,20734000,1.0,26138607,25979000,26518000,3.541,127211000,0,14000,0,4.86,92957000
EMKR,MRY,2017-12-31,2017-09-30,2017-09-30,2018-05-04,561000,144084000,138411750,124685000,19399000,0.888,4.489,-9126000,68754000,68754000,80361000,8235000,5.761,0.193,0,0,0,0,0,3757000,0,0.0,0.0,8398000,12155000,0.099,12155000,8398000,8398000,0.31,0.3,0.31,120774000,115294750,120774000,153892112,18,12.661,2575000,0.097,1.0,42534000,0.346,0,0,53687000,50255250,27825000,0,0,0,23310000,21643000,1667000,220409112,3884000,0,1306000,0,0,1306000,-9126000,0,11701000,3000,8235000,8235000,8235000,-14000,0,0.067,34838000,7696000,11818000,0.0,1.825,26.765,26.452,16635000,0,8.2,1.793,1.779,22265000,-562972000,122895000,122895000,12542000,0.059,0.071,0.167,0.068,3602000,22246000,1.0,26879160,26659000,27544000,4.61,144084000,0,163000,0,5.355,103042000
