ticker,dimension,calendardate,datekey,reportperiod,lastupdated,accoci,assets,assetsavg,assetsc,assetsnc,assetturnover,bvps,capex,cashneq,cashnequsd,cor,consolinc,currentratio,de,debt,debtc,debtnc,debtusd,deferredrev,depamor,deposits,divyield,dps,ebit,ebitda,ebitdamargin,ebitdausd,ebitusd,ebt,eps,epsdil,epsusd,equity,equityavg,equityusd,ev,evebit,evebitda,fcf,fcfps,fxusd,gp,grossmargin,intangibles,intexp,invcap,invcapavg,inventory,investments,investmentsc,investmentsnc,liabilities,liabilitiesc,liabilitiesnc,marketcap,ncf,ncfbus,ncfcommon,ncfdebt,ncfdiv,ncff,ncfi,ncfinv,ncfo,ncfx,netinc,netinccmn,netinccmnusd,netincdis,netincnci,netmargin,opex,opinc,payables,payoutratio,pb,pe,pe1,ppnenet,prefdivis,price,ps,ps1,receivables,retearn,revenue,revenueusd,rnd,roa,roe,roic,ros,sbcomp,sgna,sharefactor,sharesbas,shareswa,shareswadil,sps,tangibles,taxassets,taxexp,taxliabilities,tbvps,workingcapital
ENZ,MRY,2011-12-31,2011-07-31,2011-07-31,2018-03-12,3793000,109474000,111663500,51399000,58075000,0.914,2.299,-1223000,14161000,14161000,53819000,-12960000,2.899,0.234,0,0,0,0,0,4469000,0,0.0,0.0,-12834000,-8365000,-0.082,-8365000,-12834000,-12823000,-0.34,-0.34,-0.34,88715000,92284250,88715000,138473144,-10,-16.554,-9549000,-0.249,1.0,48210000,0.473,47358000,-11000,30226000,38662250,9260000,10000000,10000000,0,20759000,17729000,3030000,148182144,5402000,0,0,-68000,0,-68000,13539000,14807000,-8326000,257000,-12960000,-12960000,-12960000,0,0,-0.127,61138000,-12928000,7858000,0.0,1.67,-11.434,-11.294,10335000,0,3.84,1.452,1.444,15245000,-214914000,102029000,102029000,7806000,-0.116,-0.14,-0.332,-0.126,1739000,45191000,1.0,38589100,38357000,38357000,2.66,62116000,0,137000,2934000,1.61,33670000
ENZ,MRY,2012-12-31,2012-07-31,2012-07-31,2018-03-12,1605000,69123000,91839500,40368000,28755000,1.122,1.254,-1364000,15076000,15076000,55973000,-39269000,2.13,0.408,0,0,0,0,0,4477000,0,0.0,0.0,-40942000,-36465000,-0.354,-36465000,-40942000,-40921000,-1.01,-1.01,-1.01,49101000,71955750,49101000,53144550,-1,-1.457,-7336000,-0.189,1.0,47110000,0.457,19232000,-21000,15859000,25356500,8800000,0,0,0,20022000,18956000,1066000,58391550,915000,-1150000,0,-154000,0,-154000,7461000,10000000,-5972000,-420000,-39269000,-39269000,-39269000,0,0,-0.381,87589000,-40479000,9020000,0.0,1.189,-1.487,-1.485,9116000,0,1.5,0.566,0.565,14135000,-254183000,103083000,103083000,6293000,-0.428,-0.546,-1.615,-0.397,1368000,47928000,1.0,38927700,38798000,38798000,2.657,49891000,0,-1652000,938000,1.274,21412000
ENZ,MRY,2013-12-31,2013-07-31,2013-07-31,2018-03-12,1858000,58958000,61454250,32556000,26402000,1.525,0.847,-988000,9007000,9007000,54835000,-18237000,1.365,0.727,3264000,3264000,0,3264000,0,4605000,0,0.0,0.0,-18895000,-14290000,-0.152,-14290000,-18895000,-18949000,-0.46,-0.46,-0.46,34132000,38889000,34132000,81431740,-4,-5.699,-11004000,-0.278,1.0,38872000,0.415,17395000,54000,11968000,13395500,8805000,0,0,0,24826000,23852000,974000,87075740,-6069000,0,1825000,2990000,0,4815000,-971000,0,-10016000,103000,-18237000,-18237000,-18237000,0,0,-0.195,57852000,-18980000,8481000,0.0,2.551,-4.775,-4.739,8617000,0,2.18,0.929,0.921,12288000,-272420000,93707000,93707000,3889000,-0.297,-0.469,-1.411,-0.202,1188000,43654000,1.0,39943000,39607000,39607000,2.366,41563000,0,-712000,200000,1.032,8704000
ENZ,MRY,2014-12-31,2014-07-31,2014-07-31,2018-03-12,1744000,64411000,60236750,40736000,23675000,1.593,0.839,-838000,17455000,17455000,54268000,-9977000,1.632,0.743,3013000,3013000,0,3013000,0,3971000,0,0.0,0.0,-9697000,-5726000,-0.06,-5726000,-9697000,-9905000,-0.23,-0.23,-0.23,36950000,35039250,36950000,198573800,-20,-34.679,-2535000,-0.06,1.0,41679000,0.434,15560000,208000,9444000,11730500,8690000,0,0,0,27461000,24965000,2496000,210364800,8448000,0,11542000,-625000,0,10917000,-833000,0,-1697000,61000,-9977000,-9977000,-9977000,0,0,-0.104,51859000,-10180000,8245000,0.0,5.693,-21.085,-20.87,7730000,0,4.8,2.193,2.129,12470000,-282397000,95947000,95947000,3141000,-0.166,-0.285,-0.827,-0.101,1230000,41801000,1.0,43826000,42561000,42561000,2.254,48851000,0,72000,183000,1.109,15771000
ENZ,MRY,2015-12-31,2015-07-31,2015-07-31,2018-03-12,1861000,68394000,62268000,46486000,21908000,1.567,0.925,-1783000,18109000,18109000,54772000,-2285000,1.94,0.605,3013000,3013000,0,3013000,0,3789000,0,0.0,0.0,-2047000,1742000,0.018,1742000,-2047000,-2292000,-0.05,-0.05,-0.05,42606000,36910250,42606000,126815000,-61,72.799,-5483000,-0.121,1.0,42827000,0.439,13607000,245000,15733000,11427500,7396000,0,0,0,25788000,23958000,1830000,138177000,654000,0,6688000,-463000,0,6225000,-1752000,0,-3700000,-119000,-2285000,-2285000,-2285000,0,0,-0.023,44033000,-1206000,8762000,0.0,3.243,-60.471,-60.0,7948000,0,3.0,1.416,1.394,18759000,-284682000,97599000,97599000,3350000,-0.037,-0.062,-0.179,-0.021,1091000,41069000,1.0,46059000,45355000,45355000,2.152,54787000,0,-7000,37000,1.189,22528000
ENZ,MRY,2016-12-31,2016-07-31,2016-07-31,2018-03-12,2199000,111821000,85902750,91397000,20424000,1.196,1.936,-1530000,67777000,67777000,57190000,45286000,4.444,0.249,1557000,1557000,0,1557000,0,3840000,0,0.0,0.0,46651000,50491000,0.491,50491000,46651000,46515000,0.98,0.97,0.98,89554000,61045500,89554000,292107050,6,5.785,51596000,1.118,1.0,45583000,0.444,11874000,136000,13159000,10706000,6971000,0,0,0,22267000,20568000,1699000,322467050,49668000,0,90000,-2021000,0,-1931000,-1512000,0,53126000,-15000,45286000,45286000,45286000,0,0,0.441,-1420000,47003000,9857000,0.0,3.601,7.121,7.112,8214000,0,6.97,3.138,3.13,14592000,-239396000,102773000,102773000,3524000,0.527,0.742,4.357,0.454,1234000,43586000,1.0,46265000,46153000,46602000,2.227,99947000,0,1229000,0,2.16,70829000
ENZ,MRY,2017-12-31,2017-07-31,2017-07-31,2018-03-12,2013000,107665000,107776000,89084000,18581000,1.0,1.912,-1753000,64167000,64167000,59478000,-2504000,5.002,0.211,0,0,0,0,0,3598000,0,0.0,0.0,-2806000,792000,0.007,792000,-2806000,-2422000,-0.05,-0.05,-0.05,88872000,88413250,88872000,440892541,-157,556.683,-1958000,-0.042,1.0,48326000,0.448,10347000,-384000,15341000,15020250,7047000,0,0,0,18793000,17810000,983000,503519541,-3610000,0,453000,-2122000,0,-1669000,-1749000,0,-205000,13000,-2504000,-2504000,-2504000,0,0,-0.023,51392000,-3066000,10350000,0.0,5.666,-201.086,-217.0,7901000,0,10.85,4.671,4.665,15180000,-241900000,107804000,107804000,2928000,-0.023,-0.028,-0.187,-0.026,1555000,44010000,1.0,46407331,46350000,46350000,2.326,97318000,0,82000,0,2.094,71274000
