ticker,dimension,calendardate,datekey,reportperiod,lastupdated,accoci,assets,assetsavg,assetsc,assetsnc,assetturnover,bvps,capex,cashneq,cashnequsd,cor,consolinc,currentratio,de,debt,debtc,debtnc,debtusd,deferredrev,depamor,deposits,divyield,dps,ebit,ebitda,ebitdamargin,ebitdausd,ebitusd,ebt,eps,epsdil,epsusd,equity,equityavg,equityusd,ev,evebit,evebitda,fcf,fcfps,fxusd,gp,grossmargin,intangibles,intexp,invcap,invcapavg,inventory,investments,investmentsc,investmentsnc,liabilities,liabilitiesc,liabilitiesnc,marketcap,ncf,ncfbus,ncfcommon,ncfdebt,ncfdiv,ncff,ncfi,ncfinv,ncfo,ncfx,netinc,netinccmn,netinccmnusd,netincdis,netincnci,netmargin,opex,opinc,payables,payoutratio,pb,pe,pe1,ppnenet,prefdivis,price,ps,ps1,receivables,retearn,revenue,revenueusd,rnd,roa,roe,roic,ros,sbcomp,sgna,sharefactor,sharesbas,shareswa,shareswadil,sps,tangibles,taxassets,taxexp,taxliabilities,tbvps,workingcapital
EPAY,MRY,2011-12-31,2011-06-30,2011-06-30,2018-05-08,-4524000,363334000,318169000,168860000,194474000,0.595,8.779,-4692000,111953000,111953000,85685000,35893000,2.476,0.272,0,0,0,0,45948000,17802000,0,0.0,0.0,10505000,28307000,0.149,28307000,10505000,10426000,1.13,1.07,1.13,285674000,249296500,285674000,693494318,66,24.499,25809000,0.815,1.0,103696000,0.548,173073000,79000,10121000,1801000,365000,64000,64000,0,77660000,68187000,9473000,840873318,-10805000,-59718000,19464000,-149000,0,20030000,-64410000,0,30501000,3074000,35893000,35893000,35893000,0,0,0.19,93828000,9868000,8971000,0.0,2.943,23.427,21.867,16098000,0,24.71,4.44,4.131,41535000,-97433000,189381000,189381000,21862000,0.113,0.144,5.833,0.055,10749000,59304000,1.0,34029677,31660000,33453000,5.982,190261000,7297000,-25467000,2208000,5.847,100673000
EPAY,MRY,2012-12-31,2012-06-30,2012-06-30,2018-05-08,-6564000,392371000,383070250,185671000,206700000,0.585,9.043,-9128000,124801000,124801000,101187000,1705000,2.758,0.249,0,0,0,0,48376000,21477000,0,0.0,0.0,7324000,28801000,0.128,28801000,7324000,7301000,0.05,0.05,0.05,314186000,308839500,314186000,545009454,74,18.923,26287000,0.767,1.0,123097000,0.549,177941000,23000,22314000,20180500,480000,61000,61000,0,78185000,67315000,10870000,663281454,12848000,-27375000,12658000,-153000,0,14939000,-36503000,0,35415000,-1003000,1705000,1705000,1705000,0,0,0.008,115837000,7260000,8841000,0.0,2.111,389.021,361.0,19756000,0,18.05,2.957,2.758,45344000,-95728000,224284000,224284000,28687000,0.004,0.006,0.363,0.033,11334000,71397000,1.0,36746895,34268000,35244000,6.545,214430000,6773000,5596000,1641000,6.172,118356000
EPAY,MRY,2013-12-31,2013-06-30,2013-06-30,2018-05-08,-10460000,585522000,553297250,352750000,232772000,0.46,9.927,-10050000,283552000,283552000,119286000,-14395000,4.887,0.641,138582000,0,138582000,138582000,56288000,26410000,0,0.0,0.0,-10743000,15667000,0.061,15667000,-10743000,-18293000,-0.41,-0.41,-0.41,356749000,346014500,356749000,808761199,-75,51.622,31526000,0.889,1.0,135488000,0.532,192068000,7550000,176297000,159490500,0,9525000,9525000,0,228773000,72187000,156586000,956594199,158751000,-30323000,30499000,183773000,0,171981000,-52850000,-12477000,41576000,-1956000,-14395000,-14395000,-14395000,0,0,-0.057,142424000,-6936000,8933000,0.0,2.681,-66.453,-61.683,23631000,0,25.29,3.755,3.518,44430000,-110123000,254774000,254774000,32974000,-0.026,-0.042,-0.067,-0.042,17932000,89901000,1.0,37824998,35444000,35444000,7.188,393454000,6764000,-3898000,5457000,10.948,280563000
EPAY,MRY,2014-12-31,2014-06-30,2014-06-30,2018-05-08,6816000,700343000,666698500,280780000,419563000,0.451,10.366,-12539000,167673000,167673000,130668000,-19104000,2.59,0.808,148795000,0,148795000,148795000,82568000,34492000,0,0.0,0.0,-2800000,31692000,0.105,31692000,-2800000,-17022000,-0.52,-0.52,-0.52,387426000,376555500,387426000,1121433614,-400,35.385,39682000,1.077,1.0,169917000,0.565,372495000,14222000,200574000,191987250,0,23805000,23805000,0,312917000,108396000,204521000,1177604614,-115879000,-153491000,5105000,0,0,5665000,-180633000,-14603000,52221000,6868000,-19104000,-19104000,-19104000,0,0,-0.064,172395000,-2478000,16283000,0.0,3.04,-61.642,-57.538,35901000,0,29.92,3.918,3.666,61064000,-129227000,300585000,300585000,39725000,-0.029,-0.051,-0.015,-0.009,22261000,106428000,1.0,39358443,36834000,36834000,8.161,327848000,13904000,2082000,23537000,8.772,172384000
EPAY,MRY,2015-12-31,2015-06-30,2015-06-30,2018-05-08,-13511000,688484000,677959250,229241000,459243000,0.488,9.159,-23297000,121163000,121163000,139441000,-34680000,2.154,0.975,159760000,0,159760000,159760000,88007000,40890000,0,0.0,0.0,-1551000,39339000,0.119,39339000,-1551000,-16316000,-0.92,-0.92,-0.92,348538000,362552500,348538000,1178673953,-759,29.962,39403000,1.042,1.0,191448000,0.579,400650000,14765000,219989000,216992000,0,23225000,23225000,0,339946000,106442000,233504000,1138131953,-46510000,-68017000,-10950000,0,0,-10817000,-91152000,162000,62700000,-7241000,-34680000,-34680000,-34680000,0,0,-0.105,192211000,-763000,11623000,0.0,3.265,-32.818,-30.228,47579000,0,27.81,3.44,3.177,65140000,-163907000,330889000,330889000,47185000,-0.051,-0.096,-0.007,-0.005,26892000,114643000,1.0,40925277,37806000,37806000,8.752,287834000,5388000,18364000,35542000,7.564,122799000
EPAY,MRY,2016-12-31,2016-06-30,2016-06-30,2018-05-08,-37668000,651210000,660534250,216541000,434669000,0.52,7.768,-27709000,97174000,97174000,147100000,-19648000,1.932,1.209,169857000,0,169857000,169857000,93418000,42467000,0,0.0,0.0,-3324000,39143000,0.114,39143000,-3324000,-18863000,-0.52,-0.52,-0.52,294787000,317725500,294787000,934210009,-281,23.867,39448000,1.039,1.0,196174000,0.571,366958000,15539000,244873000,242739750,0,35209000,35209000,0,356423000,112062000,244361000,881131009,-23989000,-1763000,-40435000,0,0,-40170000,-45759000,-16287000,67157000,-5217000,-19648000,-19648000,-19648000,0,0,-0.057,199725000,-3551000,10218000,0.0,2.989,-44.846,-41.404,51029000,0,21.53,2.567,2.381,61773000,-183555000,343274000,343274000,47355000,-0.03,-0.062,-0.014,-0.01,30014000,123392000,1.0,40925732,37957000,37957000,9.044,284252000,6244000,785000,28147000,7.49,104479000
EPAY,MRY,2017-12-31,2017-06-30,2017-06-30,2018-05-08,-32325000,617439000,619096750,207593000,409846000,0.564,6.949,-28173000,124569000,124569000,161826000,-33137000,0.701,1.357,183682000,183682000,0,183682000,96160000,43774000,0,0.0,0.0,-21215000,22559000,0.065,22559000,-21215000,-38274000,-0.88,-0.88,-0.88,261956000,272751500,261956000,1096829474,-51,48.62,32802000,0.867,1.0,187586000,0.537,365980000,17059000,14585000,95867000,0,1973000,1973000,0,355483000,295987000,59496000,1040478474,27395000,0,-36938000,0,0,-38992000,4755000,32928000,60975000,657000,-33137000,-33137000,-33137000,0,0,-0.095,208774000,-21188000,9013000,0.0,3.972,-31.399,-29.193,26195000,0,25.69,2.978,2.782,64244000,-216692000,349412000,349412000,53002000,-0.054,-0.121,-0.221,-0.061,31804000,123997000,1.0,40501303,37842000,37842000,9.233,251459000,0,-5137000,15433000,6.671,-88394000
