ticker,dimension,calendardate,datekey,reportperiod,lastupdated,accoci,assets,assetsavg,assetsc,assetsnc,assetturnover,bvps,capex,cashneq,cashnequsd,cor,consolinc,currentratio,de,debt,debtc,debtnc,debtusd,deferredrev,depamor,deposits,divyield,dps,ebit,ebitda,ebitdamargin,ebitdausd,ebitusd,ebt,eps,epsdil,epsusd,equity,equityavg,equityusd,ev,evebit,evebitda,fcf,fcfps,fxusd,gp,grossmargin,intangibles,intexp,invcap,invcapavg,inventory,investments,investmentsc,investmentsnc,liabilities,liabilitiesc,liabilitiesnc,marketcap,ncf,ncfbus,ncfcommon,ncfdebt,ncfdiv,ncff,ncfi,ncfinv,ncfo,ncfx,netinc,netinccmn,netinccmnusd,netincdis,netincnci,netmargin,opex,opinc,payables,payoutratio,pb,pe,pe1,ppnenet,prefdivis,price,ps,ps1,receivables,retearn,revenue,revenueusd,rnd,roa,roe,roic,ros,sbcomp,sgna,sharefactor,sharesbas,shareswa,shareswadil,sps,tangibles,taxassets,taxexp,taxliabilities,tbvps,workingcapital
ERF,MRY,2011-12-31,2011-12-31,2011-12-31,2018-02-24,87172000,5723312000,5606246500,147402000,5575910000,0.202,18.217,-491786000,5629000,5510167,341164000,12811000,0.274,0.747,907094000,46808000,860286000,887944587,0,509620000,0,0.079,2.003,-24664000,484956000,0.429,474718226,-24143325,-69602000,0.07,0.07,0.069,3276979000,3302678500,3207799593,5222741485,-216,11.002,132446000,0.736,1.022,790333000,0.698,154691000,44938000,5932292000,5754447500,0,0,0,0,2446333000,537794000,1908539000,4480266668,-2745000,0,64001000,167209000,-388904000,-176362000,-451650000,1544000,624232000,1035000,12811000,12811000,12540550,0,0,0.011,810781000,-20448000,422666000,29.231,1.397,357.262,369.515,5206810000,0,25.32,4.045,4.112,124806000,-279467000,1131497000,1107610276,0,0.002,0.004,-0.004,-0.022,12330000,94442000,1.0,176945761,179889000,180345000,6.157,5568621000,0,-82413000,0,30.956,-390392000
ERF,MRY,2012-12-31,2012-12-31,2012-12-31,2018-02-24,-130385000,3618418000,4670865000,228119000,3390299000,0.267,9.974,-804862000,5200000,5229515,402224000,-270697000,0.617,0.854,1069565000,45566000,1023999000,1075635888,0,560293000,0,0.125,1.614,-488781000,71512000,0.057,71917904,-491555338,-543688000,-1.38,-1.38,-1.388,1951240000,2614109500,1962315307,3257431769,-6,45.294,-269173000,-1.376,0.994,843105000,0.677,599716000,54907000,3713117000,4822704500,0,7699000,0,7699000,1667178000,369950000,1297228000,2347814782,-429000,0,350948000,170601000,-277948000,210468000,-748216000,146898000,535689000,1630000,-270697000,-270697000,-272233485,0,0,-0.217,1349090000,-505985000,278550000,-1.163,1.196,-8.624,-9.338,2337795000,0,12.96,1.875,2.024,161131000,-948350000,1245329000,1252397531,0,-0.058,-0.104,-0.101,-0.392,10297000,93844000,1.0,181158548,195633000,195633000,6.402,3018702000,437076000,-272991000,9430000,15.43,-141831000
ERF,MRY,2013-12-31,2013-12-30,2013-12-30,2018-02-24,-50697000,3681799000,3650108500,233396000,3448403000,0.359,9.725,-567607000,2990000,2804772,453739000,47976000,0.485,0.905,1025298000,48713000,976585000,961781921,0,593203000,0,0.058,1.048,144955000,738158000,0.563,692429927,135975197,86618000,0.24,0.24,0.225,1932302000,1941771000,1812598026,4642017386,34,6.704,198871000,1.001,1.066,856863000,0.654,609975000,58337000,3612981000,3663049000,0,13389000,0,13389000,1749497000,481151000,1268346000,3598170246,-2210000,0,14838000,-92370000,-170653000,-265644000,-504521000,2482000,766478000,1477000,47976000,47976000,45003939,0,0,0.037,702595000,154268000,377157000,4.655,1.985,79.952,80.442,2441354000,0,18.11,2.927,2.927,165091000,-1117238000,1310602000,1229411654,0,0.013,0.025,0.04,0.111,9213000,110260000,1.0,198684166,198684166,,6.188,3071824000,412887000,38642000,0,15.461,-247755000
ERF,MRY,2014-12-31,2014-12-31,2014-12-31,2018-02-24,95478000,4031492000,3856645500,425728000,3605764000,0.457,10.964,-632883000,2036000,1751962,531301000,299076000,0.888,0.813,1136930000,98933000,1037997000,978319888,0,567642000,0,0.123,1.183,499724000,1067366000,0.606,918460578,430008820,436904000,1.46,1.44,1.256,2223126000,2077714000,1912983543,2867096299,6,3.122,154314000,0.761,1.162,1229266000,0.698,624390000,62820000,4062715000,3837848000,0,0,0,0,1808366000,479281000,1329085000,1946473814,-954000,0,31350000,30579000,-199263000,-154095000,-637032000,13300000,787197000,2976000,299076000,299076000,257352694,0,0,0.17,672452000,556814000,351006000,0.942,1.018,7.563,7.641,2653065000,0,9.6,1.285,1.285,199745000,-1039260000,1760567000,1514954931,0,0.078,0.144,0.13,0.284,13486000,105041000,1.0,202757689,202757689,,7.472,3407102000,297312000,137828000,0,16.804,-53553000
ERF,MRY,2015-12-31,2015-12-31,2015-12-31,2018-02-24,402672000,2581234000,3306363000,221045000,2360189000,0.311,4.364,-268399000,7498000,5419928,506073000,-1523403000,0.883,1.875,1223682000,0,1223682000,884538456,0,508179000,0,0.176,0.603,-1624422000,-1116243000,-1.087,-806876182,-1174213340,-1690878000,-7.39,-7.39,-5.342,897754000,1560440000,648941422,1610896627,-1,-1.996,196937000,0.957,1.383,521043000,0.507,657831000,66456000,2889341000,3476028000,0,0,0,0,1683480000,250246000,1433234000,703603467,5462000,0,3205000,-96572000,0,-194413000,-268399000,0,465336000,2938000,-1523403000,-1523403000,-1101191762,0,0,-1.483,1971532000,-1450489000,239950000,-0.113,1.084,-0.639,-0.64,1186273000,0,3.42,0.948,0.948,132156000,-2694618000,1027116000,742450735,0,-0.461,-0.976,-0.467,-1.582,19587000,103870000,1.0,205732008,205732008,,3.609,1923403000,516085000,-167475000,0,9.349,-29201000
ERF,MRY,2016-12-31,2016-12-31,2016-12-31,2018-02-24,353401000,2638850000,2610042000,515394000,2123456000,0.266,7.071,284155000,393305000,292550580,392481000,397416000,2.103,0.807,768825000,29539000,739286000,571872210,0,328964000,0,0.013,0.121,205661000,534625000,0.771,397668104,152976048,160218000,1.75,1.72,1.302,1460505000,1179129500,1086361945,2841050377,18,7.144,596445000,2.888,1.344,300854000,0.434,651663000,45443000,2117614000,2503477500,0,0,0,0,1178345000,245093000,933252000,1957994071,385807000,0,220410000,-391399000,0,-210219000,284155000,0,312290000,-419000,397416000,397416000,295608449,0,0,0.573,154989000,145865000,184534000,0.093,1.802,6.624,7.283,738430000,0,9.48,3.797,3.797,115368000,-2332641000,693335000,515720767,0,0.152,0.337,0.082,0.297,27014000,86319000,1.0,206539459,206539459,,2.497,1987187000,733363000,-237198000,0,9.621,270301000
ERF,MRY,2017-12-31,2017-12-31,2017-12-31,2018-02-24,263124000,2645832000,2642341000,486878000,2158954000,0.354,6.656,-416232000,346548000,272250765,362684000,236998000,1.785,0.653,672379000,27656000,644723000,528226097,0,250774000,0,0.009,0.093,357700000,608474000,0.651,478021839,281011862,318986000,0.98,0.96,0.77,1600769000,1530637000,1257576400,2641071909,9,5.525,59893000,0.249,1.273,572319000,0.612,638878000,38714000,2060088000,2088851000,0,0,0,0,1045063000,272697000,772366000,2354327865,-46757000,0,0,-52356000,0,-81373000,-416232000,0,476125000,-25277000,236998000,236998000,186187445,0,0,0.253,244769000,327550000,213978000,0.121,1.872,12.645,12.716,900031000,0,9.79,3.205,3.205,130576000,-2124676000,935003000,734545525,0,0.09,0.155,0.171,0.383,22576000,74301000,1.0,240482928,240482928,,3.054,2006954000,620045000,81988000,0,8.346,214181000
