ticker,dimension,calendardate,datekey,reportperiod,lastupdated,accoci,assets,assetsavg,assetsc,assetsnc,assetturnover,bvps,capex,cashneq,cashnequsd,cor,consolinc,currentratio,de,debt,debtc,debtnc,debtusd,deferredrev,depamor,deposits,divyield,dps,ebit,ebitda,ebitdamargin,ebitdausd,ebitusd,ebt,eps,epsdil,epsusd,equity,equityavg,equityusd,ev,evebit,evebitda,fcf,fcfps,fxusd,gp,grossmargin,intangibles,intexp,invcap,invcapavg,inventory,investments,investmentsc,investmentsnc,liabilities,liabilitiesc,liabilitiesnc,marketcap,ncf,ncfbus,ncfcommon,ncfdebt,ncfdiv,ncff,ncfi,ncfinv,ncfo,ncfx,netinc,netinccmn,netinccmnusd,netincdis,netincnci,netmargin,opex,opinc,payables,payoutratio,pb,pe,pe1,ppnenet,prefdivis,price,ps,ps1,receivables,retearn,revenue,revenueusd,rnd,roa,roe,roic,ros,sbcomp,sgna,sharefactor,sharesbas,shareswa,shareswadil,sps,tangibles,taxassets,taxexp,taxliabilities,tbvps,workingcapital
ESCA,MRY,2011-12-31,2011-12-31,2011-12-31,2018-04-19,3333000,130115000,133368750,64146000,65969000,1.007,6.796,1053000,4771000,4771000,92541000,4441000,1.851,0.486,21947000,16947000,5000000,21947000,0,8772000,0,0.072,0.32,7568000,16340000,0.122,16340000,7568000,6875000,0.35,0.33,0.35,87565000,89288250,87565000,77071889,10,4.717,3311000,0.257,1.0,41709000,0.311,39349000,693000,73292000,76139000,29035000,14397000,0,14397000,42550000,34650000,7900000,57075889,2285000,0,126000,1455000,-3212000,-1485000,1676000,623000,2258000,-164000,4441000,4441000,4441000,0,0,0.033,37538000,4171000,3293000,0.914,0.652,12.852,12.657,11915000,0,4.43,0.425,0.425,26914000,71348000,134250000,134250000,0,0.033,0.05,0.099,0.056,548000,35942000,1.0,12883948,12883948,,10.42,90766000,2324000,2434000,2900000,7.045,29496000
ESCA,MRY,2012-12-31,2012-12-29,2012-12-29,2018-04-19,4093000,125740000,127487500,70965000,54775000,0.883,5.995,-2049000,3744000,3744000,79932000,-4930000,1.852,0.563,22570000,19070000,3500000,22570000,0,3398000,0,0.059,0.31,-994000,2404000,0.021,2404000,-994000,-1082000,-0.37,-0.37,-0.37,80457000,83636500,80457000,85540911,-86,35.583,4065000,0.303,1.0,32668000,0.29,24936000,88000,81321000,76032250,30864000,17487000,0,17487000,45283000,38309000,6974000,70462911,-1277000,-1250000,441000,623000,-5076000,-3815000,-3463000,194000,6114000,-113000,-4930000,-4930000,-4930000,15684000,0,-0.044,17596000,15072000,3946000,-0.838,0.876,-14.293,-14.189,12281000,0,5.25,0.626,0.626,33496000,62937000,112600000,112600000,0,-0.039,-0.059,-0.013,-0.009,574000,18450000,1.0,13421507,13421507,,8.39,100804000,1553000,3848000,3493000,7.511,32656000
ESCA,MRY,2013-12-31,2013-12-28,2013-12-28,2018-04-19,4919000,141974000,134022500,81216000,60758000,0.992,6.497,-2168000,2791000,2791000,92991000,9805000,1.859,0.614,28209000,23263000,4946000,28209000,0,3844000,0,0.028,0.34,16328000,20172000,0.152,20172000,16328000,15924000,0.73,0.72,0.73,87955000,84323500,87955000,182936982,11,9.069,6839000,0.505,1.0,40000000,0.301,24112000,404000,99601000,91405750,18941000,19455000,0,19455000,54019000,43679000,10340000,161513982,-198000,-6485000,636000,3339000,-4622000,-351000,-9339000,-500000,9007000,485000,9805000,9805000,9805000,2790000,0,0.074,23816000,16184000,2055000,0.466,1.836,16.473,16.342,10635000,0,11.93,1.214,1.214,38271000,69379000,132991000,132991000,0,0.073,0.116,0.179,0.123,557000,21453000,1.0,13538473,13538473,,9.823,117862000,3042000,6119000,5394000,8.706,37537000
ESCA,MRY,2014-12-31,2014-12-27,2014-12-27,2018-04-19,-1964000,127881000,127907750,68851000,59030000,1.079,6.435,-2637000,4682000,4682000,96912000,11817000,2.169,0.424,21146000,17786000,3360000,21146000,0,4383000,0,0.026,0.38,18702000,23085000,0.167,23085000,18702000,18255000,0.85,0.84,0.85,89779000,87026500,89779000,219212240,11,9.496,16659000,1.194,1.0,41063000,0.298,28340000,447000,84259000,86739500,23775000,18949000,0,18949000,38102000,31746000,6356000,201883240,886000,-10630000,1386000,-7063000,-5294000,-10889000,-6714000,250000,19296000,-807000,11817000,11817000,11817000,7627000,0,0.086,25559000,15504000,1853000,0.447,2.249,17.084,17.024,11596000,0,14.47,1.463,1.463,32150000,77745000,137975000,137975000,0,0.092,0.136,0.216,0.136,716000,22938000,1.0,13951848,13951848,,9.889,99541000,6622000,6438000,2996000,7.135,37105000
ESCA,MRY,2015-12-31,2015-12-26,2015-12-26,2018-04-19,-3178000,143737000,135785250,72775000,70962000,1.174,6.828,-5067000,1982000,1982000,115989000,11606000,3.927,0.49,23336000,1810000,21526000,23336000,0,5218000,0,0.033,0.43,16144000,21362000,0.134,21362000,16144000,15674000,0.82,0.82,0.82,96480000,93421500,96480000,215055215,13,10.067,10396000,0.736,1.0,43474000,0.273,36915000,470000,109645000,91648000,25862000,19644000,0,19644000,47257000,18531000,28726000,186233215,-1250000,-10678000,937000,1992000,-6072000,-2418000,-14295000,1450000,15463000,0,11606000,11606000,11606000,0,0,0.073,30656000,12818000,2547000,0.524,1.93,16.046,16.073,14363000,0,13.18,1.168,1.168,38984000,85478000,159463000,159463000,0,0.085,0.124,0.176,0.101,719000,27775000,1.0,14129986,14129986,,11.285,106822000,3453000,4068000,7200000,7.56,54244000
ESCA,MRY,2016-12-31,2016-12-31,2016-12-31,2018-04-19,-4280000,150761000,156626000,75623000,75138000,1.096,7.112,-85000,1013000,1013000,127395000,11493000,4.106,0.482,25439000,1250000,24189000,25439000,0,5244000,0,0.033,0.44,16376000,21620000,0.126,21620000,16376000,15542000,0.81,0.8,0.81,101713000,99477500,101713000,221883858,13,10.263,12084000,0.845,1.0,44267000,0.258,42313000,834000,114456000,124466000,33802000,19030000,0,19030000,49048000,18418000,30630000,188785858,-969000,-9659000,547000,2302000,-6282000,-3337000,-9801000,-57000,12169000,0,11493000,11493000,11493000,0,0,0.067,29684000,14583000,4376000,0.543,1.856,16.426,16.296,13714000,0,13.2,1.1,1.1,35894000,91688000,171662000,171662000,0,0.073,0.116,0.132,0.095,398000,27357000,1.0,14301959,14301959,,12.003,108448000,2116000,4049000,6441000,7.583,57205000
ESCA,MRY,2017-12-31,2017-12-30,2017-12-30,2018-04-19,-2610000,156105000,152474500,80260000,75845000,1.163,7.771,-2740000,1572000,1572000,132606000,14061000,4.107,0.398,23121000,1250000,21871000,23121000,0,3910000,0,0.037,0.46,16321000,20231000,0.114,20231000,16321000,15517000,0.98,0.98,0.98,111670000,106016500,111670000,201150207,12,9.943,10623000,0.739,1.0,44727000,0.252,41239000,804000,116873000,114133750,35160000,20278000,0,20278000,44435000,19542000,24893000,176758207,559000,-1450000,159000,-2318000,-6607000,-8614000,-4190000,0,13363000,0,14061000,14061000,14061000,0,0,0.079,30127000,14600000,4295000,0.469,1.583,12.571,12.551,14286000,0,12.3,0.997,0.997,39350000,99908000,177333000,177333000,0,0.092,0.133,0.143,0.092,522000,28548000,1.0,14370586,14370586,,12.34,114866000,764000,1456000,2469000,7.993,60718000
