ticker,dimension,calendardate,datekey,reportperiod,lastupdated,accoci,assets,assetsavg,assetsc,assetsnc,assetturnover,bvps,capex,cashneq,cashnequsd,cor,consolinc,currentratio,de,debt,debtc,debtnc,debtusd,deferredrev,depamor,deposits,divyield,dps,ebit,ebitda,ebitdamargin,ebitdausd,ebitusd,ebt,eps,epsdil,epsusd,equity,equityavg,equityusd,ev,evebit,evebitda,fcf,fcfps,fxusd,gp,grossmargin,intangibles,intexp,invcap,invcapavg,inventory,investments,investmentsc,investmentsnc,liabilities,liabilitiesc,liabilitiesnc,marketcap,ncf,ncfbus,ncfcommon,ncfdebt,ncfdiv,ncff,ncfi,ncfinv,ncfo,ncfx,netinc,netinccmn,netinccmnusd,netincdis,netincnci,netmargin,opex,opinc,payables,payoutratio,pb,pe,pe1,ppnenet,prefdivis,price,ps,ps1,receivables,retearn,revenue,revenueusd,rnd,roa,roe,roic,ros,sbcomp,sgna,sharefactor,sharesbas,shareswa,shareswadil,sps,tangibles,taxassets,taxexp,taxliabilities,tbvps,workingcapital
ESE,MRY,2011-12-31,2011-09-30,2011-09-30,2018-05-09,-19191000,1011837000,993739750,328354000,683483000,0.454,22.593,-16807000,34158000,34158000,273845000,52501000,1.595,0.684,125000000,50000000,75000000,125000000,48166000,13476000,0,0.013,0.32,71916000,85392000,0.189,85392000,71916000,69423000,1.97,1.95,1.97,600710000,584582250,600710000,786277985,10,9.208,57809000,2.174,1.0,176971000,0.393,593712000,2493000,303130000,312943750,96986000,0,0,0,411127000,205837000,205290000,678705985,7650000,-3732000,762000,-29000000,-8534000,-36402000,-30231000,0,74616000,-333000,52501000,52501000,52501000,-15418000,0,0.116,120473000,56498000,54037000,0.162,1.13,12.927,12.944,73067000,0,25.5,1.506,1.504,157057000,403241000,450816000,450816000,0,0.053,0.09,0.23,0.16,4470000,123293000,1.0,26615921,26588000,26903000,16.956,418125000,20630000,16922000,85313000,15.726,122517000
ESE,MRY,2012-12-31,2012-09-30,2012-09-30,2018-05-09,-25378000,1033753000,1015880250,343444000,690309000,0.471,23.646,-16143000,30215000,30215000,294655000,46879000,1.682,0.637,115000000,50000000,65000000,115000000,16332000,14495000,0,0.008,0.32,66756000,81251000,0.17,81251000,66756000,64287000,1.76,1.73,1.76,631313000,617324250,631313000,1126571254,16,13.865,37021000,1.387,1.0,184044000,0.384,456126000,2469000,458207000,315780500,82063000,0,0,0,402440000,204205000,198235000,1038728254,-3943000,0,-5587000,-10000000,-8554000,-25277000,-29812000,0,53164000,-2018000,46879000,46879000,46879000,-12105000,0,0.098,129393000,54651000,35253000,0.182,1.645,22.158,22.074,62551000,0,38.85,2.17,2.167,97981000,441566000,478699000,478699000,0,0.046,0.076,0.211,0.139,4356000,128152000,1.0,26736892,26699000,27030000,17.929,577627000,22313000,17408000,88675000,21.635,139239000
ESE,MRY,2013-12-31,2013-09-30,2013-09-30,2018-05-09,-16656000,1092328000,1098878000,393921000,698407000,0.446,22.749,-22270000,42850000,42850000,295863000,-25603000,1.71,0.815,172000000,50000000,122000000,172000000,17508000,14805000,0,0.01,0.32,-4575000,10230000,0.021,10230000,-4575000,-7268000,-0.97,-0.96,-0.97,601714000,617406750,601714000,1033957423,-226,101.071,24881000,0.941,1.0,194216000,0.396,463166000,2693000,527956000,479300250,90228000,0,0,0,490614000,230356000,260258000,878604423,12635000,-19452000,-7953000,57000000,-8451000,41594000,-76753000,0,47151000,643000,-25603000,-25603000,-25603000,56863000,0,-0.052,141928000,52288000,38537000,-0.33,1.46,-34.316,-34.258,75536000,0,33.23,1.793,1.793,112697000,407512000,490079000,490079000,0,-0.023,-0.041,-0.01,-0.009,4577000,129809000,1.0,26440097,26450000,26802000,18.529,629162000,23349000,18335000,99795000,23.787,163565000
ESE,MRY,2014-12-31,2014-09-30,2014-09-30,2018-05-09,-19186000,845906000,897665250,295953000,549953000,0.592,21.937,-21343000,35131000,35131000,323939000,410000,2.012,0.458,40000000,20000000,20000000,40000000,19895000,16362000,0,0.012,0.4,21571000,37933000,0.071,37933000,21571000,20004000,0.01,0.02,0.01,580171000,587423500,580171000,922616278,42,24.322,22099000,0.836,1.0,207181000,0.39,464400000,1567000,239275000,314567250,94292000,0,0,0,265735000,147100000,118635000,914831278,-7719000,0,-11970000,-132000000,-8472000,-152487000,102169000,0,43442000,-843000,410000,410000,410000,42203000,0,0.001,143407000,63774000,40328000,40.0,1.577,2231.296,3478.0,76465000,0,34.78,1.722,1.732,133247000,399451000,531120000,531120000,0,0.0,0.001,0.069,0.041,4815000,134899000,1.0,26303372,26447000,26644000,20.082,381506000,19946000,19594000,77440000,14.425,148853000
ESE,MRY,2015-12-31,2015-09-30,2015-09-30,2018-05-09,-32538000,864208000,856737250,298251000,565957000,0.627,22.402,-19345000,39411000,39411000,334850000,42512000,2.083,0.479,50000000,20000000,30000000,50000000,21498000,18584000,0,0.009,0.32,63082000,81666000,0.152,81666000,63082000,62297000,1.63,1.62,1.63,584182000,584976750,584182000,965479192,15,11.822,46408000,1.78,1.0,202441000,0.377,481905000,785000,249681000,274218000,99786000,0,0,0,280026000,143211000,136815000,936951192,4280000,-20500000,-18248000,10000000,-8369000,-16641000,-39845000,0,65753000,-4987000,42512000,42512000,42512000,-1552000,0,0.079,140135000,62306000,37863000,0.196,1.604,22.04,22.025,77358000,0,35.9,1.744,1.742,130994000,433632000,537291000,537291000,0,0.05,0.073,0.23,0.117,4779000,130166000,1.0,26098919,26077000,26265000,20.604,382303000,15558000,19785000,74469000,14.661,155040000
ESE,MRY,2016-12-31,2016-09-30,2016-09-30,2018-05-09,-39283000,978371000,928420000,323483000,654888000,0.616,23.877,-22508000,53825000,53825000,350807000,45882000,2.046,0.591,110000000,20000000,90000000,110000000,27212000,23568000,0,0.007,0.32,69728000,93296000,0.163,93296000,69728000,68420000,1.78,1.77,1.78,615109000,601938500,615109000,1239691155,17,13.288,51351000,1.993,1.0,220652000,0.386,555375000,1308000,321095000,318140750,105542000,0,0,0,363262000,158076000,205186000,1193775155,14414000,-82062000,-4303000,58903000,-8248000,46224000,-104570000,0,73859000,-1099000,45882000,45882000,45882000,0,0,0.08,150924000,69728000,42074000,0.18,1.941,26.018,26.079,92405000,0,46.42,2.089,2.093,150232000,471272000,571459000,571459000,0,0.049,0.076,0.219,0.122,4704000,131493000,1.0,25716828,25762000,25968000,22.182,422996000,0,22538000,69562000,16.419,165407000
ESE,MRY,2017-12-31,2017-09-30,2017-09-30,2018-05-09,-27308000,1260444000,1156630500,392792000,867652000,0.593,26.07,-37546000,45516000,45516000,436918000,53703000,2.015,0.876,275000000,20000000,255000000,275000000,51034000,32229000,0,0.004,0.24,84731000,116960000,0.171,116960000,84731000,80153000,2.08,2.07,2.08,671918000,642694750,671918000,1765179459,20,15.092,29794000,1.156,1.0,248822000,0.363,729013000,4578000,565946000,493114750,124515000,0,0,0,588526000,194969000,393557000,1548700459,-8309000,-198628000,0,165000000,-8257000,156763000,-233867000,0,67340000,1455000,53703000,53703000,53703000,0,0,0.078,164091000,84731000,54789000,0.115,2.305,28.838,28.822,132748000,0,59.95,2.258,2.253,207866000,516718000,685740000,685740000,0,0.046,0.084,0.172,0.124,5444000,148433000,1.0,25833202,25774000,25995000,26.606,531431000,0,26450000,86378000,20.619,197823000
