ticker,dimension,calendardate,datekey,reportperiod,lastupdated,accoci,assets,assetsavg,assetsc,assetsnc,assetturnover,bvps,capex,cashneq,cashnequsd,cor,consolinc,currentratio,de,debt,debtc,debtnc,debtusd,deferredrev,depamor,deposits,divyield,dps,ebit,ebitda,ebitdamargin,ebitdausd,ebitusd,ebt,eps,epsdil,epsusd,equity,equityavg,equityusd,ev,evebit,evebitda,fcf,fcfps,fxusd,gp,grossmargin,intangibles,intexp,invcap,invcapavg,inventory,investments,investmentsc,investmentsnc,liabilities,liabilitiesc,liabilitiesnc,marketcap,ncf,ncfbus,ncfcommon,ncfdebt,ncfdiv,ncff,ncfi,ncfinv,ncfo,ncfx,netinc,netinccmn,netinccmnusd,netincdis,netincnci,netmargin,opex,opinc,payables,payoutratio,pb,pe,pe1,ppnenet,prefdivis,price,ps,ps1,receivables,retearn,revenue,revenueusd,rnd,roa,roe,roic,ros,sbcomp,sgna,sharefactor,sharesbas,shareswa,shareswadil,sps,tangibles,taxassets,taxexp,taxliabilities,tbvps,workingcapital
ESIO,MRY,2011-12-31,2011-04-02,2011-04-02,2018-02-06,1690000,440167000,419564500,327853000,112314000,0.612,12.827,-6556000,127181000,127181000,147862000,7934000,4.813,0.215,0,0,0,0,16039000,12281000,0,0.0,0.0,8136000,20417000,0.08,20417000,8136000,8324000,0.28,0.28,0.28,362299000,352810000,362299000,422505567,51,20.694,44034000,1.57,1.0,108949000,0.424,14049000,-188000,230823000,274188500,65362000,82508000,69245000,13263000,77868000,68114000,9754000,480335567,77077000,-8857000,0,0,0,1511000,23952000,38823000,50590000,1024000,7934000,7934000,7934000,0,0,0.031,101521000,7428000,18650000,0.0,1.326,60.541,60.857,39661000,0,17.04,1.87,1.861,44100000,207420000,256811000,256811000,41095000,0.019,0.022,0.03,0.032,9309000,58262000,1.0,28188707,28045000,28608000,9.157,426118000,40714000,390000,9754000,15.086,259739000
ESIO,MRY,2012-12-31,2012-03-31,2012-03-31,2018-02-06,506000,433210000,439335500,314963000,118247000,0.579,13.09,-4911000,92049000,92049000,146538000,4904000,6.933,0.144,0,0,0,0,10751000,14211000,0,0.005,0.08,3924000,18135000,0.071,18135000,3924000,3487000,0.17,0.17,0.17,378670000,379970250,378670000,343900348,87,18.963,9402000,0.327,1.0,107691000,0.424,12346000,437000,283384000,276882000,68055000,129720000,106674000,23046000,54540000,45431000,9109000,433726348,-46632000,0,0,0,-2303000,1242000,-62471000,-45929000,14313000,284000,4904000,4904000,4904000,0,0,0.019,106496000,1195000,13045000,0.471,1.145,88.443,88.294,32103000,0,15.01,1.706,1.697,32744000,210021000,254229000,254229000,42640000,0.011,0.013,0.014,0.015,11451000,58555000,1.0,28895826,28749000,29461000,8.843,420864000,46510000,-1417000,9109000,14.548,269532000
ESIO,MRY,2013-12-31,2013-03-30,2013-03-30,2018-02-06,283000,322208000,400785750,246490000,75718000,0.541,8.942,-4183000,88913000,88913000,155337000,-54716000,4.733,0.22,0,0,0,0,10196000,14651000,0,0.21,2.32,-14865000,-214000,-0.001,-214000,-14865000,-14865000,-1.86,-1.86,-1.86,264142000,338654250,264142000,256497028,-17,-1198.584,12924000,0.44,1.0,61288000,0.283,16977000,0,164234000,237858250,63067000,68473000,56144000,12329000,58066000,52084000,5982000,326006028,19133000,-9466000,2537000,0,-68077000,-67143000,70747000,61502000,17107000,-1578000,-54716000,-54716000,-54716000,0,0,-0.253,76406000,-15118000,16958000,-1.247,1.234,-5.958,-5.941,27894000,0,11.05,1.505,1.497,31779000,87228000,216625000,216625000,37196000,-0.137,-0.162,-0.062,-0.069,7861000,53086000,1.0,29502808,29357000,29357000,7.379,305231000,5448000,39851000,5982000,10.333,194406000
ESIO,MRY,2014-12-31,2014-03-29,2014-03-29,2018-02-06,352000,270209000,299294500,210509000,59700000,0.605,7.397,-3926000,68461000,68461000,121296000,-38334000,4.609,0.212,0,0,0,0,10515000,10627000,0,0.032,0.32,-38426000,-27799000,-0.153,-27799000,-38426000,-38426000,-1.28,-1.28,-1.28,222881000,247898500,222881000,218691125,-5,-7.867,-23042000,-0.769,1.0,59871000,0.33,14734000,0,141340000,164173000,58902000,42429000,38444000,3985000,47328000,45674000,1654000,295865125,-20452000,-14731000,2046000,0,-9557000,-9100000,7831000,26050000,-19116000,-67000,-38334000,-38334000,-38334000,0,0,-0.212,88707000,-28836000,14465000,-0.25,1.327,-7.718,-7.727,27930000,0,9.89,1.633,1.636,37813000,39336000,181167000,181167000,37839000,-0.128,-0.155,-0.234,-0.212,6105000,51598000,1.0,29915584,29974000,29974000,6.044,255475000,865000,-92000,1824000,8.479,164835000
ESIO,MRY,2015-12-31,2015-03-28,2015-03-28,2018-02-06,-72000,221240000,244412500,165322000,55918000,0.651,5.734,-5220000,50994000,50994000,104437000,-43811000,4.059,0.248,0,0,0,0,12376000,9319000,0,0.039,0.24,-43577000,-34258000,-0.215,-34258000,-43577000,-43577000,-1.43,-1.43,-1.43,177321000,197511000,177321000,117162198,-2,-3.42,-32713000,-1.069,1.0,54681000,0.344,16675000,0,112842000,113929500,56637000,6612000,6612000,0,43919000,40729000,3190000,187228198,-17467000,-7737000,407000,0,-7266000,-8709000,20207000,35802000,-27493000,-1472000,-43811000,-43811000,-43811000,0,0,-0.275,94425000,-39744000,9514000,-0.168,1.056,-4.274,-4.308,25858000,0,6.16,1.177,1.185,42295000,-11741000,159118000,159118000,35166000,-0.179,-0.222,-0.382,-0.274,4542000,48525000,1.0,30394188,30611000,30611000,5.198,204565000,352000,234000,1792000,6.615,124593000
ESIO,MRY,2016-12-31,2016-04-02,2016-04-02,2018-02-06,-995000,220100000,222017750,167426000,52674000,0.831,5.384,-3461000,42413000,42413000,111688000,-12257000,4.107,0.294,0,0,0,0,6373000,8719000,0,0.0,0.0,-12273000,-3554000,-0.019,-3554000,-12273000,-12273000,-0.39,-0.39,-0.39,170031000,169719750,170031000,182979285,-14,-51.485,1241000,0.04,1.0,72703000,0.394,14591000,0,122328000,114283250,60470000,15252000,15252000,0,50069000,40768000,9301000,225050285,-8581000,0,1362000,0,0,724000,-13812000,-11141000,4702000,-195000,-12257000,-12257000,-12257000,0,0,-0.066,85171000,-12468000,16061000,0.0,1.324,-18.361,-18.538,24543000,0,7.23,1.221,1.232,42770000,-23998000,184391000,184391000,32400000,-0.055,-0.072,-0.107,-0.067,5103000,49753000,1.0,31127287,31411000,31411000,5.87,205509000,914000,-16000,1500000,6.508,126658000
ESIO,MRY,2017-12-31,2017-04-01,2017-04-01,2018-02-06,-1214000,224745000,218273250,173714000,51031000,0.738,4.371,-4032000,56642000,56642000,99557000,-37409000,2.989,0.555,13489000,0,13489000,13489000,14712000,9096000,0,0.0,0.0,-37432000,-28336000,-0.176,-28336000,-37432000,-37432000,-1.15,-1.15,-1.15,144531000,160596500,144531000,182821841,-4,-6.452,-4865000,-0.149,1.0,61466000,0.382,9591000,0,113890000,105975750,58942000,5743000,5743000,0,80214000,58111000,22103000,227712841,15319000,-2010000,1398000,13606000,0,14165000,2614000,8949000,-833000,-627000,-37409000,-37409000,-37409000,0,0,-0.232,99163000,-37697000,21213000,0.0,1.576,-6.087,-6.061,21619000,0,6.97,1.414,1.409,40494000,-61407000,161023000,161023000,31719000,-0.171,-0.233,-0.353,-0.232,7095000,52698000,1.0,32670422,32551000,32551000,4.947,215154000,0,-23000,1036000,6.507,115603000
