ticker,dimension,calendardate,datekey,reportperiod,lastupdated,accoci,assets,assetsavg,assetsc,assetsnc,assetturnover,bvps,capex,cashneq,cashnequsd,cor,consolinc,currentratio,de,debt,debtc,debtnc,debtusd,deferredrev,depamor,deposits,divyield,dps,ebit,ebitda,ebitdamargin,ebitdausd,ebitusd,ebt,eps,epsdil,epsusd,equity,equityavg,equityusd,ev,evebit,evebitda,fcf,fcfps,fxusd,gp,grossmargin,intangibles,intexp,invcap,invcapavg,inventory,investments,investmentsc,investmentsnc,liabilities,liabilitiesc,liabilitiesnc,marketcap,ncf,ncfbus,ncfcommon,ncfdebt,ncfdiv,ncff,ncfi,ncfinv,ncfo,ncfx,netinc,netinccmn,netinccmnusd,netincdis,netincnci,netmargin,opex,opinc,payables,payoutratio,pb,pe,pe1,ppnenet,prefdivis,price,ps,ps1,receivables,retearn,revenue,revenueusd,rnd,roa,roe,roic,ros,sbcomp,sgna,sharefactor,sharesbas,shareswa,shareswadil,sps,tangibles,taxassets,taxexp,taxliabilities,tbvps,workingcapital
ESP,MRY,2011-12-31,2011-06-30,2011-06-30,2018-05-14,0,31868624,30370064,29057307,2811317,0.971,13.303,-607311,9695811,9695811,21293305,3857537,9.907,0.112,0,0,0,0,0,467296,0,0.077,1.9,5381542,5848838,0.198,5848838,5381542,5381542,1.79,1.77,1.79,28665019,27850498,28665019,49280042,9,8.426,4306138,2.002,1.0,8206199,0.278,0,0,19239937,19810647,10579060,2054517,1946214,108303,3203605,2932876,270729,57251676,5220745,54860,-138911,0,-4080492,-4208464,4515760,5193211,4913449,0,3857537,3857537,3857537,0,0,0.131,2905916,5300283,1453707,1.061,1.997,14.842,13.788,2703014,0,24.68,1.941,1.8,6266765,22780026,29499504,29499504,0,0.127,0.139,0.272,0.182,558288,2905916,1.0,2319760,2151443,2176299,13.711,31868624,360553,1524005,277746,14.79,26124431
ESP,MRY,2012-12-31,2012-06-30,2012-06-30,2018-05-14,1477,32785603,31810763,30195036,2590567,1.007,13.57,-267983,11523424,11523424,23217194,4390268,10.08,0.109,0,0,0,0,0,426389,0,0.072,1.9,6081456,6507845,0.203,6507845,6081456,6081456,2.02,1.99,2.02,29567448,28702410,29567448,51422320,8,7.902,7118343,3.276,1.0,8820163,0.275,0,0,18266528,18817499,11645706,3252082,3184711,67371,3218155,2995651,222504,61292909,1827613,0,-19706,0,-4116532,-4095437,-1463276,-1195293,7386326,0,4390268,4390268,4390268,0,0,0.137,2828409,5991754,1309037,0.941,2.073,13.961,13.074,2523196,0,26.41,1.913,1.791,3217875,23053762,32037357,32037357,0,0.138,0.153,0.323,0.19,565320,2828409,1.0,2320822,2172589,2203060,14.746,32785603,422998,1691188,73596,15.046,27199385
ESP,MRY,2013-12-31,2013-06-30,2013-06-30,2018-05-14,412,35540947,33437042,33094421,2446526,1.026,14.325,-322507,9888628,9888628,23598641,5562425,9.448,0.116,0,0,0,0,0,418149,0,0.077,1.975,7866187,8284336,0.242,8284336,7866187,7866187,2.52,2.48,2.52,31842594,30244207,31842594,51043463,6,6.161,2963123,1.343,1.0,10699569,0.312,0,0,22149351,20877426,11373770,3918162,3892968,25194,3698353,3502968,195385,60258533,-1634796,0,409356,0,-4356066,-3930201,-990225,-667718,3285630,0,5562425,5562425,5562425,0,0,0.162,2917140,7782429,1273142,0.784,1.892,10.833,10.198,2421332,0,25.7,1.757,1.654,7204226,24260121,34298210,34298210,0,0.166,0.184,0.377,0.229,627478,2917140,1.0,2344690,2206937,2242648,15.541,35540947,419093,2303762,430463,15.989,29591453
ESP,MRY,2014-12-31,2014-06-30,2014-06-30,2018-05-14,-1437,32398446,33472254,29719545,2678901,0.811,13.127,-709972,9556891,9556891,22605673,1167885,12.042,0.093,0,0,0,0,0,452390,0,0.08,2.0,1465949,1918339,0.071,1918339,1465949,1465949,0.52,0.51,0.52,29646945,30570866,29646945,50976830,34,26.573,4677571,2.083,1.0,4531246,0.167,0,0,20373493,21404925,10611250,4910893,4910893,0,2751501,2468062,283439,59237356,-331737,0,441091,0,-4481066,-4013733,-1705547,-995575,5387543,0,1167885,1167885,1167885,0,0,0.043,3214050,1317196,727281,3.846,1.998,50.722,48.308,2678901,0,25.12,2.183,2.078,3194678,20946940,27136919,27136919,0,0.035,0.038,0.068,0.054,625806,3214050,1.0,2358175,2245222,2285535,12.087,32398446,1268057,298064,0,14.346,27251483
ESP,MRY,2015-12-31,2015-06-30,2015-06-30,2018-05-14,-4386,34344244,33361209,31845381,2498863,0.804,13.577,-266029,8859405,8859405,19690132,3183127,9.987,0.11,0,0,0,0,0,445687,0,0.038,1.0,4497816,4943503,0.184,4943503,4497816,4497816,1.4,1.39,1.4,30930874,30390905,30930874,51978986,11,10.515,405713,0.179,1.0,7141573,0.266,0,0,22296220,21016122,11585897,4159057,4159057,0,3413370,3188619,224751,61416862,-697486,0,-179027,0,-1698306,-1850498,481270,747299,671742,0,3183127,3183127,3183127,0,0,0.119,2711807,4429766,976112,0.714,1.986,19.295,18.571,2498863,0,26.0,2.289,2.201,6694401,21865951,26831705,26831705,0,0.095,0.105,0.214,0.168,493224,2711807,1.0,2362187,2271426,2290542,11.813,34344244,334681,1314689,227467,15.075,28656762
ESP,MRY,2016-12-31,2016-06-30,2016-06-30,2018-05-14,-1408,34452917,34250917,32104392,2348525,0.802,13.945,-284210,10031644,10031644,20099683,3175801,17.247,0.064,0,0,0,0,0,434401,0,0.038,1.0,4462507,4896908,0.178,4896908,4462507,4462507,1.39,1.38,1.39,32388238,31612904,32388238,51957629,11,10.61,5475392,2.396,1.0,7371682,0.268,0,0,22559831,21909723,10733681,5580059,5580059,0,2064679,1861442,203237,61505430,1172239,0,-58455,0,-2846690,-2888004,-1699359,-1415149,5759602,0,3175801,3175801,3175801,0,0,0.116,3028449,4343233,552787,0.719,1.899,19.367,18.712,2348525,0,26.01,2.239,2.164,4957464,22820938,27471365,27471365,0,0.093,0.1,0.204,0.162,523572,3028449,1.0,2364684,2285686,2302034,12.019,34452917,581856,1286706,203237,14.834,30242950
ESP,MRY,2017-12-31,2017-06-30,2017-06-30,2018-05-14,-3599,35493695,34492253,33228599,2265096,0.653,13.736,-352132,10058163,10058163,17806444,1135736,9.844,0.113,0,0,0,0,0,435557,0,0.045,1.0,1651405,2086962,0.093,2086962,1651405,1651405,0.49,0.49,0.49,31897543,32003889,31897543,43778968,26,20.977,6068591,2.624,1.0,4714568,0.209,0,0,22059951,22992835,9678811,9426968,9426968,0,3596152,3375581,220571,53165016,26519,0,106582,0,-2307445,-2191793,-4202411,-3850279,6420723,0,1135736,1135736,1135736,0,0,0.05,3188112,1526456,2250115,2.041,1.667,46.811,45.755,2265096,0,22.42,2.361,2.302,3399613,21670196,22521012,22521012,0,0.033,0.035,0.072,0.073,537516,3188112,1.0,2371321,2312870,2324838,9.737,35493695,437738,515669,220571,15.285,29853018
