ticker,dimension,calendardate,datekey,reportperiod,lastupdated,accoci,assets,assetsavg,assetsc,assetsnc,assetturnover,bvps,capex,cashneq,cashnequsd,cor,consolinc,currentratio,de,debt,debtc,debtnc,debtusd,deferredrev,depamor,deposits,divyield,dps,ebit,ebitda,ebitdamargin,ebitdausd,ebitusd,ebt,eps,epsdil,epsusd,equity,equityavg,equityusd,ev,evebit,evebitda,fcf,fcfps,fxusd,gp,grossmargin,intangibles,intexp,invcap,invcapavg,inventory,investments,investmentsc,investmentsnc,liabilities,liabilitiesc,liabilitiesnc,marketcap,ncf,ncfbus,ncfcommon,ncfdebt,ncfdiv,ncff,ncfi,ncfinv,ncfo,ncfx,netinc,netinccmn,netinccmnusd,netincdis,netincnci,netmargin,opex,opinc,payables,payoutratio,pb,pe,pe1,ppnenet,prefdivis,price,ps,ps1,receivables,retearn,revenue,revenueusd,rnd,roa,roe,roic,ros,sbcomp,sgna,sharefactor,sharesbas,shareswa,shareswadil,sps,tangibles,taxassets,taxexp,taxliabilities,tbvps,workingcapital
ESTE,MRY,2011-12-31,2011-03-31,2011-03-31,2018-05-04,0,20842000,20190250,6593000,14249000,0.406,8.647,-3356000,4051000,4051000,3538000,1602000,3.965,0.383,0,0,0,0,0,1165000,0,0.0,0.0,1834000,2999000,0.365,2999000,1834000,1808000,0.94,0.94,0.94,15065000,14532250,15065000,30186252,16,10.065,-732000,-0.428,1.0,4668000,0.569,0,26000,15128000,13996000,0,0,0,0,5777000,1663000,4114000,34233252,-854000,0,-122000,0,0,-122000,-3356000,0,2624000,0,1602000,1602000,1602000,0,0,0.195,2846000,1822000,496000,0.0,2.272,21.369,21.34,14249000,0,20.06,4.172,4.181,2003000,-7600000,8206000,8206000,0,0.079,0.11,0.131,0.223,75000,1515000,1.0,1706543,1710453,1710453,4.798,20842000,0,206000,0,11.963,4930000
ESTE,MRY,2012-12-31,2012-03-31,2012-03-31,2018-05-04,0,26206000,23866500,10006000,16200000,0.491,10.751,-2467000,6778000,6778000,4486000,3279000,2.914,0.428,0,0,0,0,0,1116000,0,0.0,0.0,3937000,5053000,0.431,5053000,3937000,3931000,1.92,1.92,1.92,18348000,17027500,18348000,34386186,8,6.805,2811000,1.645,1.0,7226000,0.617,0,6000,15994000,17526500,0,0,0,0,7858000,3434000,4424000,36678186,2727000,0,-84000,0,0,-84000,-2467000,0,5278000,0,3279000,3279000,3279000,0,0,0.28,3364000,3862000,824000,0.0,1.999,11.186,11.193,16200000,0,21.49,3.132,3.136,2479000,-4321000,11712000,11712000,0,0.137,0.193,0.225,0.336,88000,2076000,1.0,1706756,1709178,1709178,6.852,26206000,0,652000,0,15.356,6572000
ESTE,MRY,2013-12-31,2013-03-31,2013-03-31,2018-05-04,0,34680000,29979250,6377000,28303000,0.38,11.796,-12417000,2180000,2180000,4518000,1780000,1.138,0.709,4000000,0,4000000,4000000,0,2017000,0,0.0,0.0,2103000,4120000,0.362,4120000,2103000,2082000,1.03,1.03,1.03,20298000,19445250,20298000,28221842,13,6.85,-8550000,-4.969,1.0,6860000,0.603,0,21000,30898000,24133750,0,0,0,0,14382000,5602000,8780000,28378842,-4598000,0,0,4000000,0,3952000,-12417000,0,3867000,0,1780000,1780000,1780000,0,0,0.156,4819000,2041000,1631000,0.0,1.398,15.943,16.012,28303000,0,16.492,2.494,2.494,3383000,-2541000,11378000,11378000,0,0.059,0.092,0.087,0.185,170000,2625000,1.0,1720712,1720712,1720712,6.612,34680000,0,302000,0,20.154,775000
ESTE,MRY,2014-12-31,2014-03-31,2014-03-31,2018-05-04,0,45621000,79334750,8367000,37254000,0.221,2.673,-10903000,2671000,2671000,5639000,3939000,1.475,0.87,9000000,0,9000000,9000000,0,3881000,0,0.0,0.0,5237000,9118000,0.521,9118000,5237000,5064000,2.27,2.27,2.27,24394000,54166000,24394000,42736675,8,4.687,-4462000,-2.576,1.0,11875000,0.678,0,173000,46277000,67304000,0,0,0,0,21227000,5673000,15554000,36809675,491000,0,-1000,5000000,0,4953000,-10903000,0,6441000,0,3939000,3939000,3939000,0,0,0.225,6711000,5164000,430000,0.0,1.509,9.345,9.361,37254000,0,21.25,2.102,2.101,4653000,1398000,17514000,17514000,0,0.05,0.073,0.078,0.299,158000,2628000,1.0,1732220,1731812,1731812,10.113,45621000,0,1125000,0,5.0,2694000
ESTE,MRY,2015-12-31,2015-12-31,2015-12-31,2018-05-04,0,264944000,383627250,45909000,219035000,0.124,14.447,-66602000,23264000,23264000,18004000,-116655000,0.945,0.326,11191000,0,11191000,11191000,0,31228000,0,0.0,0.0,-142375000,-111147000,-2.342,-111147000,-142375000,-143097000,-8.43,-8.43,-8.43,199873000,286584250,199873000,154009553,-1,-1.386,-77042000,-5.569,1.0,29460000,0.621,17532000,722000,186761000,272496500,0,3694000,3694000,0,65071000,48578000,16493000,184145553,-77183000,0,0,0,0,-141000,-66602000,0,-10440000,0,-116655000,-116655000,-116655000,0,0,-2.458,178689000,-149229000,20156000,0.0,0.921,-1.579,-1.579,200267000,0,13.31,3.88,3.88,18453000,-157767000,47464000,47464000,0,-0.304,-0.407,-0.522,-3.0,0,9711000,1.0,13835128,13835128,13835128,3.431,247412000,0,-26442000,0,17.883,-2669000
ESTE,MRY,2016-12-31,2016-12-31,2016-12-31,2018-05-04,0,316512000,304469750,27342000,289170000,0.139,10.824,-28534000,10200000,10200000,17265000,-54541000,0.704,0.311,14297000,1604000,12693000,14297000,0,25937000,0,0.0,0.0,-52731000,-26794000,-0.634,-26794000,-52731000,-54013000,-2.92,-2.92,-2.92,241457000,245916750,241457000,297139291,-5,-11.09,-26822000,-1.438,1.0,25004000,0.592,17620000,1282000,264160000,249810250,0,0,0,0,75055000,38829000,36226000,306253291,-13064000,-31334000,47125000,-1952000,0,45092000,-59868000,0,1712000,0,-54541000,-54541000,-54541000,0,0,-1.29,71025000,-46021000,22696000,0.0,1.268,-5.615,-4.705,270881000,0,13.74,7.245,6.063,16696000,-212308000,42269000,42269000,0,-0.179,-0.222,-0.211,-1.248,3301000,12715000,1.0,22289177,18651582,18651582,2.266,298892000,0,528000,0,13.399,-11487000
ESTE,MRY,2017-12-31,2017-12-31,2017-12-31,2018-05-04,0,834417000,696998500,47073000,787344000,0.155,10.558,-86303000,22955000,22955000,25718000,-44733000,0.684,0.389,25000000,0,25000000,25000000,0,36915000,0,0.0,0.0,-26188000,10727000,0.099,10727000,-26188000,-28887000,-0.53,-0.53,-0.53,279174000,247897000,279174000,737695409,-28,68.77,-35352000,-1.499,1.0,82360000,0.762,17620000,2699000,749983000,659622000,0,184000,184000,0,108685000,68859000,39826000,675638409,12755000,0,38763000,10702000,0,48107000,-86303000,0,50951000,0,-12514000,-12514000,-12514000,0,-32219000,-0.116,132235000,-49875000,43760000,0.0,2.42,-53.991,-20.057,768517000,0,10.63,6.251,2.32,22756000,-224822000,108078000,108078000,0,-0.018,-0.05,-0.04,-0.242,6601000,27067000,1.0,63559587,23589973,23589973,4.582,816797000,0,-16373000,0,30.889,-21786000
