ticker,dimension,calendardate,datekey,reportperiod,lastupdated,accoci,assets,assetsavg,assetsc,assetsnc,assetturnover,bvps,capex,cashneq,cashnequsd,cor,consolinc,currentratio,de,debt,debtc,debtnc,debtusd,deferredrev,depamor,deposits,divyield,dps,ebit,ebitda,ebitdamargin,ebitdausd,ebitusd,ebt,eps,epsdil,epsusd,equity,equityavg,equityusd,ev,evebit,evebitda,fcf,fcfps,fxusd,gp,grossmargin,intangibles,intexp,invcap,invcapavg,inventory,investments,investmentsc,investmentsnc,liabilities,liabilitiesc,liabilitiesnc,marketcap,ncf,ncfbus,ncfcommon,ncfdebt,ncfdiv,ncff,ncfi,ncfinv,ncfo,ncfx,netinc,netinccmn,netinccmnusd,netincdis,netincnci,netmargin,opex,opinc,payables,payoutratio,pb,pe,pe1,ppnenet,prefdivis,price,ps,ps1,receivables,retearn,revenue,revenueusd,rnd,roa,roe,roic,ros,sbcomp,sgna,sharefactor,sharesbas,shareswa,shareswadil,sps,tangibles,taxassets,taxexp,taxliabilities,tbvps,workingcapital
ETH,MRY,2011-12-31,2011-06-30,2011-06-30,2018-04-28,2258000,628325000,622157250,268528000,359797000,1.091,9.79,-5898000,94910000,94910000,329500000,29250000,1.737,1.231,165032000,19000,165013000,165032000,0,20816000,62649000,0.009,0.2,31933000,52749000,0.078,52749000,31933000,26371000,1.02,1.01,1.02,281687000,272062000,281687000,702284336,21,13.314,57264000,1.991,1.0,349460000,0.515,45128000,5562000,498703000,539750000,141692000,12909000,12909000,0,346638000,154616000,192022000,612638336,4667000,-2957000,-5377000,-37887000,-5754000,-49079000,-9643000,-1220000,63162000,227000,29250000,29250000,29250000,0,0,0.043,317527000,31933000,26958000,0.196,2.175,20.945,20.873,294853000,0,21.29,0.902,0.902,15036000,501908000,678960000,678960000,0,0.047,0.108,0.059,0.047,931000,317527000,1.0,28775873,28758000,28966000,23.609,583197000,0,-2879000,8034000,20.269,113912000
ETH,MRY,2012-12-31,2012-06-30,2012-06-30,2018-04-28,1141000,644788000,625830500,282792000,361996000,1.165,11.154,-21011000,95137000,95137000,339085000,49694000,1.872,1.003,154500000,250000,154250000,154500000,0,18581000,65465000,0.014,0.28,49697000,68278000,0.094,68278000,49697000,41239000,1.72,1.71,1.72,321868000,303544500,321868000,640955947,12,9.387,16690000,0.579,1.0,390288000,0.535,45128000,8458000,507946000,503071250,155739000,9005000,9005000,0,322920000,151077000,171843000,575245947,1202000,-520000,-1350000,-12204000,-8062000,-20878000,-16157000,4558000,37701000,536000,49694000,49694000,49694000,0,0,0.068,340591000,49697000,27315000,0.163,1.787,11.576,11.587,295695000,0,19.93,0.789,0.788,14919000,542918000,729373000,729373000,0,0.079,0.164,0.099,0.068,1702000,340591000,1.0,28863319,28824000,29109000,25.304,599660000,0,-8455000,0,20.78,131715000
ETH,MRY,2013-12-31,2013-06-30,2013-06-30,2018-04-28,684000,617285000,628920250,260570000,356715000,1.159,11.567,-15722000,88034000,88034000,330734000,32478000,1.96,0.846,131289000,480000,130809000,131289000,0,18008000,59098000,0.044,1.27,60437000,78445000,0.108,78445000,60437000,50174000,1.13,1.11,1.13,334357000,329708500,334357000,888678534,14,11.329,45579000,1.579,1.0,398349000,0.546,45128000,10263000,482473000,513535500,137256000,15529000,15529000,0,282928000,132939000,149989000,832448534,-7120000,-770000,0,-26104000,-22220000,-46566000,-21601000,-7099000,61301000,-254000,32478000,32478000,32478000,0,0,0.045,337912000,60437000,22995000,1.124,2.49,25.631,25.487,291672000,0,28.8,1.142,1.14,12277000,553083000,729083000,729083000,0,0.052,0.099,0.118,0.083,1401000,337912000,1.0,28904463,28864000,29239000,25.259,572157000,0,17696000,0,19.794,127631000
ETH,MRY,2014-12-31,2014-06-30,2014-06-30,2018-04-28,642000,654434000,640046750,305629000,348805000,1.167,12.705,-15924000,117683000,117683000,340163000,42931000,2.246,0.781,130912000,501000,130411000,130912000,0,17930000,59684000,0.016,0.39,69636000,87566000,0.117,87566000,69636000,62402000,1.48,1.47,1.48,367467000,352810500,367467000,741920683,10,8.473,43965000,1.52,1.0,406496000,0.544,45128000,7234000,486488000,484232250,146275000,18153000,18153000,0,286967000,136047000,150920000,715622683,36575000,0,0,-480000,-11297000,-11252000,-12058000,3541000,59889000,-4000,42931000,42931000,42931000,0,0,0.057,336860000,69636000,24320000,0.264,1.947,16.669,16.716,288156000,0,24.74,0.958,0.958,12426000,584395000,746659000,746659000,0,0.067,0.122,0.144,0.093,1325000,336860000,1.0,28925735,28918000,29276000,25.82,609306000,0,19471000,0,21.066,169582000
ETH,MRY,2015-12-31,2015-06-30,2015-06-30,2018-04-28,-2638000,605977000,634315250,270674000,335303000,1.19,12.904,-10684000,84192000,84192000,343437000,37142000,1.924,0.635,76237000,3034000,73203000,76237000,0,19142000,67970000,0.017,0.46,65934000,85076000,0.113,85076000,65934000,56683000,1.29,1.27,1.29,370535000,375715000,370535000,773887970,11,9.096,44422000,1.538,1.0,411163000,0.545,45128000,9251000,412232000,445837000,151916000,2198000,2198000,0,235442000,140662000,94780000,762510970,-32994000,-1991000,-17552000,-58710000,-13348000,-90963000,3428000,15927000,55106000,-565000,37142000,37142000,37142000,0,0,0.049,345229000,65934000,18946000,0.357,2.058,20.53,20.419,277035000,0,26.34,1.01,1.008,12547000,607079000,754600000,754600000,0,0.059,0.099,0.148,0.087,1236000,345229000,1.0,28948784,28874000,29182000,26.134,560849000,0,19541000,0,19.532,130012000
ETH,MRY,2016-12-31,2016-06-30,2016-06-30,2018-04-28,-4846000,577409000,587595000,248204000,329205000,1.352,14.136,-14894000,60479000,60479000,351966000,56637000,2.012,0.472,41838000,3001000,38837000,41838000,0,19353000,60958000,0.018,0.59,89179000,108532000,0.137,108532000,89179000,87956000,2.02,2.0,2.02,392202000,383083000,392202000,907576513,10,8.362,43475000,1.549,1.0,442236000,0.557,45128000,1223000,390293000,399896250,162323000,0,0,0,185207000,123347000,61860000,916644513,-23523000,-165000,-19346000,-34840000,-16646000,-69114000,-12526000,2340000,58369000,-252000,56637000,56637000,56637000,0,0,0.071,353057000,89179000,15437000,0.292,2.337,16.185,16.356,273615000,0,33.04,1.154,1.168,9467000,646315000,794202000,794202000,0,0.096,0.148,0.223,0.112,2356000,353057000,1.0,27743478,28072000,28324000,28.292,532281000,0,31319000,0,19.185,124857000
ETH,MRY,2017-12-31,2017-06-30,2017-06-30,2018-04-28,-4131000,568222000,578555750,243098000,325124000,1.319,14.507,-16372000,65031000,65031000,343662000,36194000,1.923,0.417,14339000,2731000,11608000,14339000,0,20115000,62960000,0.022,0.72,57950000,78065000,0.102,78065000,57950000,56995000,1.31,1.29,1.31,400896000,399820250,400896000,853660164,14,10.935,62261000,2.249,1.0,419723000,0.55,45128000,955000,345957000,371695000,149483000,0,0,0,167326000,126445000,40881000,894588164,5042000,-676000,-10246000,-28401000,-20031000,-57343000,-16383000,490000,78633000,135000,36194000,36194000,36194000,0,0,0.047,361773000,57950000,16961000,0.55,2.231,24.716,24.656,270198000,0,32.3,1.172,1.171,12293000,661976000,763385000,763385000,0,0.063,0.091,0.156,0.076,1259000,361773000,1.0,27696228,27679000,27958000,27.58,523094000,0,20801000,0,18.929,116653000
