ticker,dimension,calendardate,datekey,reportperiod,lastupdated,accoci,assets,assetsavg,assetsc,assetsnc,assetturnover,bvps,capex,cashneq,cashnequsd,cor,consolinc,currentratio,de,debt,debtc,debtnc,debtusd,deferredrev,depamor,deposits,divyield,dps,ebit,ebitda,ebitdamargin,ebitdausd,ebitusd,ebt,eps,epsdil,epsusd,equity,equityavg,equityusd,ev,evebit,evebitda,fcf,fcfps,fxusd,gp,grossmargin,intangibles,intexp,invcap,invcapavg,inventory,investments,investmentsc,investmentsnc,liabilities,liabilitiesc,liabilitiesnc,marketcap,ncf,ncfbus,ncfcommon,ncfdebt,ncfdiv,ncff,ncfi,ncfinv,ncfo,ncfx,netinc,netinccmn,netinccmnusd,netincdis,netincnci,netmargin,opex,opinc,payables,payoutratio,pb,pe,pe1,ppnenet,prefdivis,price,ps,ps1,receivables,retearn,revenue,revenueusd,rnd,roa,roe,roic,ros,sbcomp,sgna,sharefactor,sharesbas,shareswa,shareswadil,sps,tangibles,taxassets,taxexp,taxliabilities,tbvps,workingcapital
EW,MRY,2011-12-31,2011-12-31,2011-12-31,2018-04-28,-37500000,1980500000,1974225000,1168500000,812000000,0.85,5.868,-76600000,171200000,171200000,489800000,236700000,3.486,0.48,150400000,0,150400000,150400000,0,58000000,0,0.0,0.0,286700000,344700000,0.205,344700000,286700000,283600000,1.035,0.99,1.035,1337900000,1358875000,1337900000,7789015296,27,22.597,231600000,1.01,1.0,1188800000,0.708,416700000,3100000,1207800000,985225000,261300000,301100000,279300000,21800000,642600000,335200000,307400000,8065115296,-224900000,-35800000,-243900000,104400000,0,-135200000,-406500000,-290300000,308200000,8600000,236700000,236700000,236700000,0,0,0.141,910300000,278500000,319800000,0.0,6.028,34.073,34.155,304300000,0,35.35,4.805,4.827,345300000,1360700000,1678600000,1678600000,246300000,0.12,0.174,0.291,0.171,35000000,642400000,1.0,228150362,229200000,238800000,7.324,1563800000,63900000,46900000,15400000,6.859,833300000
EW,MRY,2012-12-31,2012-12-31,2012-12-31,2018-04-28,-37900000,2221500000,2124150000,1291900000,929600000,0.894,6.437,-109000000,310900000,310900000,491000000,291500000,3.719,0.502,189300000,0,189300000,189300000,0,53700000,0,0.0,0.0,392600000,446300000,0.235,446300000,392600000,388200000,1.27,1.23,1.27,1479300000,1460125000,1479300000,10276205451,26,23.025,253100000,1.101,1.0,1408600000,0.742,451700000,4400000,1300800000,1514150000,281000000,231600000,210500000,21100000,742200000,347400000,394800000,10406605451,139700000,-35800000,-244000000,39500000,0,-155600000,-78800000,69100000,362100000,12000000,291500000,291500000,291500000,0,0,0.153,1019100000,389500000,347400000,0.0,7.035,35.7,35.5,373300000,0,45.085,5.478,5.454,357400000,1653900000,1899600000,1899600000,291300000,0.137,0.2,0.259,0.207,42100000,697400000,1.0,230821902,229800000,236600000,8.266,1769800000,90700000,96700000,110700000,7.701,944500000
EW,MRY,2013-12-31,2013-12-31,2013-12-31,2018-04-28,-27600000,2709900000,2469200000,1725800000,984100000,0.828,7.065,-109000000,420400000,420400000,516600000,389100000,4.994,0.755,593100000,0,593100000,593100000,0,62900000,0,0.0,0.0,521000000,583900000,0.285,583900000,521000000,511200000,1.74,1.71,1.74,1544400000,1538400000,1544400000,7255673215,13,12.426,363700000,1.628,1.0,1528900000,0.747,418900000,9800000,2118100000,1913300000,308900000,538400000,516500000,21900000,1165500000,345600000,819900000,7194573215,109500000,-2700000,-451400000,409600000,0,34900000,-412700000,-298200000,472700000,14600000,389100000,389100000,389100000,0,0,0.19,1011200000,517700000,345600000,0.0,4.658,18.49,18.897,421600000,0,32.88,3.517,3.591,335300000,2030800000,2045500000,2045500000,323000000,0.158,0.253,0.272,0.255,47400000,733400000,1.0,218813054,223400000,227600000,9.156,2291000000,112400000,122100000,126400000,10.48,1380200000
EW,MRY,2014-12-31,2014-12-31,2014-12-31,2018-04-28,-100900000,3523000000,3212825000,2231100000,1291900000,0.723,10.202,-82900000,653800000,653800000,625600000,811100000,5.236,0.608,598100000,0,598100000,598100000,0,68600000,0,0.0,0.0,1161200000,1229800000,0.529,1229800000,1161200000,1144000000,3.81,3.74,3.81,2191400000,1872625000,2191400000,13818675506,11,11.237,939400000,4.41,1.0,1697300000,0.731,399400000,17200000,2641800000,2863975000,296800000,1025900000,785000000,240900000,1331600000,426100000,905500000,13626375506,233400000,-24100000,-187600000,-12700000,0,-153000000,-633000000,-518300000,1022300000,-2900000,811100000,811100000,811100000,0,0,0.349,534800000,1162500000,426100000,0.0,6.218,16.8,16.717,442900000,0,63.69,5.866,5.84,330800000,2841900000,2322900000,2322900000,346500000,0.252,0.433,0.405,0.5,48300000,858000000,1.0,213948430,213000000,217000000,10.906,3123600000,153700000,332900000,194800000,14.542,1805000000
EW,MRY,2015-12-31,2015-12-31,2015-12-31,2018-04-28,-182600000,4056300000,3757400000,2047900000,2008400000,0.664,11.583,-102700000,718400000,718400000,617200000,494900000,4.301,0.621,596900000,0,596900000,596900000,0,65800000,0,0.0,0.0,639600000,705400000,0.283,705400000,639600000,622400000,2.3,2.25,2.3,2503100000,2356750000,2503100000,16995548788,26,24.093,447000000,2.074,1.0,1876500000,0.752,833700000,17200000,2624900000,3024550000,339900000,886200000,506300000,379900000,1553200000,476200000,1077000000,17036748788,64600000,-333700000,-192900000,1900000,0,-158600000,-316100000,121700000,549700000,-10400000,494900000,494900000,494900000,0,0,0.198,1240600000,635900000,476200000,0.0,6.806,34.425,34.339,482500000,0,78.98,6.832,6.825,371800000,3336800000,2493700000,2493700000,382900000,0.132,0.21,0.211,0.256,49900000,850700000,1.0,215709658,215500000,220300000,11.572,3222600000,180500000,127500000,194700000,14.913,1571700000
EW,MRY,2016-12-31,2016-12-31,2016-12-31,2018-04-28,-198400000,4510000000,4188550000,2240000000,2270000000,0.708,12.261,-176100000,930100000,930100000,797400000,569500000,4.207,0.722,822300000,0,822300000,822300000,0,71200000,0,0.0,0.0,757100000,828300000,0.279,828300000,757100000,737900000,2.67,2.61,2.67,2619000000,2520325000,2619000000,19989966084,26,24.134,528300000,2.48,1.0,2166300000,0.731,830900000,19200000,3038800000,3265575000,396600000,873100000,341000000,532100000,1891000000,532500000,1358500000,20034366084,211700000,-5700000,-559000000,222100000,0,-268500000,-211700000,10200000,704400000,-12500000,569500000,569500000,569500000,0,0,0.192,1414000000,752300000,532500000,0.0,7.65,35.179,35.094,580000000,0,93.7,6.76,6.734,414600000,3906300000,2963700000,2963700000,442200000,0.136,0.226,0.232,0.255,56900000,904700000,1.0,213813939,213000000,217800000,13.914,3679100000,203800000,168400000,389300000,17.224,1707500000
EW,MRY,2017-12-31,2017-12-31,2017-12-31,2018-04-28,-132700000,5649300000,5264150000,2532100000,3117200000,0.653,14.037,-168100000,818300000,818300000,875300000,583600000,1.805,0.911,1036400000,598000000,438400000,1036400000,0,81900000,0,0.0,0.0,1058100000,1140000000,0.332,1140000000,1058100000,1034900000,2.77,2.7,2.77,2956200000,2950250000,2956200000,24255377914,22,21.277,832600000,3.948,1.0,2560000000,0.745,1594500000,23200000,2870000000,3591650000,554900000,1086200000,519200000,567000000,2693100000,1402900000,1290200000,23851677914,-111800000,-184600000,-649500000,176300000,0,-473200000,-647200000,-262900000,1000700000,7900000,583600000,583600000,583600000,0,0,0.17,1523900000,1036100000,753200000,0.0,8.068,40.87,40.69,679700000,0,112.71,6.943,6.919,462200000,1962100000,3435300000,3435300000,552600000,0.111,0.198,0.295,0.308,61600000,984700000,1.0,211619891,210900000,215900000,16.289,4054800000,167100000,451300000,347500000,19.254,1129200000
