ticker,dimension,calendardate,datekey,reportperiod,lastupdated,accoci,assets,assetsavg,assetsc,assetsnc,assetturnover,bvps,capex,cashneq,cashnequsd,cor,consolinc,currentratio,de,debt,debtc,debtnc,debtusd,deferredrev,depamor,deposits,divyield,dps,ebit,ebitda,ebitdamargin,ebitdausd,ebitusd,ebt,eps,epsdil,epsusd,equity,equityavg,equityusd,ev,evebit,evebitda,fcf,fcfps,fxusd,gp,grossmargin,intangibles,intexp,invcap,invcapavg,inventory,investments,investmentsc,investmentsnc,liabilities,liabilitiesc,liabilitiesnc,marketcap,ncf,ncfbus,ncfcommon,ncfdebt,ncfdiv,ncff,ncfi,ncfinv,ncfo,ncfx,netinc,netinccmn,netinccmnusd,netincdis,netincnci,netmargin,opex,opinc,payables,payoutratio,pb,pe,pe1,ppnenet,prefdivis,price,ps,ps1,receivables,retearn,revenue,revenueusd,rnd,roa,roe,roic,ros,sbcomp,sgna,sharefactor,sharesbas,shareswa,shareswadil,sps,tangibles,taxassets,taxexp,taxliabilities,tbvps,workingcapital
EXAR,MRY,2011-12-31,2011-03-27,2011-03-27,2017-06-13,-287000,298215000,319280750,239493000,58722000,0.457,5.496,-3656000,15039000,15039000,82008000,-35668000,6.432,0.219,12558000,0,12558000,12558000,15312000,19414000,0,0.0,0.0,-34155000,-14741000,-0.101,-14741000,-34155000,-35413000,-0.81,-0.81,-0.81,244579000,260735000,244579000,271893679,-7,-18.445,-6618000,-0.15,1.0,63997000,0.438,18574000,1258000,239923000,252804500,21962000,185960000,185960000,0,53636000,37237000,16399000,270647679,-10447000,0,1208000,-3962000,0,-2754000,-4731000,-856000,-2962000,0,-35668000,-35668000,-35668000,0,0,-0.244,104015000,-40018000,8794000,0.0,1.107,-7.588,-7.506,38009000,0,6.08,1.854,1.841,12970000,-234294000,146005000,146005000,49888000,-0.112,-0.137,-0.135,-0.234,7381000,45267000,1.0,44514421,44218000,44218000,3.302,279641000,0,255000,0,6.284,202256000
EXAR,MRY,2012-12-31,2012-04-01,2012-04-01,2017-06-13,-201000,271652000,282850750,229252000,42400000,0.462,4.961,-2539000,8714000,8714000,74642000,-28056000,5.974,0.217,3771000,0,3771000,3771000,13018000,14898000,0,0.0,0.0,-27790000,-12892000,-0.099,-12892000,-27790000,-28005000,-0.63,-0.63,-0.63,223292000,238157500,223292000,371516388,-13,-28.818,-4871000,-0.109,1.0,55924000,0.428,12939000,215000,215396000,218804250,18374000,187668000,187668000,0,48360000,38374000,9986000,377175388,-6325000,0,3145000,-3561000,0,-416000,-3577000,-1422000,-2332000,0,-28056000,-28056000,-28056000,0,0,-0.215,86517000,-30593000,7823000,0.0,1.689,-13.444,-13.333,27793000,0,8.4,2.889,2.882,11372000,-262350000,130566000,130566000,35006000,-0.099,-0.118,-0.127,-0.213,3750000,38598000,1.0,44901832,44796000,44796000,2.915,258713000,0,51000,0,5.748,190878000
EXAR,MRY,2013-12-31,2013-03-31,2013-03-31,2017-06-13,-526000,293168000,277230750,243900000,49268000,0.44,5.397,-1385000,14718000,14718000,66339000,2882000,6.072,0.219,1342000,0,1342000,1342000,11874000,10809000,0,0.0,0.0,1858000,12667000,0.104,12667000,1858000,1693000,0.06,0.06,0.06,240454000,231159000,240454000,471329686,253,37.209,5981000,0.131,1.0,55687000,0.456,23694000,165000,215930000,216177000,19430000,190587000,190587000,0,52714000,40168000,12546000,485065686,6004000,-750000,6296000,-2830000,0,3466000,-4828000,-3053000,7366000,0,2882000,2882000,2882000,0,0,0.024,56270000,-583000,9455000,0.0,2.017,168.309,175.0,24100000,0,10.5,3.975,3.942,15988000,-259468000,122026000,122026000,22376000,0.01,0.012,0.009,0.015,4788000,32531000,1.0,46196732,45809000,46476000,2.664,269474000,0,-1189000,0,6.049,203732000
EXAR,MRY,2014-12-31,2014-03-30,2014-03-30,2017-06-13,-1079000,302217000,304149000,217897000,84320000,0.412,5.353,-2658000,14614000,14614000,74668000,5801000,5.17,0.193,70000,0,70000,70000,11114000,12947000,0,0.0,0.0,-2521000,10426000,0.083,10426000,-2521000,-2677000,0.12,0.12,0.12,253375000,252336750,253375000,535067258,-212,51.32,-1807000,-0.038,1.0,50654000,0.404,61800000,156000,183727000,192763750,28982000,152420000,152420000,0,48842000,42146000,6696000,556031258,-104000,-22777000,-4305000,-9436000,0,-13741000,12786000,38096000,851000,0,5801000,5801000,5801000,0,0,0.046,54355000,-3701000,15488000,0.0,2.194,95.851,97.583,21280000,0,11.71,4.437,4.419,18332000,-253667000,125322000,125322000,27048000,0.019,0.023,-0.013,-0.02,8852000,33055000,1.0,47483455,47291000,48823000,2.65,240417000,0,-8478000,0,5.079,175751000
EXAR,MRY,2015-12-31,2015-03-29,2015-03-29,2017-06-13,0,283100000,319605750,118212000,164888000,0.507,4.69,-3925000,55233000,55233000,112124000,-45007000,2.327,0.27,5069000,0,5069000,5069000,10344000,18424000,0,0.0,0.0,-42999000,-24575000,-0.152,-24575000,-42999000,-44081000,-0.95,-0.95,-0.95,222832000,228345500,222832000,437523278,-10,-17.804,-17566000,-0.372,1.0,49926000,0.308,130973000,1082000,51157000,35458250,30767000,0,0,0,60268000,50806000,9462000,488666278,40619000,-72658000,-2731000,-1396000,0,-22270000,76530000,153113000,-13641000,0,-44970000,-44970000,-44970000,0,-37000,-0.278,92989000,-43063000,13526000,0.0,2.193,-10.866,-10.842,26077000,0,10.3,3.016,3.003,29122000,-298637000,162050000,162050000,37181000,-0.141,-0.197,-1.213,-0.265,13614000,43758000,1.0,47443328,47253000,47253000,3.429,152127000,0,889000,0,3.202,67406000
EXAR,MRY,2016-12-31,2016-03-27,2016-03-27,2017-06-13,0,255373000,265082000,191087000,64286000,0.564,4.422,-1279000,55070000,55070000,89820000,-16026000,5.291,0.19,1285000,0,1285000,1285000,7736000,19431000,0,0.0,0.0,-16499000,2932000,0.02,2932000,-16499000,-16711000,-0.33,-0.33,-0.33,214549000,217648500,214549000,203473209,-12,69.397,2646000,0.055,1.0,59558000,0.399,43348000,212000,122123000,69237500,20807000,0,0,0,40824000,36117000,4707000,255208209,-163000,0,851000,-3306000,0,-2809000,-1279000,0,3925000,0,-16026000,-16026000,-16026000,0,0,-0.107,76091000,-16533000,11258000,0.0,1.19,-15.925,-15.939,20299000,0,5.26,1.708,1.699,19377000,-314663000,149378000,149378000,31403000,-0.06,-0.074,-0.238,-0.11,5581000,39235000,1.0,48518671,48240000,48240000,3.097,212025000,0,-685000,0,4.37,154970000
