ticker,dimension,calendardate,datekey,reportperiod,lastupdated,accoci,assets,assetsavg,assetsc,assetsnc,assetturnover,bvps,capex,cashneq,cashnequsd,cor,consolinc,currentratio,de,debt,debtc,debtnc,debtusd,deferredrev,depamor,deposits,divyield,dps,ebit,ebitda,ebitdamargin,ebitdausd,ebitusd,ebt,eps,epsdil,epsusd,equity,equityavg,equityusd,ev,evebit,evebitda,fcf,fcfps,fxusd,gp,grossmargin,intangibles,intexp,invcap,invcapavg,inventory,investments,investmentsc,investmentsnc,liabilities,liabilitiesc,liabilitiesnc,marketcap,ncf,ncfbus,ncfcommon,ncfdebt,ncfdiv,ncff,ncfi,ncfinv,ncfo,ncfx,netinc,netinccmn,netinccmnusd,netincdis,netincnci,netmargin,opex,opinc,payables,payoutratio,pb,pe,pe1,ppnenet,prefdivis,price,ps,ps1,receivables,retearn,revenue,revenueusd,rnd,roa,roe,roic,ros,sbcomp,sgna,sharefactor,sharesbas,shareswa,shareswadil,sps,tangibles,taxassets,taxexp,taxliabilities,tbvps,workingcapital
EXP,MRY,2011-12-31,2011-03-31,2011-03-31,2018-01-31,-2893000,985810000,996419250,174626000,811184000,0.464,10.491,-16624000,1874000,1874000,426603000,14849000,2.512,1.136,287000000,0,287000000,287000000,0,49212000,0,0.013,0.4,33282000,82494000,0.178,82494000,33282000,16762000,0.34,0.34,0.34,461514000,462429250,461514000,1623691943,48,19.683,27459000,0.626,1.0,35577000,0.077,151539000,16520000,1049871000,1057243500,115237000,38987000,0,38987000,524296000,69526000,454770000,1337744943,458000,0,4849000,-16000000,-17634000,-27001000,-16624000,0,44083000,0,14849000,14849000,14849000,0,0,0.032,16667000,18910000,30339000,1.176,2.899,90.09,89.0,602830000,0,30.26,2.894,2.874,43855000,439104000,462180000,462180000,0,0.015,0.032,0.031,0.072,1803000,16667000,1.0,44208359,43891817,44251276,10.53,834271000,9088000,1913000,129139000,18.964,105100000
EXP,MRY,2012-12-31,2012-03-31,2012-03-31,2018-01-31,-5516000,985145000,986409500,191841000,793304000,0.502,10.664,-26099000,6481000,6481000,454546000,18732000,2.49,1.085,266936000,4677000,262259000,266936000,0,50124000,0,0.009,0.3,38533000,88657000,0.179,88657000,38533000,21912000,0.42,0.42,0.42,472511000,463648500,472511000,1839071772,47,20.744,34753000,0.786,1.0,40477000,0.082,150902000,16621000,1017655000,1035780000,123606000,42375000,0,42375000,512634000,77043000,435591000,1561814772,4607000,0,7138000,-20064000,-17876000,-30146000,-26099000,0,60852000,0,18732000,18732000,18732000,0,0,0.038,19617000,20860000,38747000,0.714,3.305,83.377,82.738,580508000,0,34.75,3.155,3.105,56197000,439882000,495023000,495023000,0,0.019,0.04,0.037,0.078,3941000,19617000,1.0,44944310,44224924,44515981,11.193,834243000,1133000,3180000,133865000,18.829,114798000
EXP,MRY,2013-12-31,2013-03-31,2013-03-31,2018-01-31,-7042000,1476233000,1222084250,261271000,1214962000,0.526,14.286,-53011000,3897000,3897000,539317000,57744000,2.607,1.121,489259000,0,489259000,489259000,0,56850000,0,0.006,0.4,99919000,156769000,0.244,156769000,99919000,84096000,1.24,1.22,1.24,696170000,592442500,696170000,3762809099,37,24.002,71396000,1.531,1.0,103245000,0.161,162400000,15823000,1698966000,1324348000,156380000,46839000,0,46839000,780063000,100229000,679834000,3288797099,-2584000,-453420000,174477000,220572000,-18533000,379440000,-506431000,0,124407000,0,57744000,57744000,57744000,0,0,0.09,23918000,79327000,58880000,0.323,4.724,56.955,53.734,985724000,0,66.63,5.118,4.835,87543000,478664000,642562000,642562000,0,0.047,0.097,0.075,0.156,2509000,23918000,1.0,49359104,46622646,47340450,13.782,1313833000,2443000,26352000,139028000,26.962,161042000
EXP,MRY,2014-12-31,2014-03-31,2014-03-31,2018-01-31,-5483000,1511529000,1506046250,306960000,1204569000,0.597,16.939,-59490000,6482000,6482000,712937000,124243000,2.821,0.818,381259000,9500000,371759000,381259000,0,70021000,0,0.005,0.4,200086000,270107000,0.301,270107000,200086000,181804000,2.53,2.49,2.53,831499000,781674750,831499000,4815469462,24,17.828,111143000,2.264,1.0,185459000,0.206,160690000,18282000,1616796000,1664381750,187096000,46071000,0,46071000,680030000,108820000,571210000,4430634462,2585000,0,14187000,-108000000,-19899000,-108558000,-59490000,0,170633000,0,124243000,124243000,124243000,0,0,0.138,24552000,160907000,57098000,0.158,5.328,35.661,35.043,984051000,0,88.66,4.932,4.845,102917000,582957000,898396000,898396000,0,0.082,0.159,0.12,0.223,2069000,24552000,1.0,49973319,49090750,49939165,18.301,1350839000,0,57561000,146475000,27.518,198140000
EXP,MRY,2015-12-31,2015-03-31,2015-03-31,2018-01-31,-12067000,1880326000,1709282750,364370000,1515956000,0.624,20.347,-111573000,7514000,7514000,812235000,186853000,1.974,0.861,512759000,57045000,455714000,512759000,0,76299000,0,0.005,0.4,264670000,340969000,0.32,340969000,264670000,252927000,3.77,3.71,3.77,1010593000,943547500,1010593000,4705243633,17,13.8,122548000,2.471,1.0,254133000,0.238,211167000,11743000,1989828000,1789988750,235464000,50461000,0,50461000,869733000,184576000,685157000,4201181633,1032000,-237171000,4311000,129839000,-20072000,115655000,-348744000,0,234121000,0,186853000,186853000,186853000,0,0,0.175,27550000,226583000,77749000,0.106,4.157,22.484,22.164,1221819000,0,83.56,3.94,3.887,113577000,749717000,1066368000,1066368000,0,0.109,0.198,0.148,0.248,7287000,30751000,1.0,50277425,49604249,50372243,21.498,1669159000,0,66074000,163340000,33.607,179794000
EXP,MRY,2016-12-31,2016-03-31,2016-03-31,2018-01-31,-11409000,1883635000,1900200750,380003000,1503632000,0.602,21.191,-89563000,5391000,5391000,911875000,152592000,3.151,0.81,507714000,8000000,499714000,507714000,0,97105000,0,0.006,0.4,235835000,332940000,0.291,332940000,235835000,219252000,3.08,3.05,3.08,1040531000,1051940750,1040531000,3942066745,16,11.84,176204000,3.562,1.0,231617000,0.203,165827000,16583000,2099542000,2074328500,243595000,52137000,0,52137000,843104000,120589000,722515000,3457108745,-2123000,-32427000,-120664000,-5045000,-20020000,-145900000,-121990000,0,265767000,0,152592000,152592000,152592000,0,0,0.133,34865000,196752000,66614000,0.13,3.322,22.656,22.763,1255311000,0,70.11,3.023,3.033,120221000,882486000,1143492000,1143492000,0,0.08,0.145,0.114,0.206,13244000,37193000,1.0,49309781,49471157,50070829,23.114,1717808000,5623000,66660000,161679000,34.984,259414000
EXP,MRY,2017-12-31,2017-03-31,2017-03-31,2018-01-31,-7396000,2247124000,2004583250,400624000,1846500000,0.604,25.06,-56938000,6561000,6561000,899175000,198219000,1.745,0.867,686467000,81214000,605253000,686467000,0,91791000,0,0.004,0.4,317150000,408941000,0.338,408941000,317150000,294519000,4.14,4.1,4.14,1203450000,1130549500,1203450000,4999265176,15,12.225,274660000,5.73,1.0,312045000,0.258,235505000,22631000,2462006000,2123647500,252846000,49435000,0,49435000,1043674000,229519000,814155000,4702582176,1170000,-400488000,-37905000,178363000,-19341000,126998000,-457426000,0,331598000,0,198219000,198219000,198219000,0,0,0.164,31801000,280244000,92193000,0.097,3.908,23.724,23.464,1546837000,0,97.14,3.883,3.844,136313000,1061347000,1211220000,1211220000,0,0.099,0.175,0.149,0.262,1720000,33940000,1.0,48410358,47931518,48361286,25.27,2011619000,0,96300000,166757000,41.89,171105000
