ticker,dimension,calendardate,datekey,reportperiod,lastupdated,accoci,assets,assetsavg,assetsc,assetsnc,assetturnover,bvps,capex,cashneq,cashnequsd,cor,consolinc,currentratio,de,debt,debtc,debtnc,debtusd,deferredrev,depamor,deposits,divyield,dps,ebit,ebitda,ebitdamargin,ebitdausd,ebitusd,ebt,eps,epsdil,epsusd,equity,equityavg,equityusd,ev,evebit,evebitda,fcf,fcfps,fxusd,gp,grossmargin,intangibles,intexp,invcap,invcapavg,inventory,investments,investmentsc,investmentsnc,liabilities,liabilitiesc,liabilitiesnc,marketcap,ncf,ncfbus,ncfcommon,ncfdebt,ncfdiv,ncff,ncfi,ncfinv,ncfo,ncfx,netinc,netinccmn,netinccmnusd,netincdis,netincnci,netmargin,opex,opinc,payables,payoutratio,pb,pe,pe1,ppnenet,prefdivis,price,ps,ps1,receivables,retearn,revenue,revenueusd,rnd,roa,roe,roic,ros,sbcomp,sgna,sharefactor,sharesbas,shareswa,shareswadil,sps,tangibles,taxassets,taxexp,taxliabilities,tbvps,workingcapital
EXPO,MRY,2011-12-31,2011-12-30,2011-12-30,2018-05-05,-471000,268788000,256547750,198578000,70210000,1.062,6.772,-3835000,84439000,84439000,25779000,32695000,3.267,0.44,0,0,0,0,5948000,4755000,0,0.0,0.0,54819000,59574000,0.219,59574000,54819000,54819000,1.155,1.11,1.155,186715000,185176750,186715000,543538698,9,9.124,42761000,1.508,1.0,246667000,0.905,8607000,0,114967000,120648000,0,25260000,25260000,0,82073000,60775000,21298000,608783698,-22110000,0,-38195000,0,0,-39344000,-29354000,-25519000,46596000,-8000,32695000,32695000,32695000,0,0,0.12,193207000,53460000,6738000,0.0,3.26,18.62,19.9,27215000,0,22.985,2.235,2.393,73065000,179432000,272446000,272446000,0,0.127,0.177,0.454,0.201,7962000,169969000,1.0,26486130,28362000,29502000,9.606,260181000,21985000,22124000,0,9.437,137803000
EXPO,MRY,2012-12-31,2012-12-28,2012-12-28,2018-05-05,-250000,315417000,288218750,235444000,79973000,1.015,7.88,-4942000,113268000,113268000,26091000,37225000,3.28,0.457,0,0,0,0,6665000,5271000,0,0.0,0.0,61749000,67020000,0.229,67020000,61749000,61749000,1.35,1.3,1.35,216429000,205181500,216429000,622465382,10,9.288,43563000,1.581,1.0,266562000,0.911,8607000,0,121771000,132157250,0,20881000,20881000,0,98988000,71771000,27217000,710118382,28829000,0,-19276000,0,0,-18859000,-1169000,3773000,48505000,352000,37225000,37225000,37225000,0,0,0.127,208942000,57620000,10386000,0.0,3.281,19.076,19.889,27446000,0,26.85,2.426,2.529,85361000,206057000,292653000,292653000,0,0.129,0.181,0.467,0.211,8430000,185368000,1.0,26447612,27560000,28586000,10.619,306810000,26016000,24524000,0,11.171,163673000
EXPO,MRY,2013-12-31,2014-01-03,2014-01-03,2018-05-05,109000,344166000,319486750,251684000,92482000,0.927,8.674,-6226000,122948000,122948000,16125000,38640000,3.488,0.464,0,0,0,0,6771000,5291000,0,0.008,0.3,63945000,69236000,0.234,69236000,63945000,63945000,1.42,1.38,1.42,235059000,226762750,235059000,892179621,13,12.886,55566000,2.04,1.0,280043000,0.946,8607000,0,140464000,137106500,0,33171000,33171000,0,109107000,72147000,36960000,1013926621,9680000,0,-23707000,0,-7927000,-33769000,-18880000,-12654000,61792000,537000,38640000,38640000,38640000,0,0,0.13,224097000,55946000,8442000,0.211,4.313,26.24,27.246,28721000,0,38.69,3.423,3.557,76980000,226040000,296168000,296168000,0,0.121,0.17,0.466,0.216,8901000,198798000,1.0,26206426,27232000,28050000,10.876,335559000,29237000,25305000,0,12.382,179537000
EXPO,MRY,2014-12-31,2015-01-02,2015-01-02,2018-05-05,-904000,365299000,352617250,255498000,109801000,0.864,9.189,-4947000,129490000,129490000,15495000,40701000,3.22,0.495,0,0,0,0,8226000,6289000,0,0.012,0.5,67965000,74254000,0.244,74254000,67965000,67965000,1.51,1.47,1.51,244288000,243085500,244288000,927738594,13,12.494,43305000,1.609,1.0,289209000,0.949,8607000,0,147857000,158702000,0,24913000,24913000,0,121011000,79345000,41666000,1043352594,6542000,0,-28814000,0,-13058000,-43128000,2435000,7382000,48252000,-1017000,40701000,40701000,40701000,0,0,0.134,225660000,63549000,8935000,0.331,4.271,25.635,26.851,28264000,0,40.545,3.424,3.581,86368000,246961000,304704000,304704000,0,0.115,0.167,0.428,0.223,7979000,199375000,1.0,25733200,26910000,27666000,11.323,356692000,35614000,27264000,0,13.417,176153000
EXPO,MRY,2015-12-31,2016-01-01,2016-01-01,2018-05-05,-1805000,387507000,370451250,272786000,114721000,0.844,9.92,-5379000,125751000,125751000,17127000,43599000,3.39,0.475,0,0,0,0,7802000,6074000,0,0.012,0.6,71133000,77207000,0.247,77207000,71133000,71133000,1.64,1.6,1.64,262804000,258251000,262804000,1161602053,16,15.045,55110000,2.071,1.0,295705000,0.945,8607000,0,172675000,168037000,0,45842000,45842000,0,124703000,80474000,44229000,1286059053,-3739000,0,-20300000,0,-15647000,-36916000,-27035000,-21656000,60489000,-277000,43599000,43599000,43599000,0,0,0.139,226772000,68933000,10580000,0.366,4.894,29.497,30.457,28485000,0,49.95,4.111,4.248,88577000,269259000,312832000,312832000,0,0.118,0.169,0.423,0.227,6563000,199797000,1.0,25746928,26606000,27298000,11.758,378900000,39456000,27534000,0,14.302,192312000
EXPO,MRY,2016-12-31,2016-12-30,2016-12-30,2018-05-05,-3126000,403744000,388729750,274044000,129700000,0.811,10.408,-14393000,114967000,114967000,15879000,47480000,3.415,0.477,0,0,0,0,7624000,6133000,0,0.012,0.72,69122000,75255000,0.239,75255000,69122000,69122000,1.79,1.75,1.79,273346000,272939500,273346000,1444804800,20,19.199,52553000,1.984,1.0,299197000,0.95,8607000,0,199934000,207226500,0,58755000,58755000,0,130398000,80236000,50162000,1543229800,-10784000,0,-22700000,0,-18781000,-49166000,-27443000,-13050000,66946000,-1121000,47480000,47480000,47480000,0,0,0.151,237286000,61911000,10073000,0.402,5.646,32.503,33.687,36710000,0,60.3,4.898,5.069,87409000,291243000,315076000,315076000,0,0.122,0.174,0.334,0.219,13333000,208889000,1.0,25592534,26488000,27166000,11.895,395137000,42166000,21642000,0,15.045,193808000
EXPO,MRY,2017-12-31,2017-12-29,2017-12-29,2018-05-05,-2029000,439589000,420766500,315509000,124080000,0.827,10.966,-4725000,124794000,124794000,18135000,41305000,3.389,0.521,0,0,0,0,8302000,6285000,0,0.012,0.84,82509000,88794000,0.255,88794000,82509000,82509000,1.57,1.53,1.57,289088000,290817000,289088000,1745335253,21,19.656,63113000,2.394,1.0,329664000,0.948,8607000,0,213081000,239198000,0,71604000,71604000,0,150501000,93107000,57394000,1835144253,9827000,0,-9906000,0,-21835000,-41261000,-17722000,-12997000,67838000,972000,41305000,41305000,41305000,0,0,0.119,257613000,72051000,14741000,0.535,6.348,44.429,45.287,35014000,0,71.1,5.276,5.389,110100000,303990000,347799000,347799000,0,0.098,0.142,0.345,0.237,16155000,228069000,1.0,25810749,26362000,26986000,13.193,430982000,30437000,41204000,0,16.349,222402000
