ticker,dimension,calendardate,datekey,reportperiod,lastupdated,accoci,assets,assetsavg,assetsc,assetsnc,assetturnover,bvps,capex,cashneq,cashnequsd,cor,consolinc,currentratio,de,debt,debtc,debtnc,debtusd,deferredrev,depamor,deposits,divyield,dps,ebit,ebitda,ebitdamargin,ebitdausd,ebitusd,ebt,eps,epsdil,epsusd,equity,equityavg,equityusd,ev,evebit,evebitda,fcf,fcfps,fxusd,gp,grossmargin,intangibles,intexp,invcap,invcapavg,inventory,investments,investmentsc,investmentsnc,liabilities,liabilitiesc,liabilitiesnc,marketcap,ncf,ncfbus,ncfcommon,ncfdebt,ncfdiv,ncff,ncfi,ncfinv,ncfo,ncfx,netinc,netinccmn,netinccmnusd,netincdis,netincnci,netmargin,opex,opinc,payables,payoutratio,pb,pe,pe1,ppnenet,prefdivis,price,ps,ps1,receivables,retearn,revenue,revenueusd,rnd,roa,roe,roic,ros,sbcomp,sgna,sharefactor,sharesbas,shareswa,shareswadil,sps,tangibles,taxassets,taxexp,taxliabilities,tbvps,workingcapital
FDP,MRY,2011-12-31,2011-12-30,2011-12-30,2018-05-01,-1600000,2504000000,2495225000,892000000,1612000000,1.439,29.686,-74700000,46900000,46900000,3270200000,94800000,2.412,0.46,215500000,2200000,213300000,215500000,0,73500000,0,0.012,0.3,105000000,178500000,0.05,178500000,105000000,98200000,1.57,1.56,1.57,1715100000,1723225000,1715100000,1531071482,14,8.577,121000000,2.055,1.0,319500000,0.089,402300000,6800000,1900500000,1808075000,428900000,2300000,0,2300000,788900000,369800000,419100000,1444471482,-2200000,0,-27200000,-80600000,-17700000,-125700000,-74700000,0,195700000,2500000,92500000,92500000,92500000,0,2300000,0.026,203600000,115900000,343200000,0.191,0.842,15.616,15.93,1022900000,0,25.01,0.402,0.41,354600000,1206800000,3589700000,3589700000,0,0.037,0.054,0.058,0.029,6300000,190400000,1.0,57755757,58893832,59163282,60.952,2101700000,69300000,5700000,104000000,36.377,522200000
FDP,MRY,2012-12-31,2012-12-28,2012-12-28,2018-05-01,-24900000,2533400000,2501100000,926000000,1607400000,1.368,31.578,-69900000,39900000,39900000,3079500000,145000000,2.554,0.383,126200000,2700000,123500000,126200000,0,70000000,0,0.015,0.4,158400000,228400000,0.067,228400000,158400000,155400000,2.47,2.46,2.47,1831400000,1828500000,1831400000,1509332989,9,6.608,102700000,1.773,1.0,341700000,0.1,405600000,3000000,1851600000,1725675000,482800000,2000000,0,2000000,702000000,362500000,339500000,1505532989,-7000000,0,-2800000,-88100000,-23200000,-103500000,-72400000,-2500000,172600000,-3700000,143200000,143200000,143200000,0,1800000,0.042,180300000,161400000,333500000,0.162,0.822,10.513,10.49,1024600000,0,25.91,0.44,0.439,354500000,1316300000,3421200000,3421200000,0,0.057,0.078,0.092,0.046,6700000,177200000,1.0,58106252,57937245,58121501,59.05,2127800000,68300000,12200000,104000000,36.689,563500000
FDP,MRY,2013-12-31,2013-12-27,2013-12-27,2018-05-01,-3400000,2589200000,2587400000,1015600000,1573600000,1.424,31.194,-149100000,42500000,42500000,3393300000,-33900000,2.654,0.479,251400000,2800000,248600000,251400000,0,69900000,0,0.018,0.5,-14300000,55600000,0.015,55600000,-14300000,-17200000,-0.61,-0.61,-0.61,1751200000,1842850000,1751200000,1660538614,-116,29.866,-40400000,-0.716,1.0,290400000,0.079,331400000,2900000,2084100000,1947100000,533100000,2100000,0,2100000,838000000,382600000,455400000,1591438614,2600000,-20600000,-51500000,127300000,-28200000,51200000,-161900000,7800000,108700000,4600000,-34400000,-34400000,-34400000,0,500000,-0.009,318500000,-28100000,356000000,-0.82,0.909,-46.263,-46.492,1101200000,0,28.36,0.432,0.434,398100000,1185800000,3683700000,3683700000,0,-0.013,-0.019,-0.007,-0.004,9900000,176900000,1.0,56115607,56426294,56426294,65.283,2257800000,63200000,17200000,103000000,40.218,633000000
FDP,MRY,2014-12-31,2014-12-26,2014-12-26,2018-05-01,2600000,2675300000,2655000000,1040900000,1634400000,1.479,32.307,-147500000,34100000,34100000,3562700000,144600000,2.543,0.496,266900000,2200000,264700000,266900000,0,73300000,0,0.015,0.5,159900000,233200000,0.059,233200000,159900000,156700000,2.54,2.53,2.54,1787900000,1826825000,1787900000,1997968839,12,8.568,83200000,1.487,1.0,364800000,0.093,330500000,3200000,2168200000,2099450000,516100000,2000000,0,2000000,887400000,409400000,478000000,1895568839,-8400000,-12700000,-82200000,16300000,-27900000,-88700000,-160200000,0,230700000,9800000,142400000,142400000,142400000,0,2200000,0.036,191300000,173500000,382100000,0.197,1.06,13.312,13.24,1170200000,0,33.63,0.483,0.479,413600000,1198400000,3927500000,3927500000,0,0.054,0.078,0.076,0.041,12300000,175800000,1.0,56365413,55966531,56347092,70.176,2344800000,58100000,14300000,99100000,42.37,631500000
FDP,MRY,2015-12-31,2016-01-01,2016-01-01,2018-05-01,-23000000,2596100000,2666875000,985800000,1610300000,1.521,33.32,-124700000,24900000,24900000,3714200000,66400000,2.582,0.483,254200000,1500000,252700000,254200000,0,72400000,0,0.013,0.5,80400000,152800000,0.038,152800000,80400000,76100000,1.18,1.17,1.18,1750900000,1800575000,1750900000,2200667829,27,14.402,112500000,2.133,1.0,342300000,0.084,263700000,4300000,2179900000,2173175000,481900000,2000000,0,2000000,845200000,381800000,463400000,2031667829,-9200000,0,-82100000,-19000000,-26200000,-133800000,-124700000,0,237200000,12100000,62400000,62400000,62400000,0,4000000,0.015,251300000,91000000,359100000,0.424,1.16,32.559,32.949,1215400000,0,38.88,0.501,0.506,417400000,1162300000,4056500000,4056500000,0,0.023,0.035,0.037,0.02,16800000,183900000,1.0,52254831,52750212,53199533,76.9,2332400000,54500000,13700000,95300000,44.387,604000000
FDP,MRY,2016-12-31,2016-12-30,2016-12-30,2018-05-01,-44200000,2653300000,2619025000,961100000,1692200000,1.532,35.106,-134300000,20100000,20100000,3550100000,225600000,2.604,0.461,232300000,600000,231700000,232300000,0,78500000,0,0.009,0.55,241000000,319500000,0.08,319500000,241000000,236900000,4.37,4.33,4.37,1816400000,1812000000,1816400000,3255287008,13,10.189,210300000,4.083,1.0,461400000,0.115,260900000,4100000,2235500000,2169175000,493200000,2000000,0,2000000,836900000,369100000,467800000,3140887008,-4800000,-9000000,-96200000,-26500000,-28200000,-205400000,-143300000,0,344600000,-700000,225100000,225100000,225100000,0,500000,0.056,217200000,244200000,360500000,0.126,1.729,13.953,13.874,1272000000,0,60.63,0.783,0.778,412200000,1285800000,4011500000,4011500000,0,0.086,0.124,0.111,0.06,24900000,187400000,1.0,51804173,51507755,51962195,77.881,2392400000,66200000,11800000,99700000,46.239,592000000
FDP,MRY,2017-12-31,2017-12-29,2017-12-29,2018-05-01,-30600000,2766900000,2721750000,1019800000,1747100000,1.501,36.389,-133800000,25100000,25100000,3754300000,119200000,2.59,0.545,357600000,600000,357000000,357600000,0,79900000,0,0.013,0.6,152100000,232000000,0.057,232000000,152100000,145700000,2.4,2.39,2.4,1791200000,1833375000,1791200000,2621358547,17,11.299,60400000,1.202,1.0,331600000,0.081,261900000,6400000,2443700000,2338375000,541800000,2000000,0,2000000,975700000,393800000,581900000,2370958547,5000000,0,-140400000,126900000,-30100000,-53800000,-133800000,0,194200000,-1600000,120800000,120800000,120800000,0,-1600000,0.03,178900000,152700000,382400000,0.25,1.324,19.627,19.863,1328300000,0,47.67,0.58,0.586,432400000,1275000000,4085900000,4085900000,0,0.044,0.066,0.065,0.037,12100000,173200000,1.0,49736911,50247881,50588708,81.315,2505000000,59100000,24900000,97100000,50.89,626000000
