ticker,dimension,calendardate,datekey,reportperiod,lastupdated,accoci,assets,assetsavg,assetsc,assetsnc,assetturnover,bvps,capex,cashneq,cashnequsd,cor,consolinc,currentratio,de,debt,debtc,debtnc,debtusd,deferredrev,depamor,deposits,divyield,dps,ebit,ebitda,ebitdamargin,ebitdausd,ebitusd,ebt,eps,epsdil,epsusd,equity,equityavg,equityusd,ev,evebit,evebitda,fcf,fcfps,fxusd,gp,grossmargin,intangibles,intexp,invcap,invcapavg,inventory,investments,investmentsc,investmentsnc,liabilities,liabilitiesc,liabilitiesnc,marketcap,ncf,ncfbus,ncfcommon,ncfdebt,ncfdiv,ncff,ncfi,ncfinv,ncfo,ncfx,netinc,netinccmn,netinccmnusd,netincdis,netincnci,netmargin,opex,opinc,payables,payoutratio,pb,pe,pe1,ppnenet,prefdivis,price,ps,ps1,receivables,retearn,revenue,revenueusd,rnd,roa,roe,roic,ros,sbcomp,sgna,sharefactor,sharesbas,shareswa,shareswadil,sps,tangibles,taxassets,taxexp,taxliabilities,tbvps,workingcapital
FGP,MRY,2011-12-31,2011-07-31,2011-07-31,2018-03-08,4633000,1460586000,1554887500,326993000,1133593000,1.558,1.128,-49759000,7437000,7437000,1733814000,-43760000,1.096,16.034,1176847000,125927000,1050920000,1176847000,0,82486000,0,0.099,2.0,59478000,141964000,0.059,141964000,59478000,-42407000,-0.6,-0.6,-0.6,85587000,88230500,85587000,2679185321,45,18.872,67802000,0.893,1.0,689401000,0.284,453080000,101885000,1878635000,1966543500,136139000,0,0,0,1372269000,298281000,1073988000,1530159321,-3964000,-7298000,157756000,-73754000,0,-70464000,-51063000,0,117561000,2000,-43648000,-43212000,-43212000,0,-112000,-0.018,583640000,105761000,67541000,-3.333,17.878,-35.411,-33.6,642205000,-436000,20.16,0.631,0.631,159532000,,2423215000,2423215000,0,-0.028,-0.49,0.03,0.025,23645000,61891000,1.0,75900760,75900760,,31.926,1007506000,0,1241000,0,13.274,28712000
FGP,MRY,2012-12-31,2012-07-31,2012-07-31,2018-03-08,-13159000,1397279000,1518857000,289346000,1107933000,1.54,-0.368,-49303000,8429000,8429000,1697209000,-10896000,0.85,-48.983,1228815000,169730000,1059085000,1228815000,0,83841000,0,0.1,2.0,83430000,167271000,0.072,167271000,83430000,-9824000,-0.14,-0.14,-0.14,-29088000,24960000,-29088000,2797597142,33,16.725,75100000,0.951,1.0,641883000,0.274,438062000,93254000,1839382000,1903741500,127598000,0,0,0,1424805000,340221000,1084584000,1572992142,992000,-10387000,50829000,40615000,0,-69411000,-53948000,0,124403000,-52000,-10952000,-10842000,-10842000,0,56000,-0.005,558397000,83486000,47824000,-14.286,-54.077,-145.083,-142.286,626551000,-110000,19.92,0.672,0.672,124004000,,2339092000,2339092000,0,-0.007,-0.434,0.044,0.036,18283000,43212000,1.0,78965469,78965469,,29.622,959217000,0,1128000,0,12.147,-50875000
FGP,MRY,2013-12-31,2013-07-31,2013-07-31,2018-03-08,1697000,1356028000,1432165250,280979000,1075049000,1.379,-1.108,-40910000,6464000,6464000,1236717000,57167000,0.93,-16.469,1238994000,132054000,1106940000,1238994000,0,83344000,0,0.091,2.0,147426000,230770000,0.117,230770000,147426000,58281000,0.71,0.71,0.71,-87596000,-58157000,-87596000,2978533391,20,12.907,169210000,2.14,1.0,738750000,0.374,442878000,89145000,1843396000,1875680750,117116000,0,0,0,1442655000,302284000,1140371000,1746674391,-1965000,-37186000,864000,16768000,0,-143822000,-68116000,0,210120000,-147000,56426000,55862000,55862000,0,741000,0.028,590583000,148167000,49128000,2.817,-19.94,31.268,31.113,589727000,564000,22.09,0.884,0.884,131791000,,1975467000,1975467000,0,0.039,-0.961,0.079,0.075,29314000,53181000,1.0,79070819,79070819,,24.984,913150000,0,1855000,0,11.549,-21305000
FGP,MRY,2014-12-31,2014-07-31,2014-07-31,2018-03-08,6181000,1572270000,1556051750,364931000,1207339000,1.546,-1.383,-52572000,8289000,8289000,1614540000,33715000,1.028,-14.986,1452733000,160519000,1292214000,1452733000,0,84202000,0,0.079,2.0,122229000,206431000,0.086,206431000,122229000,35727000,0.41,0.41,0.41,-112366000,-109928000,-112366000,3367126219,27,16.311,73097000,0.9,1.0,791320000,0.329,549381000,86502000,2112293000,2024730750,145969000,0,0,0,1683916000,355040000,1328876000,2063197219,1825000,-162004000,50605000,208975000,0,86376000,-210075000,0,125669000,-145000,33211000,32879000,32879000,0,504000,0.014,647385000,143935000,69360000,4.878,-18.361,62.751,61.951,611787000,332000,25.4,0.858,0.858,178602000,,2405860000,2405860000,0,0.021,-0.299,0.06,0.051,46297000,65156000,1.0,81228237,81228237,,29.619,1022889000,0,2516000,0,12.593,9891000
FGP,MRY,2015-12-31,2015-07-31,2015-07-31,2018-03-08,-38934000,2437729000,1864514500,365609000,2072120000,1.086,2.288,-72481000,7652000,7652000,1224511000,30089000,0.892,10.945,1923384000,145319000,1778065000,1923384000,0,98579000,0,0.096,2.0,129701000,228280000,0.113,228280000,129701000,29305000,0.35,0.35,0.35,203754000,-42068750,203754000,3311412053,25,14.506,130591000,1.467,1.0,799879000,0.395,1058790000,100396000,2884691000,2360378500,96754000,0,0,0,2230020000,409980000,1820040000,1857429053,-637000,-641427000,181099000,493477000,0,504310000,-708017000,0,203072000,-2000,29620000,29324000,29324000,0,469000,0.014,669709000,130170000,83974000,5.714,9.116,63.342,59.6,965217000,296000,20.86,0.918,0.918,196918000,,2024390000,2024390000,0,0.016,-0.697,0.055,0.064,50695000,77238000,1.0,89042620,89042620,,22.735,1378939000,0,-315000,0,15.486,-44371000
FGP,MRY,2016-12-31,2016-07-31,2016-07-31,2018-03-08,-10468000,1683306000,2230955500,285115000,1398191000,0.914,-6.602,-117518000,4965000,4965000,1161904000,-672035000,0.787,-3.609,2106626000,165291000,1941335000,2106626000,0,150513000,0,0.104,2.05,-527514000,-377001000,-0.185,-377001000,-527514000,-665451000,-6.68,-6.68,-6.68,-647057000,-112593000,-647057000,3968828447,-7,-10.527,76809000,0.784,1.0,877463000,0.43,536288000,137937000,2886502000,2989283000,90594000,0,0,0,2335086000,362177000,1972909000,1928692447,-2687000,-15144000,-46250000,173130000,0,-81155000,-115859000,0,194327000,0,-665415000,-658761000,-658761000,0,-6620000,-0.323,1411597000,-534134000,67928000,-0.307,-2.981,-2.928,-2.946,774680000,-6654000,19.68,0.946,0.946,149583000,,2039367000,2039367000,0,-0.295,5.851,-0.176,-0.259,36919000,56635000,1.0,98002665,98002665,,20.809,1147018000,0,-36000,0,11.704,-77062000
FGP,MRY,2017-12-31,2017-07-31,2017-07-31,2018-03-08,14601000,1609969000,1675518250,296784000,1313185000,1.152,-7.757,-50472000,5760000,5760000,1190861000,-54501000,0.871,-3.142,2124576000,128781000,1995795000,2124576000,0,103351000,0,0.181,0.813,97135000,200486000,0.104,200486000,97135000,-55350000,-0.55,-0.55,-0.55,-753578000,-722089000,-753578000,2541287992,26,12.676,76816000,0.791,1.0,739416000,0.383,507205000,152485000,2881014000,2890542000,92552000,0,0,0,2367479000,340566000,2026913000,437186992,795000,-3539000,-15851000,20062000,0,-80955000,-45538000,0,127288000,0,-54207000,-53665000,-53665000,0,-294000,-0.028,642575000,96841000,85561000,-1.478,-0.58,-8.147,-8.182,731923000,-542000,4.5,0.226,0.226,165084000,,1930277000,1930277000,0,-0.032,0.074,0.034,0.05,18386000,49617000,1.0,97152665,97152665,,19.868,1102764000,0,-1143000,0,11.351,-43782000
