ticker,dimension,calendardate,datekey,reportperiod,lastupdated,accoci,assets,assetsavg,assetsc,assetsnc,assetturnover,bvps,capex,cashneq,cashnequsd,cor,consolinc,currentratio,de,debt,debtc,debtnc,debtusd,deferredrev,depamor,deposits,divyield,dps,ebit,ebitda,ebitdamargin,ebitdausd,ebitusd,ebt,eps,epsdil,epsusd,equity,equityavg,equityusd,ev,evebit,evebitda,fcf,fcfps,fxusd,gp,grossmargin,intangibles,intexp,invcap,invcapavg,inventory,investments,investmentsc,investmentsnc,liabilities,liabilitiesc,liabilitiesnc,marketcap,ncf,ncfbus,ncfcommon,ncfdebt,ncfdiv,ncff,ncfi,ncfinv,ncfo,ncfx,netinc,netinccmn,netinccmnusd,netincdis,netincnci,netmargin,opex,opinc,payables,payoutratio,pb,pe,pe1,ppnenet,prefdivis,price,ps,ps1,receivables,retearn,revenue,revenueusd,rnd,roa,roe,roic,ros,sbcomp,sgna,sharefactor,sharesbas,shareswa,shareswadil,sps,tangibles,taxassets,taxexp,taxliabilities,tbvps,workingcapital
FIZZ,MRY,2011-12-31,2011-04-30,2011-04-30,2018-03-08,2751000,182810000,238105750,106533000,76277000,2.521,1.738,-11312000,7372000,7372000,381539000,40754000,1.409,1.276,0,0,0,0,0,11356000,0,0.165,2.3,62749000,74105000,0.123,74105000,62749000,62650000,0.88,0.88,0.88,80336000,116694500,80336000,545649048,8,7.363,43990000,0.952,1.0,218654000,0.364,14760000,99000,85075000,57955250,33353000,0,0,0,102474000,75603000,26871000,643480048,-61194000,0,209000,0,-106314000,-105184000,-11312000,0,55302000,0,40754000,40754000,40754000,0,0,0.068,155885000,62769000,49257000,2.614,8.01,15.789,15.818,55337000,0,13.92,1.072,1.071,55912000,65207000,600193000,600193000,0,0.171,0.349,1.083,0.105,446000,155885000,1.0,46227015,46188000,46373000,12.995,168050000,1493000,21896000,14680000,3.635,30930000
FIZZ,MRY,2012-12-31,2012-04-28,2012-04-28,2018-03-08,-642000,222988000,202456000,146054000,76934000,3.106,2.628,-9852000,35626000,35626000,415629000,43993000,1.916,0.833,0,0,0,0,0,10651000,0,0.0,0.0,67003000,77654000,0.123,77654000,67003000,66896000,0.95,0.95,0.95,121636000,106681250,121636000,659399085,9,8.492,27844000,0.602,1.0,213257000,0.339,14760000,107000,96366000,93368000,40862000,0,0,0,101352000,76236000,25116000,679360085,28254000,0,115000,0,0,410000,-9852000,0,37696000,0,43993000,43993000,43993000,0,0,0.07,146169000,67088000,54875000,0.0,5.585,15.442,15.453,56729000,0,14.68,1.08,1.08,61591000,109200000,628886000,628886000,0,0.217,0.412,0.718,0.107,290000,146169000,1.0,46277935,46267000,46448000,13.593,208228000,3550000,22903000,14296000,4.499,69818000
FIZZ,MRY,2013-12-31,2013-04-27,2013-04-27,2018-03-08,-964000,208642000,219064000,130941000,77701000,3.022,1.518,-9616000,18267000,18267000,444757000,46920000,2.064,1.967,50000000,0,50000000,50000000,0,11002000,0,0.175,2.55,70854000,81856000,0.124,81856000,70854000,70451000,1.01,1.01,1.01,70316000,103082000,70316000,716518748,10,8.753,30648000,0.662,1.0,217250000,0.328,14760000,403000,162178000,135321500,39234000,0,0,0,138326000,63437000,74889000,675013748,-17359000,0,239000,50000000,-118139000,-48007000,-9616000,0,40264000,0,46920000,46767000,46767000,0,0,0.071,146223000,71027000,44261000,2.525,9.6,14.434,14.426,57307000,153000,14.57,1.02,1.019,64069000,37828000,662007000,662007000,0,0.213,0.454,0.524,0.107,230000,146223000,1.0,46329015,46310000,46482000,14.295,193882000,3665000,23531000,14361000,4.185,67504000
FIZZ,MRY,2014-12-31,2014-05-03,2014-05-03,2018-03-08,-205000,222841000,216440500,143141000,79700000,2.962,2.292,-12062000,29932000,29932000,423480000,43635000,2.218,1.098,30000000,0,30000000,30000000,0,11708000,0,0.0,0.0,63769000,75477000,0.118,75477000,63769000,63109000,0.93,0.92,0.93,106201000,96192750,106201000,897932613,14,11.897,40320000,0.87,1.0,217655000,0.339,14760000,660000,143626000,152314000,43914000,0,0,0,116640000,64523000,52117000,890047613,11665000,0,47000,-20000000,0,-28655000,-12062000,0,52382000,0,43635000,42909000,42909000,0,0,0.067,153220000,64435000,45606000,0.0,8.381,20.743,20.656,59494000,726000,19.21,1.388,1.388,58205000,80737000,641135000,641135000,0,0.198,0.446,0.419,0.099,95000,153220000,1.0,46332515,46331000,46519000,13.838,208081000,2685000,19474000,13917000,4.491,78618000
FIZZ,MRY,2015-12-31,2015-05-02,2015-05-02,2018-03-08,-2524000,247750000,233845000,167729000,80021000,2.762,3.187,-9725000,52456000,52456000,426685000,49311000,2.532,0.676,10000000,0,10000000,10000000,0,11580000,0,0.0,0.0,75084000,86664000,0.134,86664000,75084000,74713000,1.06,1.05,1.06,147782000,132600000,147782000,1014206850,13,11.703,48295000,1.042,1.0,219140000,0.339,14760000,371000,124283000,132047750,42924000,0,0,0,99968000,66251000,33717000,1039653850,22524000,0,228000,-20000000,0,-25771000,-9725000,0,58020000,0,49311000,49036000,49036000,0,0,0.076,145157000,73983000,44896000,0.0,7.035,21.202,21.151,60182000,275000,22.42,1.61,1.609,59951000,129773000,645825000,645825000,0,0.21,0.37,0.569,0.116,307000,145157000,1.0,46371715,46353000,46559000,13.933,232990000,4348000,25402000,15343000,5.024,101478000
FIZZ,MRY,2016-12-31,2016-04-30,2016-04-30,2018-03-08,-1807000,305498000,281800750,223671000,81827000,2.501,4.429,-12024000,105577000,105577000,463348000,61198000,2.958,0.482,0,0,0,0,0,12056000,0,0.0,0.0,92908000,104964000,0.149,104964000,92908000,92705000,1.31,1.31,1.31,206152000,185231250,206152000,2089606271,22,19.908,66931000,1.441,1.0,241437000,0.343,14760000,203000,109547000,113134500,47922000,0,0,0,99346000,75614000,23732000,2175707271,53121000,0,848000,-10000000,0,-13810000,-12024000,0,78955000,0,61198000,60960000,60960000,0,0,0.086,148384000,93053000,49391000,0.0,10.554,35.691,35.679,61932000,238000,46.74,3.087,3.081,61046000,190733000,704785000,704785000,0,0.216,0.329,0.821,0.132,228000,148384000,1.0,46549150,46452000,46671000,15.172,290738000,4454000,31507000,14502000,6.246,148057000
FIZZ,MRY,2017-12-31,2017-04-29,2017-04-29,2018-03-08,-604000,353983000,344263000,268321000,85662000,2.402,5.274,-13987000,136372000,136372000,500841000,107045000,3.077,0.441,0,0,0,0,0,12834000,0,0.017,1.5,163014000,175848000,0.213,175848000,163014000,162825000,2.3,2.29,2.3,245618000,239753000,245618000,4019841844,24,22.86,99785000,2.143,1.0,326077000,0.394,14760000,189000,115645000,116308250,53355000,0,0,0,108365000,87206000,21159000,4125507844,30795000,0,365000,0,-69850000,-68990000,-13987000,0,113772000,0,107045000,107045000,107045000,0,0,0.129,163600000,162477000,58100000,0.652,16.796,38.54,38.517,65150000,0,88.59,4.989,4.989,71319000,227928000,826918000,826918000,0,0.311,0.446,1.402,0.197,208000,163600000,1.0,46568550,46564000,46770000,17.759,339223000,0,55780000,12176000,7.284,181115000
