ticker,dimension,calendardate,datekey,reportperiod,lastupdated,accoci,assets,assetsavg,assetsc,assetsnc,assetturnover,bvps,capex,cashneq,cashnequsd,cor,consolinc,currentratio,de,debt,debtc,debtnc,debtusd,deferredrev,depamor,deposits,divyield,dps,ebit,ebitda,ebitdamargin,ebitdausd,ebitusd,ebt,eps,epsdil,epsusd,equity,equityavg,equityusd,ev,evebit,evebitda,fcf,fcfps,fxusd,gp,grossmargin,intangibles,intexp,invcap,invcapavg,inventory,investments,investmentsc,investmentsnc,liabilities,liabilitiesc,liabilitiesnc,marketcap,ncf,ncfbus,ncfcommon,ncfdebt,ncfdiv,ncff,ncfi,ncfinv,ncfo,ncfx,netinc,netinccmn,netinccmnusd,netincdis,netincnci,netmargin,opex,opinc,payables,payoutratio,pb,pe,pe1,ppnenet,prefdivis,price,ps,ps1,receivables,retearn,revenue,revenueusd,rnd,roa,roe,roic,ros,sbcomp,sgna,sharefactor,sharesbas,shareswa,shareswadil,sps,tangibles,taxassets,taxexp,taxliabilities,tbvps,workingcapital
FLO,MRY,2011-12-31,2011-12-31,2011-12-31,2018-05-16,-112047000,1553998000,1520915750,378570000,1175428000,1.823,3.737,-67058000,7783000,7783000,1473201000,123428000,1.41,1.048,326174000,42768000,283406000,326174000,0,94638000,0,0.031,0.389,202138000,296776000,0.107,296776000,202138000,191966000,0.61,0.6,0.61,758968000,787041000,758968000,2911066327,14,9.809,67232000,0.331,1.0,1300155000,0.469,360961000,10172000,1243009000,1156065250,113720000,102322000,0,102322000,795030000,268419000,526611000,2580645327,1028000,-169485000,-13665000,196538000,-79081000,104677000,-237939000,12629000,134290000,0,123428000,123428000,123428000,0,0,0.045,1111129000,189026000,115138000,0.638,3.4,20.908,20.743,685487000,0,12.653,0.931,0.927,185603000,547997000,2773356000,2773356000,0,0.081,0.157,0.175,0.073,13638000,1016491000,1.0,203949841,203081000,205322000,13.656,1193037000,36264000,68538000,35375000,5.874,110151000
FLO,MRY,2012-12-31,2012-12-29,2012-12-29,2018-05-16,-114667000,1995849000,1857650000,464451000,1531398000,1.632,4.159,-65958000,13275000,13275000,1617810000,136121000,1.308,1.324,607012000,71996000,535016000,607012000,0,102690000,0,0.027,0.42,232183000,334873000,0.11,334873000,232183000,208772000,0.66,0.66,0.66,858620000,829410500,858620000,3759658300,16,11.227,150922000,0.736,1.0,1413314000,0.466,658281000,23411000,1576347000,1471871500,136249000,102723000,0,102723000,1137229000,354958000,782271000,3169872300,5492000,-318476000,-4845000,263623000,-86489000,174049000,-385437000,16498000,216880000,0,136121000,136121000,136121000,0,0,0.045,1194803000,218511000,153956000,0.636,3.692,23.287,23.172,725836000,0,15.293,1.046,1.034,256235000,597629000,3031124000,3031124000,0,0.073,0.164,0.158,0.077,10116000,1092113000,1.0,207271510,205005000,207674000,14.786,1337568000,29198000,72651000,39206000,6.479,109493000
FLO,MRY,2013-12-31,2013-12-28,2013-12-28,2018-05-16,-62515000,2504014000,2330373500,487405000,2016609000,1.602,5.162,-96215000,8530000,8530000,1972221000,230894000,1.487,1.327,923750000,31272000,892478000,923750000,0,118491000,0,0.021,0.444,351248000,469739000,0.126,469739000,351248000,322373000,1.11,1.09,1.11,1076189000,1003699000,1076189000,5363837671,15,11.419,174269000,0.838,1.0,1760395000,0.472,939114000,28875000,2152338000,1908898500,148807000,142845000,0,142845000,1427825000,327782000,1100043000,4447870671,-4745000,-415813000,4866000,307901000,-92840000,227656000,-502885000,21596000,270484000,0,230894000,230894000,230894000,0,0,0.062,1425162000,335233000,151935000,0.4,4.133,19.264,19.216,867004000,0,21.33,1.192,1.188,253967000,735631000,3732616000,3732616000,0,0.099,0.23,0.184,0.094,15943000,1356742000,1.0,208526520,207935000,211927000,17.951,1564900000,31790000,91479000,112140000,7.506,159623000
FLO,MRY,2014-12-31,2015-01-03,2015-01-03,2018-05-16,-98020000,2408974000,2461849000,460563000,1948411000,1.523,5.347,-47475000,7523000,7523000,1950633000,175739000,1.46,1.145,763436000,34496000,728940000,763436000,0,128961000,0,0.025,0.484,296342000,425303000,0.113,425303000,296342000,268054000,0.84,0.82,0.84,1123044000,1141878750,1123044000,4826550588,16,11.348,267708000,1.277,1.0,1798340000,0.48,927929000,28288000,1921405000,2006696250,147158000,161905000,0,161905000,1285930000,315553000,970377000,4018002588,-1007000,7500000,-17902000,-169339000,-102302000,-281664000,-34526000,21103000,315183000,0,175739000,175739000,175739000,0,0,0.047,1522945000,275395000,142643000,0.576,3.578,22.863,22.786,807458000,0,19.14,1.072,1.071,235911000,809068000,3748973000,3748973000,0,0.071,0.154,0.148,0.079,18662000,1368289000,1.0,209926990,209683000,213092000,17.879,1481045000,26823000,92315000,94153000,7.052,145010000
FLO,MRY,2015-12-31,2016-01-02,2016-01-02,2018-05-16,-96800000,2844051000,2611693250,500308000,2343743000,1.447,5.858,-76449000,14378000,14378000,1963153000,189191000,1.239,1.288,1004707000,74685000,930022000,1004707000,0,132175000,0,0.026,0.567,319846000,452021000,0.12,452021000,319846000,293031000,0.9,0.89,0.9,1243082000,1205286000,1243082000,5447673198,17,12.052,259225000,1.23,1.0,1815352000,0.48,1340392000,26815000,2090250000,1936225250,168465000,154311000,0,154311000,1600969000,403738000,1197231000,4559345198,6855000,-390221000,12759000,248679000,-120442000,140996000,-469815000,15061000,335674000,0,189191000,189191000,189191000,0,0,0.05,1517473000,297879000,171923000,0.63,3.668,24.099,23.878,804968000,0,21.49,1.207,1.199,269683000,877817000,3778505000,3778505000,0,0.072,0.157,0.165,0.085,15692000,1381527000,1.0,212161247,210793000,213356000,17.925,1503659000,0,103840000,146462000,7.085,96570000
FLO,MRY,2016-12-31,2016-12-31,2016-12-31,2018-05-16,-83283000,2761068000,2801053750,476842000,2284226000,1.402,5.815,-84060000,6410000,6410000,2026367000,163776000,1.4,1.282,958157000,11490000,946667000,958157000,0,140869000,0,0.031,0.625,284442000,425311000,0.108,425311000,284442000,249537000,0.79,0.78,0.79,1210080000,1173993500,1210080000,5130718023,18,12.063,272502000,1.307,1.0,1900518000,0.484,1301542000,34905000,2070649000,2081460250,170391000,154924000,0,154924000,1550988000,340624000,1210364000,4146422023,-7968000,0,-98669000,-58074000,-131073000,-287816000,-76714000,13695000,356562000,0,163776000,163776000,163776000,0,0,0.042,1636628000,263890000,173102000,0.791,3.427,25.318,25.278,781026000,0,19.97,1.056,1.06,271913000,910520000,3926885000,3926885000,0,0.058,0.14,0.137,0.072,18761000,1464236000,1.0,207632550,208511000,210354000,18.833,1459526000,0,85761000,145854000,7.014,136218000
FLO,MRY,2017-12-31,2017-12-30,2017-12-30,2018-05-16,-84559000,2659724000,2700209000,507191000,2152533000,1.452,5.951,-30067000,5129000,5129000,2009063000,150120000,1.287,1.127,832236000,12095000,820141000,832236000,0,146719000,0,0.035,0.67,185850000,332569000,0.085,332569000,185850000,149293000,0.72,0.71,0.72,1250677000,1238005750,1250677000,4896597905,26,14.724,267322000,1.276,1.0,1911670000,0.488,1207219000,36557000,1885661000,1922673500,172375000,187737000,0,187737000,1409047000,393951000,1015096000,4047563905,-1281000,0,16642000,-138935000,-140982000,-263275000,-35395000,-691000,297389000,0,150120000,150120000,150120000,0,0,0.038,1777633000,134037000,181388000,0.931,3.236,26.962,26.819,732026000,0,19.31,1.032,1.032,280050000,919658000,3920733000,3920733000,0,0.056,0.121,0.097,0.047,16093000,1503867000,1.0,209609731,209573000,210435000,18.708,1452505000,0,-827000,82976000,6.911,113240000
