ticker,dimension,calendardate,datekey,reportperiod,lastupdated,accoci,assets,assetsavg,assetsc,assetsnc,assetturnover,bvps,capex,cashneq,cashnequsd,cor,consolinc,currentratio,de,debt,debtc,debtnc,debtusd,deferredrev,depamor,deposits,divyield,dps,ebit,ebitda,ebitdamargin,ebitdausd,ebitusd,ebt,eps,epsdil,epsusd,equity,equityavg,equityusd,ev,evebit,evebitda,fcf,fcfps,fxusd,gp,grossmargin,intangibles,intexp,invcap,invcapavg,inventory,investments,investmentsc,investmentsnc,liabilities,liabilitiesc,liabilitiesnc,marketcap,ncf,ncfbus,ncfcommon,ncfdebt,ncfdiv,ncff,ncfi,ncfinv,ncfo,ncfx,netinc,netinccmn,netinccmnusd,netincdis,netincnci,netmargin,opex,opinc,payables,payoutratio,pb,pe,pe1,ppnenet,prefdivis,price,ps,ps1,receivables,retearn,revenue,revenueusd,rnd,roa,roe,roic,ros,sbcomp,sgna,sharefactor,sharesbas,shareswa,shareswadil,sps,tangibles,taxassets,taxexp,taxliabilities,tbvps,workingcapital
FLWS,MRY,2011-12-31,2011-07-03,2011-07-03,2018-05-11,-158000,259075000,265066250,101625000,157450000,2.495,2.222,-16890000,21442000,21442000,386296000,5722000,1.205,0.818,45738000,16488000,29250000,45738000,0,20237000,0,0.0,0.0,13618000,33855000,0.051,33855000,13618000,9625000,0.09,0.09,0.09,142511000,138696250,142511000,234223724,17,6.918,13398000,0.209,1.0,275093000,0.416,87720000,3993000,111329000,136621750,51185000,0,0,0,116564000,84322000,32242000,200988724,-6401000,-4310000,-405000,-14807000,0,-15194000,-21495000,-268000,30288000,0,5722000,5722000,5722000,468000,0,0.009,261007000,14086000,24186000,0.0,1.41,35.126,34.889,49908000,0,3.14,0.304,0.304,11916000,-113904000,661389000,661389000,20109000,0.022,0.041,0.1,0.021,3943000,220661000,1.0,64009148,64001000,65153000,10.334,171355000,16825000,3903000,0,2.671,17303000
FLWS,MRY,2012-12-31,2012-07-01,2012-07-01,2018-05-11,-17000,262213000,273355500,113106000,149107000,2.588,2.498,-17180000,28854000,28854000,414940000,17646000,1.356,0.621,29256000,15756000,13500000,29256000,0,19539000,0,0.0,0.0,28052000,47591000,0.067,47591000,28052000,25417000,0.27,0.27,0.27,161748000,155562750,161748000,234336517,8,4.924,22599000,0.349,1.0,292577000,0.414,89061000,2635000,90169000,115710250,53933000,0,0,0,100465000,83385000,17080000,226112517,7412000,8487000,-3277000,-16482000,0,-19486000,-12881000,-3945000,39779000,0,17646000,17646000,17646000,-4325000,0,0.025,272639000,19938000,17619000,0.0,1.398,12.814,12.926,48550000,0,3.49,0.32,0.319,11887000,-96258000,707517000,707517000,20426000,0.065,0.113,0.242,0.04,4577000,232673000,1.0,64788687,64697000,66239000,10.936,173152000,7817000,7771000,0,2.675,29721000
FLWS,MRY,2013-12-31,2013-06-30,2013-06-30,2018-05-11,0,250073000,273221500,92649000,157424000,2.692,2.649,-20044000,154000,154000,430305000,12321000,1.223,0.477,0,0,0,0,0,18798000,0,0.0,0.0,22385000,41183000,0.056,41183000,22385000,21394000,0.19,0.19,0.19,169271000,166796500,169271000,396151350,17,9.619,14601000,0.227,1.0,305192000,0.415,91219000,991000,82937000,97483250,55756000,0,0,0,80802000,75763000,5039000,395155350,-28700000,-3700000,-9064000,-30484000,0,-38815000,-24530000,0,34645000,0,12321000,12321000,12321000,3401000,0,0.017,279406000,25786000,26235000,0.0,2.334,32.072,32.579,52943000,0,6.19,0.537,0.542,14957000,-83937000,735497000,735497000,21700000,0.045,0.074,0.23,0.03,3544000,238908000,1.0,63837698,64369000,66792000,11.426,158854000,7873000,9073000,0,2.486,16886000
FLWS,MRY,2014-12-31,2014-06-29,2014-06-29,2018-05-11,-46000,267569000,278486500,91818000,175751000,2.716,2.858,-22985000,5203000,5203000,440672000,14675000,1.236,0.445,343000,343000,0,343000,0,19848000,0,0.0,0.0,25080000,44928000,0.059,44928000,25080000,23775000,0.24,0.23,0.24,183228000,175791500,183228000,366936642,14,8.167,19554000,0.305,1.0,315673000,0.417,104782000,1305000,83620000,101814250,58520000,0,0,0,81451000,74307000,7144000,367856642,5049000,-9000000,-7790000,-52000,0,-6002000,-31488000,0,42539000,0,15372000,15372000,15372000,-729000,-697000,0.02,291967000,23706000,24447000,0.0,2.008,23.93,23.917,60147000,0,5.74,0.486,0.486,13339000,-68565000,756345000,756345000,22518000,0.055,0.087,0.246,0.033,2827000,249601000,1.0,64086523,64035000,66460000,11.811,162787000,7158000,8403000,649000,2.539,17511000
FLWS,MRY,2015-12-31,2015-06-28,2015-06-28,2018-05-11,-371000,497073000,479692000,155095000,341978000,2.338,3.13,-32572000,27940000,27940000,634311000,19384000,1.255,1.376,132106000,14543000,117563000,132106000,0,29124000,0,0.0,0.0,36970000,66094000,0.059,66094000,36970000,31217000,0.31,0.3,0.31,208449000,207364000,208449000,760333774,20,11.504,93161000,1.434,1.0,487195000,0.434,159222000,5753000,318410000,254436500,93163000,0,0,0,286817000,123607000,163210000,677420774,22737000,-131994000,-2818000,60875000,0,60607000,-163603000,0,125733000,0,20287000,20287000,20287000,0,-903000,0.018,449578000,37617000,35425000,0.0,3.25,33.392,33.484,170100000,0,10.38,0.604,0.601,19170000,-48278000,1121506000,1121506000,34745000,0.042,0.098,0.145,0.033,3412000,385709000,1.0,65262117,64976000,67602000,17.26,337851000,0,10930000,37807000,5.072,31488000
FLWS,MRY,2016-12-31,2016-07-03,2016-07-03,2018-05-11,-146000,502941000,570001000,166659000,336282000,2.058,3.711,-33938000,27826000,27826000,655566000,35868000,1.379,1.073,113990000,19594000,94396000,113990000,0,32384000,0,0.0,0.0,59128000,91512000,0.078,91512000,59128000,52454000,0.57,0.55,0.57,242586000,237716750,242586000,647665999,10,7.077,23735000,0.366,1.0,517458000,0.441,156667000,6674000,311577000,336949250,103328000,0,0,0,260355000,120861000,139494000,588235999,-114000,0,-11706000,-14543000,0,-23849000,-33938000,0,57673000,0,36875000,36875000,36875000,0,-1007000,0.031,474176000,43282000,35201000,0.0,2.425,15.952,15.772,171362000,0,8.99,0.501,0.497,19123000,-11403000,1173024000,1173024000,39234000,0.065,0.155,0.175,0.05,3943000,402558000,1.0,65432258,64896000,67083000,18.075,346274000,0,15579000,35517000,5.297,45798000
FLWS,MRY,2017-12-31,2017-07-02,2017-07-02,2018-05-11,-187000,552470000,578482750,257402000,295068000,2.063,4.325,-33653000,149732000,149732000,673344000,44041000,2.056,0.957,108565000,7188000,101377000,108565000,0,33376000,0,0.0,0.0,61830000,95206000,0.08,95206000,61830000,56009000,0.68,0.64,0.68,282239000,267524750,282239000,690021215,11,7.248,27357000,0.419,1.0,520281000,0.436,123680000,5821000,262448000,330911750,75862000,0,0,0,270231000,125175000,145056000,637017215,121906000,111955000,-10449000,-6957000,0,-17406000,78302000,0,61010000,0,44041000,44041000,44041000,0,0,0.037,473922000,46359000,27781000,0.0,2.257,14.464,14.338,161381000,0,9.75,0.534,0.533,14073000,32638000,1193625000,1193625000,38903000,0.076,0.165,0.187,0.052,6102000,401643000,1.0,65335099,65255000,67604000,18.292,428790000,0,11968000,33868000,6.571,132227000
