ticker,dimension,calendardate,datekey,reportperiod,lastupdated,accoci,assets,assetsavg,assetsc,assetsnc,assetturnover,bvps,capex,cashneq,cashnequsd,cor,consolinc,currentratio,de,debt,debtc,debtnc,debtusd,deferredrev,depamor,deposits,divyield,dps,ebit,ebitda,ebitdamargin,ebitdausd,ebitusd,ebt,eps,epsdil,epsusd,equity,equityavg,equityusd,ev,evebit,evebitda,fcf,fcfps,fxusd,gp,grossmargin,intangibles,intexp,invcap,invcapavg,inventory,investments,investmentsc,investmentsnc,liabilities,liabilitiesc,liabilitiesnc,marketcap,ncf,ncfbus,ncfcommon,ncfdebt,ncfdiv,ncff,ncfi,ncfinv,ncfo,ncfx,netinc,netinccmn,netinccmnusd,netincdis,netincnci,netmargin,opex,opinc,payables,payoutratio,pb,pe,pe1,ppnenet,prefdivis,price,ps,ps1,receivables,retearn,revenue,revenueusd,rnd,roa,roe,roic,ros,sbcomp,sgna,sharefactor,sharesbas,shareswa,shareswadil,sps,tangibles,taxassets,taxexp,taxliabilities,tbvps,workingcapital
FLXS,MRY,2011-12-31,2011-06-30,2011-06-30,2018-05-02,-535000,164677000,162344500,128353000,36324000,2.091,19.159,-2386000,17889000,17889000,262124000,10417000,4.639,0.281,0,0,0,0,0,2690000,0,0.021,0.3,16207000,18897000,0.056,18897000,16207000,16207000,1.56,1.5,1.56,128573000,123821500,128573000,85900837,5,4.546,11414000,1.705,1.0,77302000,0.228,0,0,119118000,122555000,73680000,0,0,0,36104000,27670000,8434000,98101837,9611000,0,324000,0,-1839000,-1515000,-2674000,-288000,13800000,0,10417000,10417000,10417000,0,0,0.031,61438000,15864000,9899000,0.192,0.763,9.417,9.372,21387000,0,14.62,0.289,0.288,31451000,115699000,339426000,339426000,0,0.064,0.084,0.132,0.048,1014000,60422000,1.0,6710112,6693000,6929000,50.714,164677000,6260000,5790000,0,24.538,100683000
FLXS,MRY,2012-12-31,2012-06-30,2012-06-30,2018-05-02,-1639000,181672000,173384000,135593000,46079000,2.031,20.339,-10905000,13970000,13970000,266810000,13068000,4.257,0.303,0,0,0,0,0,2835000,0,0.023,0.45,20668000,23503000,0.067,23503000,20668000,20668000,1.93,1.86,1.93,139442000,134723000,139442000,115142108,5,4.899,-1928000,-0.284,1.0,85279000,0.242,0,0,135853000,127637250,82689000,0,0,0,42230000,31849000,10381000,134415108,-3919000,0,916000,0,-2535000,-1619000,-11277000,-372000,8977000,0,13068000,13068000,13068000,0,0,0.037,65033000,20246000,12973000,0.233,0.964,10.286,10.249,29867000,0,19.78,0.382,0.381,33601000,125699000,352089000,352089000,0,0.075,0.097,0.162,0.059,1056000,65033000,1.0,6795506,6781000,7008000,51.923,181672000,6910000,7600000,0,26.498,103744000
FLXS,MRY,2013-12-31,2013-06-30,2013-06-30,2018-05-02,-1091000,192539000,188049000,149201000,43338000,2.054,21.28,-6204000,10934000,10934000,295720000,13151000,4.203,0.273,0,0,0,0,0,3803000,0,0.025,0.6,20881000,24684000,0.064,24684000,20881000,20881000,1.87,1.8,1.87,151237000,146366000,151237000,161419390,7,6.539,-299000,-0.042,1.0,90469000,0.234,0,0,146103000,145710000,92417000,0,0,0,41302000,35502000,5800000,173156390,-3036000,0,1107000,0,-4213000,-2924000,-6017000,187000,5905000,0,13151000,13151000,13151000,0,0,0.034,70198000,20271000,13927000,0.321,1.145,13.167,13.037,32145000,0,24.38,0.448,0.444,36075000,134606000,386189000,386189000,0,0.07,0.09,0.143,0.054,869000,70198000,1.0,7102395,7041000,7326000,54.849,192539000,6160000,7730000,0,27.091,113699000
FLXS,MRY,2014-12-31,2014-06-30,2014-06-30,2018-05-02,-1256000,210213000,204746250,165410000,44803000,2.142,22.747,-4089000,22176000,22176000,338280000,14990000,4.499,0.261,0,0,0,0,0,4197000,0,0.018,0.6,22286000,26483000,0.06,26483000,22286000,23800000,2.07,2.0,2.07,166735000,159293250,166735000,226542062,10,8.554,12148000,1.68,1.0,100263000,0.229,0,-1514000,151271000,151424250,97940000,0,0,0,43478000,36766000,6712000,243847062,11242000,0,2388000,0,-4323000,-578000,-4417000,-328000,16237000,0,14990000,14990000,14990000,0,0,0.034,77977000,22286000,15818000,0.29,1.462,16.267,16.111,31900000,0,33.35,0.556,0.55,38536000,145234000,438543000,438543000,0,0.073,0.094,0.147,0.051,-67000,71727000,1.0,7311756,7231000,7511000,60.648,210213000,6400000,8810000,0,28.678,128644000
FLXS,MRY,2015-12-31,2015-06-30,2015-06-30,2018-05-02,-1736000,244619000,240453250,167002000,77617000,1.942,25.006,-37268000,1282000,1282000,357044000,22299000,3.254,0.31,11904000,11904000,0,11904000,0,4945000,0,0.017,0.72,35689000,40634000,0.087,40634000,35689000,35559000,3.0,2.89,3.0,186747000,178410000,186747000,329651025,9,8.113,-33999000,-4.58,1.0,109860000,0.235,0,130000,203921000,200397000,113842000,0,0,0,57872000,51320000,6552000,320634025,-20894000,0,790000,11904000,-5115000,8396000,-32559000,-344000,3269000,0,22299000,22299000,22299000,0,0,0.048,75438000,34422000,18329000,0.24,1.717,14.379,14.363,64770000,0,43.09,0.687,0.685,45101000,162176000,466904000,466904000,0,0.093,0.125,0.178,0.076,1126000,75688000,1.0,7441031,7423000,7708000,62.9,244619000,6090000,13260000,0,32.756,115682000
FLXS,MRY,2016-12-31,2016-06-30,2016-06-30,2018-05-02,-2228000,246896000,244876750,176443000,70453000,2.042,27.312,-7306000,36780000,36780000,386407000,24237000,5.29,0.178,0,0,0,0,0,7556000,0,0.018,0.72,37996000,45552000,0.091,45552000,37996000,37927000,3.19,3.12,3.19,209650000,200850250,209650000,287944635,7,6.321,47061000,6.196,1.0,113699000,0.227,0,69000,176759000,195537500,85904000,0,0,0,37246000,33357000,3889000,303318635,35498000,0,1591000,-11904000,-5455000,-14177000,-4692000,-200000,54367000,0,24237000,24237000,24237000,0,0,0.048,75631000,38068000,11023000,0.226,1.447,12.515,12.42,64124000,0,39.62,0.607,0.602,44618000,180919000,500106000,500106000,0,0.099,0.121,0.194,0.076,-291000,77911000,1.0,7655695,7595000,7765000,65.847,246896000,3660000,13690000,0,32.165,143086000
FLXS,MRY,2017-12-31,2017-06-30,2017-06-30,2018-05-02,-1713000,270045000,262760000,195250000,74795000,1.784,29.517,-11609000,28874000,28874000,360113000,23786000,5.249,0.17,0,0,0,0,0,7936000,0,0.015,0.8,37586000,45522000,0.097,45522000,37586000,37586000,3.06,3.02,3.06,230760000,222184500,230760000,385281985,10,8.464,14779000,1.899,1.0,108651000,0.232,0,0,203976000,188175250,99397000,17958000,17958000,0,39285000,37195000,2090000,422879985,-7906000,0,1078000,0,-6062000,-4622000,-29672000,-18063000,26388000,0,23786000,23786000,23786000,0,0,0.051,71387000,37264000,16758000,0.261,1.833,17.779,17.683,70661000,0,54.11,0.902,0.898,42362000,198465000,468764000,468764000,0,0.091,0.107,0.2,0.08,115000,72562000,1.0,7815191,7782000,7886000,60.237,270045000,1740000,13800000,0,34.541,158055000
