ticker,dimension,calendardate,datekey,reportperiod,lastupdated,accoci,assets,assetsavg,assetsc,assetsnc,assetturnover,bvps,capex,cashneq,cashnequsd,cor,consolinc,currentratio,de,debt,debtc,debtnc,debtusd,deferredrev,depamor,deposits,divyield,dps,ebit,ebitda,ebitdamargin,ebitdausd,ebitusd,ebt,eps,epsdil,epsusd,equity,equityavg,equityusd,ev,evebit,evebitda,fcf,fcfps,fxusd,gp,grossmargin,intangibles,intexp,invcap,invcapavg,inventory,investments,investmentsc,investmentsnc,liabilities,liabilitiesc,liabilitiesnc,marketcap,ncf,ncfbus,ncfcommon,ncfdebt,ncfdiv,ncff,ncfi,ncfinv,ncfo,ncfx,netinc,netinccmn,netinccmnusd,netincdis,netincnci,netmargin,opex,opinc,payables,payoutratio,pb,pe,pe1,ppnenet,prefdivis,price,ps,ps1,receivables,retearn,revenue,revenueusd,rnd,roa,roe,roic,ros,sbcomp,sgna,sharefactor,sharesbas,shareswa,shareswadil,sps,tangibles,taxassets,taxexp,taxliabilities,tbvps,workingcapital
FNSR,MRY,2011-12-31,2011-04-30,2011-04-30,2018-03-08,32966000,885149000,767905000,693407000,191742000,1.236,7.819,-64100000,314765000,314765000,636515000,88095000,5.175,0.266,40015000,0,40015000,40015000,8064000,43510000,0,0.0,0.0,98907000,142417000,0.15,142417000,98907000,92542000,1.1,1.0,1.1,699157000,533833250,699157000,2265374728,22,15.907,30359000,0.377,1.0,312272000,0.329,17439000,6365000,458971000,446770500,187617000,43431000,0,43431000,185992000,133989000,52003000,2517756728,107741000,-32173000,158386000,-48831000,0,109555000,-96273000,0,94459000,0,88095000,88095000,88095000,284000,0,0.093,200556000,111716000,76288000,0.0,3.601,28.58,25.536,125693000,0,28.09,2.654,2.386,181119000,-1609499000,948787000,948787000,117281000,0.115,0.165,0.221,0.104,18521000,81744000,1.0,89631781,80582000,92715000,11.774,867710000,0,4447000,0,9.704,559418000
FNSR,MRY,2012-12-31,2012-04-30,2012-04-30,2018-03-08,28720000,969427000,961651250,667222000,302205000,0.991,8.445,-77007000,234544000,234544000,679235000,43014000,5.039,0.246,43165000,3150000,40015000,43165000,8970000,56214000,0,0.0,0.0,48714000,104928000,0.11,104928000,48714000,44998000,0.47,0.46,0.47,771524000,741964000,771524000,1333899718,27,12.713,-2996000,-0.033,1.0,273344000,0.287,126608000,3716000,519020000,496958750,218432000,884000,0,884000,189582000,132420000,57162000,1507924718,-80221000,-71232000,8146000,-13776000,0,-5630000,-148602000,913000,74011000,0,42993000,42993000,42993000,0,21000,0.045,229165000,44179000,72339000,0.0,1.954,35.074,35.149,163817000,0,16.52,1.583,1.575,188764000,-1566506000,952579000,952579000,146003000,0.045,0.058,0.098,0.051,25974000,79990000,1.0,91278736,90823000,94186000,10.488,842819000,234000,2005000,1972000,9.225,534802000
FNSR,MRY,2013-12-31,2013-04-28,2013-04-28,2018-03-08,28525000,1007847000,988342000,674298000,333549000,0.945,8.623,-87924000,289076000,289076000,677294000,-8065000,4.754,0.242,40015000,0,40015000,40015000,9182000,64140000,0,0.0,0.0,-2638000,61502000,0.066,61502000,-2638000,-5227000,-0.06,-0.06,-0.06,806805000,788727750,806805000,978890495,-371,15.916,60366000,0.65,1.0,257041000,0.275,121443000,2589000,495506000,499119500,200670000,884000,0,884000,195332000,141837000,53495000,1204329495,54532000,-21525000,8567000,-3150000,0,5417000,-99175000,10495000,148290000,0,-5454000,-5454000,-5454000,0,-2611000,-0.006,262596000,-5555000,77630000,0.0,1.493,-220.816,-214.833,201442000,0,12.89,1.289,1.281,166150000,-1571960000,934335000,934335000,158784000,-0.006,-0.007,-0.005,-0.003,33594000,87684000,1.0,93431303,92860000,92860000,10.062,886404000,0,227000,0,9.473,532461000
FNSR,MRY,2014-12-31,2014-04-27,2014-04-27,2018-03-08,20025000,1497546000,1284007750,1064573000,432973000,0.901,10.478,-128708000,303101000,303101000,759834000,111537000,4.32,0.474,252268000,40015000,212253000,252268000,16659000,70149000,0,0.0,0.0,120218000,190367000,0.165,190367000,120218000,114671000,1.16,1.09,1.16,1016059000,928936500,1016059000,2547253243,21,13.381,-29593000,-0.308,1.0,396999000,0.343,140254000,5547000,1060029000,769872500,259759000,212039000,209922000,2117000,481487000,246430000,235057000,2667881243,14025000,-21155000,19141000,255554000,0,274695000,-359785000,-209922000,99115000,0,111787000,111787000,111787000,0,-250000,0.097,285584000,111415000,119439000,0.0,2.626,23.866,23.767,273328000,0,27.57,2.306,2.287,258769000,-1460173000,1156833000,1156833000,183355000,0.087,0.12,0.156,0.104,39955000,99761000,1.0,96767546,95979000,104112000,12.053,1357292000,0,2884000,0,13.997,818143000
FNSR,MRY,2015-12-31,2015-05-03,2015-05-03,2018-03-08,861000,1551882000,1533779250,1064263000,487619000,0.816,10.592,-146716000,197443000,197443000,900034000,11887000,5.178,0.406,221406000,0,221406000,221406000,9850000,92073000,0,0.0,0.0,32704000,124777000,0.1,124777000,32704000,20682000,0.12,0.11,0.12,1103793000,1069573250,1103793000,2196672522,67,17.605,-33119000,-0.327,1.0,350910000,0.281,133924000,12022000,1236404000,1193479250,283670000,295595000,292748000,2847000,448089000,205517000,242572000,2175944522,-105658000,-2728000,11715000,-337000,0,11378000,-230633000,-81189000,113597000,0,11887000,11887000,11887000,0,0,0.01,324116000,26794000,131510000,0.0,1.971,183.052,174.5,315777000,0,20.94,1.739,1.698,253884000,-1448286000,1250944000,1250944000,202089000,0.008,0.011,0.027,0.026,46613000,119034000,1.0,103913301,101408000,104970000,12.336,1417958000,0,8795000,0,13.607,858746000
FNSR,MRY,2016-12-31,2016-05-01,2016-05-01,2018-03-08,-25188000,1645371000,1597053250,1148083000,497288000,0.791,10.851,-117981000,299221000,299221000,908516000,35193000,4.919,0.409,229393000,0,229393000,229393000,13529000,94680000,0,0.0,0.0,46581000,141261000,0.112,141261000,46581000,34831000,0.33,0.32,0.33,1167686000,1126528500,1167686000,1730176808,37,12.248,65619000,0.615,1.0,354650000,0.281,125124000,11750000,1217009000,1207582000,273291000,267306000,263255000,4051000,477685000,233410000,244275000,1769945808,101778000,0,7061000,-265000,0,6796000,-88618000,29363000,183600000,0,35193000,35193000,35193000,0,0,0.028,313627000,41023000,141591000,0.0,1.516,50.293,49.879,348613000,0,16.46,1.401,1.39,293833000,-1413093000,1263166000,1263166000,203389000,0.022,0.031,0.039,0.037,47508000,106736000,1.0,107530122,106678000,108870000,11.841,1520247000,4845000,-362000,0,14.127,914673000
FNSR,MRY,2017-12-31,2017-04-30,2017-04-30,2018-03-08,-57864000,2539882000,2087531000,1908857000,631025000,0.694,14.023,-139602000,260228000,260228000,945656000,249346000,7.581,0.625,707782000,0,707782000,707782000,13015000,95219000,0,0.0,0.0,183557000,278776000,0.192,278776000,183557000,163194000,2.26,2.19,2.26,1562705000,1355177250,1562705000,3003405570,16,10.774,88230000,0.799,1.0,503647000,0.348,119755000,20363000,2615880000,1918914250,331388000,976595000,976595000,0,977177000,251801000,725376000,2544095570,-38993000,0,16890000,569068000,0,585958000,-852783000,-711296000,227832000,0,249346000,249346000,249346000,0,0,0.172,326762000,176885000,140568000,0.0,1.628,10.203,10.106,383919000,0,22.84,1.755,1.74,272377000,-1163747000,1449303000,1449303000,217914000,0.119,0.184,0.096,0.127,52598000,106086000,1.0,111387722,110405000,114097000,13.127,2420127000,107225000,-86152000,0,21.717,1657056000
