ticker,dimension,calendardate,datekey,reportperiod,lastupdated,accoci,assets,assetsavg,assetsc,assetsnc,assetturnover,bvps,capex,cashneq,cashnequsd,cor,consolinc,currentratio,de,debt,debtc,debtnc,debtusd,deferredrev,depamor,deposits,divyield,dps,ebit,ebitda,ebitdamargin,ebitdausd,ebitusd,ebt,eps,epsdil,epsusd,equity,equityavg,equityusd,ev,evebit,evebitda,fcf,fcfps,fxusd,gp,grossmargin,intangibles,intexp,invcap,invcapavg,inventory,investments,investmentsc,investmentsnc,liabilities,liabilitiesc,liabilitiesnc,marketcap,ncf,ncfbus,ncfcommon,ncfdebt,ncfdiv,ncff,ncfi,ncfinv,ncfo,ncfx,netinc,netinccmn,netinccmnusd,netincdis,netincnci,netmargin,opex,opinc,payables,payoutratio,pb,pe,pe1,ppnenet,prefdivis,price,ps,ps1,receivables,retearn,revenue,revenueusd,rnd,roa,roe,roic,ros,sbcomp,sgna,sharefactor,sharesbas,shareswa,shareswadil,sps,tangibles,taxassets,taxexp,taxliabilities,tbvps,workingcapital
FRAN,MRY,2011-12-31,2012-01-28,2012-01-28,2018-03-28,0,72312000,70574000,36041000,36271000,2.893,0.388,-16894000,14046000,14046000,97365000,22501000,1.946,3.278,22000000,0,22000000,22000000,0,4936000,0,0.0,0.0,42224000,47160000,0.231,47160000,42224000,37356000,0.53,0.52,0.53,16902000,-6616500,16902000,1009650196,23,21.409,29577000,0.703,1.0,106793000,0.523,0,4868000,61746000,87363500,14462000,0,0,0,55410000,18520000,36890000,989632196,1530000,0,44749000,-73281000,0,-28083000,-16858000,0,46471000,0,22501000,22501000,22501000,0,0,0.11,63262000,43531000,8627000,0.0,58.551,43.982,42.887,33199000,0,22.73,4.847,4.686,2156000,-60604000,204158000,204158000,0,0.319,-3.401,0.483,0.207,4222000,63262000,1.0,43538592,42087000,42948000,4.851,72312000,3304000,14855000,0,1.661,17521000
FRAN,MRY,2012-12-31,2013-02-02,2013-02-02,2018-03-28,0,113174000,94975250,59685000,53489000,3.121,1.642,-23663000,29877000,29877000,137873000,47061000,3.137,0.571,0,0,0,0,0,7151000,0,0.0,0.0,78170000,85321000,0.288,85321000,78170000,77498000,1.08,1.05,1.08,72057000,49584500,72057000,1243540609,15,14.575,33336000,0.762,1.0,158500000,0.535,0,672000,64272000,64795000,19049000,0,0,0,41117000,19025000,22092000,1256446609,15831000,0,2199000,-22000000,0,-17505000,-23663000,0,56999000,0,47061000,47061000,47061000,0,0,0.159,80560000,77940000,8358000,0.0,17.437,26.698,26.528,49559000,0,28.65,4.239,4.229,2504000,-13543000,296373000,296373000,0,0.496,0.949,1.206,0.264,1303000,80560000,1.0,43855030,43744000,44807000,6.775,113174000,5863000,30437000,0,2.579,40660000
FRAN,MRY,2013-12-31,2014-02-01,2014-02-01,2018-03-28,0,150545000,143104500,82425000,68120000,2.378,1.849,-24633000,37498000,37498000,164260000,44839000,4.115,0.928,25000000,0,25000000,25000000,0,10054000,0,0.0,0.0,74478000,84532000,0.248,84532000,74478000,73890000,1.03,1.02,1.03,78067000,84457250,78067000,791385183,10,9.362,24645000,0.568,1.0,176065000,0.517,0,588000,118017000,100951000,24614000,0,0,0,72478000,20030000,52448000,798227183,7621000,0,-45312000,24624000,0,-17122000,-24535000,0,49278000,0,44839000,44839000,44839000,0,0,0.132,101795000,74270000,10207000,0.0,10.225,17.802,18.447,64131000,0,19.0,2.345,2.421,8984000,31296000,340325000,340325000,0,0.313,0.531,0.738,0.219,-2065000,101795000,1.0,42011957,43372000,44123000,7.847,150545000,6900000,29051000,0,3.566,62395000
FRAN,MRY,2014-12-31,2015-01-31,2015-01-31,2018-03-28,0,165545000,156986250,85899000,79646000,2.405,2.582,-24255000,39071000,39071000,199919000,32108000,3.662,0.516,0,0,0,0,0,13151000,0,0.0,0.0,52862000,66013000,0.175,66013000,52862000,52239000,0.76,0.76,0.76,109214000,97833750,109214000,648013631,12,9.816,30189000,0.714,1.0,177578000,0.47,0,623000,103020000,112691500,23801000,0,0,0,56331000,23454000,32877000,670843631,1573000,0,-3938000,-25000000,0,-28629000,-24242000,0,54444000,0,32108000,32108000,32108000,0,0,0.085,124804000,52774000,11550000,0.0,6.142,20.893,20.868,74095000,0,15.86,1.777,1.775,12279000,63404000,377497000,377497000,0,0.205,0.328,0.469,0.14,2359000,124804000,1.0,42297833,42259000,42380000,8.933,165545000,8500000,20131000,0,3.914,62445000
FRAN,MRY,2015-12-31,2016-01-30,2016-01-30,2018-03-28,0,193577000,190050250,110769000,82808000,2.312,3.063,-24276000,56224000,56224000,229673000,38152000,3.616,0.532,0,0,0,0,0,16816000,0,0.0,0.0,62166000,78982000,0.18,78982000,62166000,61709000,0.91,0.91,0.91,126392000,123459500,126392000,717398490,11,9.083,38591000,0.919,1.0,209704000,0.477,0,457000,106720000,112218750,31541000,0,0,0,67185000,30633000,36552000,759413490,17153000,0,-21686000,0,0,-21450000,-24264000,0,62867000,0,38152000,38152000,38152000,0,0,0.087,147387000,62317000,14305000,0.0,6.008,19.905,20.033,77894000,0,18.23,1.728,1.743,9580000,101556000,439377000,439377000,0,0.201,0.309,0.554,0.141,2696000,147387000,1.0,41657350,42013000,42117000,10.458,193577000,10258000,23557000,0,4.691,80136000
FRAN,MRY,2016-12-31,2017-01-28,2017-01-28,2018-03-28,0,189593000,179480000,100075000,89518000,2.714,3.131,-21852000,53202000,53202000,258561000,42001000,2.862,0.627,0,0,0,0,0,19337000,0,0.0,0.0,68072000,87409000,0.179,87409000,68072000,67608000,1.09,1.09,1.09,116535000,109919750,116535000,616808333,9,7.057,50319000,1.309,1.0,228627000,0.469,0,464000,101425000,113356750,23958000,0,0,0,73058000,34966000,38092000,641533333,-3022000,0,-53341000,0,0,-53349000,-21844000,0,72171000,0,42001000,42001000,42001000,0,0,0.086,160702000,67925000,9205000,0.0,5.505,15.274,15.578,80484000,0,16.98,1.317,1.339,5605000,143557000,487188000,487188000,0,0.234,0.382,0.601,0.14,982000,160702000,1.0,37781704,38429000,38551000,12.678,189593000,15465000,25607000,0,5.093,65109000
FRAN,MRY,2017-12-31,2018-02-03,2018-02-03,2018-03-28,0,185240000,193050500,84503000,100737000,2.443,3.223,-26778000,31331000,31331000,264915000,15561000,2.604,0.619,0,0,0,0,0,21202000,0,0.0,0.0,30308000,51510000,0.109,51510000,30308000,29856000,0.43,0.43,0.43,114448000,113625250,114448000,180691226,5,3.508,-1953000,-0.054,1.0,206763000,0.438,0,452000,121454000,118950250,26816000,0,0,0,70792000,32455000,38337000,199711226,-21871000,0,-19764000,0,0,-19918000,-26778000,0,24825000,0,15561000,15561000,15561000,0,0,0.033,176801000,29962000,17801000,0.0,1.745,12.834,12.837,87702000,0,5.52,0.423,0.423,16642000,159045000,471678000,471678000,0,0.081,0.137,0.255,0.064,2430000,176801000,1.0,36179570,36168000,36300000,13.041,185240000,9413000,14295000,0,5.216,52048000
