ticker,dimension,calendardate,datekey,reportperiod,lastupdated,accoci,assets,assetsavg,assetsc,assetsnc,assetturnover,bvps,capex,cashneq,cashnequsd,cor,consolinc,currentratio,de,debt,debtc,debtnc,debtusd,deferredrev,depamor,deposits,divyield,dps,ebit,ebitda,ebitdamargin,ebitdausd,ebitusd,ebt,eps,epsdil,epsusd,equity,equityavg,equityusd,ev,evebit,evebitda,fcf,fcfps,fxusd,gp,grossmargin,intangibles,intexp,invcap,invcapavg,inventory,investments,investmentsc,investmentsnc,liabilities,liabilitiesc,liabilitiesnc,marketcap,ncf,ncfbus,ncfcommon,ncfdebt,ncfdiv,ncff,ncfi,ncfinv,ncfo,ncfx,netinc,netinccmn,netinccmnusd,netincdis,netincnci,netmargin,opex,opinc,payables,payoutratio,pb,pe,pe1,ppnenet,prefdivis,price,ps,ps1,receivables,retearn,revenue,revenueusd,rnd,roa,roe,roic,ros,sbcomp,sgna,sharefactor,sharesbas,shareswa,shareswadil,sps,tangibles,taxassets,taxexp,taxliabilities,tbvps,workingcapital
FRED,MRY,2011-12-31,2012-01-28,2012-01-28,2018-05-04,864000,631982000,635984000,435306000,196676000,2.955,11.495,-45681000,27130000,27130000,1340519000,33428000,2.469,0.492,7298000,658000,6640000,7298000,0,34190000,0,0.013,0.2,51311000,85501000,0.046,85501000,51311000,50758000,0.88,0.87,0.88,423612000,425031500,423612000,545529353,10,6.38,27649000,0.724,1.0,538540000,0.287,32191000,553000,403661000,398043250,331882000,0,0,0,208370000,176298000,32072000,558121353,-22052000,-16770000,-28031000,-514000,-7713000,-36285000,-59097000,0,73330000,0,33428000,33428000,33428000,0,0,0.018,487385000,51155000,106886000,0.227,1.318,16.696,17.125,161209000,0,15.07,0.297,0.306,63973000,317364000,1879059000,1879059000,0,0.053,0.079,0.129,0.027,2102000,453195000,1.0,37035259,38176000,38268000,49.221,599791000,0,17330000,29511000,16.275,259008000
FRED,MRY,2012-12-31,2013-02-02,2013-02-02,2018-05-04,794000,646648000,650645250,443240000,203408000,3.005,11.829,-27391000,8129000,8129000,1388943000,29629000,2.398,0.499,13504000,1263000,12241000,13504000,0,39541000,0,0.032,0.43,39078000,78619000,0.04,78619000,39078000,38529000,0.81,0.81,0.81,431272000,429567750,431272000,477539969,12,6.074,17359000,0.474,1.0,566332000,0.29,41873000,549000,425328000,416806000,353266000,0,0,0,215376000,184822000,30554000,486939969,-19001000,-20203000,-8067000,6204000,-15857000,-17750000,-46001000,0,44750000,0,29629000,29629000,29629000,0,0,0.015,527254000,39078000,115325000,0.531,1.129,16.435,16.383,158457000,0,13.27,0.249,0.248,68711000,331136000,1955275000,1955275000,0,0.046,0.069,0.094,0.02,2085000,487713000,1.0,36694798,36584000,36711000,53.446,604775000,0,8900000,28966000,16.588,258418000
FRED,MRY,2013-12-31,2014-02-01,2014-02-01,2018-05-04,703000,667786000,665813250,456232000,211554000,2.913,12.325,-25918000,6725000,6725000,1378405000,26015000,2.301,0.479,5218000,1640000,3578000,5218000,0,41047000,0,0.014,0.24,39198000,80245000,0.041,80245000,39198000,38711000,0.71,0.71,0.71,451548000,446596250,451548000,626858728,15,7.812,32943000,0.901,1.0,560841000,0.289,54580000,487000,413452000,417778750,361993000,0,0,0,216238000,198247000,17991000,643155728,-1404000,-25066000,1368000,-8285000,-8830000,-15724000,-44541000,0,58861000,0,26015000,26015000,26015000,0,0,0.013,521643000,39198000,125925000,0.338,1.424,24.722,24.62,153392000,0,17.48,0.332,0.33,74269000,348321000,1939246000,1939246000,0,0.039,0.058,0.094,0.02,1768000,480596000,1.0,36793806,36558000,36720000,53.046,613206000,0,12696000,24446000,16.738,257985000
FRED,MRY,2014-12-31,2015-01-31,2015-01-31,2018-05-04,570000,646475000,674245750,419958000,226517000,2.922,11.774,-23308000,6440000,6440000,1466256000,-28904000,2.174,0.555,6590000,4331000,2259000,6590000,0,41029000,0,0.014,0.24,-48412000,-7383000,-0.004,-7383000,-48412000,-48916000,-0.8,-0.8,-0.8,415636000,434520750,415636000,608835225,-12,-82.464,40395000,1.112,1.0,503793000,0.256,79629000,504000,373816000,394272750,315678000,0,0,0,230839000,193180000,37659000,612795225,-285000,-37605000,-462000,1371000,-8846000,-7936000,-56052000,0,63703000,0,-28904000,-28904000,-28904000,0,0,-0.015,552205000,-48412000,143250000,-0.3,1.474,-21.201,-20.75,143985000,0,16.6,0.311,0.306,84857000,310413000,1970049000,1970049000,0,-0.043,-0.067,-0.123,-0.025,2432000,511142000,1.0,36915375,36313000,36313000,54.252,566846000,0,-20012000,10615000,16.057,226778000
FRED,MRY,2015-12-31,2016-01-30,2016-01-30,2018-05-04,475000,730512000,744775000,451361000,279151000,2.612,11.003,-22800000,5917000,5917000,1412591000,-7371000,1.87,0.807,53148000,621000,52527000,53148000,0,43100000,0,0.015,0.24,-11347000,31753000,0.016,31753000,-11347000,-12778000,-0.2,-0.2,-0.2,404211000,409845250,404211000,624368717,-55,19.663,28300000,0.772,1.0,532561000,0.274,138643000,1431000,397748000,397963500,340730000,0,0,0,326301000,241352000,84949000,616195717,-523000,-7474000,2462000,33404000,-8929000,26937000,-78560000,0,51100000,0,-7371000,-7371000,-7371000,-1574000,0,-0.004,545482000,-12921000,184657000,-1.2,1.524,-83.597,-82.5,138993000,0,16.5,0.317,0.311,93220000,294140000,1945152000,1945152000,0,-0.01,-0.018,-0.029,-0.006,2247000,502382000,1.0,37345195,36675000,36675000,53.038,591869000,0,-5407000,9724000,16.111,210009000
FRED,MRY,2016-12-31,2017-01-28,2017-01-28,2018-05-04,466000,699407000,726601500,435206000,264201000,2.596,9.064,-23940000,5830000,5830000,1390560000,-66531000,2.052,1.074,128448000,60000,128388000,128448000,0,44014000,0,0.017,0.24,-76067000,-32053000,-0.017,-32053000,-76067000,-78385000,-1.8,-1.8,-1.8,337196000,373235500,337196000,599593531,-7,-18.706,-51045000,-1.384,1.0,495681000,0.263,73127000,2318000,536850000,455978750,327232000,0,0,0,362211000,212048000,150163000,527992531,-87000,-12700000,553000,69551000,-8969000,61135000,-34117000,0,-27105000,0,-66531000,-66531000,-66531000,-1594000,0,-0.035,573342000,-77661000,130658000,-0.133,1.566,-7.936,-7.839,130288000,0,14.11,0.28,0.276,72481000,218640000,1886241000,1886241000,0,-0.092,-0.178,-0.167,-0.04,8775000,529328000,1.0,37419740,36876000,36876000,51.151,626280000,0,-11854000,1974000,16.835,223158000
FRED,MRY,2017-12-31,2018-02-03,2018-02-03,2018-05-04,559000,597565000,657873500,384926000,212639000,2.744,4.877,-15753000,6573000,6573000,1346274000,-150185000,1.72,2.301,167165000,65000,167100000,167165000,0,42580000,0,0.058,0.18,-142647000,-100067000,-0.055,-100067000,-142647000,-148944000,-4.02,-4.02,-4.02,181048000,242639500,181048000,280889718,-1,-2.807,-25627000,-0.685,1.0,459131000,0.254,54888000,6297000,479442000,480877000,279175000,0,0,0,416517000,223827000,192690000,117743718,743000,-1718000,-5014000,38444000,-6847000,26583000,-15966000,0,-9874000,0,-150185000,-150185000,-150185000,10918000,0,-0.083,590860000,-131729000,129213000,-0.045,0.65,-0.784,-0.766,115466000,0,3.08,0.065,0.064,69220000,61514000,1805405000,1805405000,0,-0.228,-0.619,-0.297,-0.079,4619000,548280000,1.0,38228480,37392000,37392000,48.283,542677000,0,1241000,0,14.618,161099000
