ticker,dimension,calendardate,datekey,reportperiod,lastupdated,accoci,assets,assetsavg,assetsc,assetsnc,assetturnover,bvps,capex,cashneq,cashnequsd,cor,consolinc,currentratio,de,debt,debtc,debtnc,debtusd,deferredrev,depamor,deposits,divyield,dps,ebit,ebitda,ebitdamargin,ebitdausd,ebitusd,ebt,eps,epsdil,epsusd,equity,equityavg,equityusd,ev,evebit,evebitda,fcf,fcfps,fxusd,gp,grossmargin,intangibles,intexp,invcap,invcapavg,inventory,investments,investmentsc,investmentsnc,liabilities,liabilitiesc,liabilitiesnc,marketcap,ncf,ncfbus,ncfcommon,ncfdebt,ncfdiv,ncff,ncfi,ncfinv,ncfo,ncfx,netinc,netinccmn,netinccmnusd,netincdis,netincnci,netmargin,opex,opinc,payables,payoutratio,pb,pe,pe1,ppnenet,prefdivis,price,ps,ps1,receivables,retearn,revenue,revenueusd,rnd,roa,roe,roic,ros,sbcomp,sgna,sharefactor,sharesbas,shareswa,shareswadil,sps,tangibles,taxassets,taxexp,taxliabilities,tbvps,workingcapital
FRS,MRY,2011-12-31,2011-05-31,2011-05-31,2017-05-08,-5726555,196026756,193673227,14860011,181166745,1.042,25.423,-16726299,2315948,2315948,179081002,9472589,0.511,0.562,32269827,8019920,24249907,32269827,0,9932748,0,0.027,0.58,13771243,23703991,0.118,23703991,13771243,12189038,1.88,1.87,1.88,125527892,123294600,125527892,134493700,9,5.674,12616931,2.555,1.0,22635894,0.112,791658,1582205,196089318,192127064,4939553,0,0,0,70498864,29099659,41399205,107294678,1798106,0,792179,-5914435,-2924758,-7823718,-19721406,0,29343230,0,9472589,9472589,9472589,0,0,0.047,11232684,11403210,10034831,0.309,0.855,11.327,11.559,176767743,0,21.73,0.532,0.532,1997428,96249483,201716896,201716896,0,0.049,0.077,0.072,0.068,197626,12516692,1.0,4937629,4937629,,40.853,195235098,3804953,2716449,1862,39.54,-14239648
FRS,MRY,2012-12-31,2012-05-29,2012-05-29,2017-05-08,-9006202,179968781,188239731,59927580,120041201,1.089,24.651,-10270000,49455349,49455349,183568000,2148000,2.703,0.478,22727433,6755320,15972113,22727433,0,10273000,0,0.023,0.63,4776000,15049000,0.073,15049000,4776000,3362000,0.44,0.43,0.44,121724835,124044949,121724835,157755773,33,10.483,13513000,2.737,1.0,21515000,0.105,777420,1414000,130288659,172266619,5589553,0,0,0,58243946,22174786,36069160,136285074,43646000,0,136000,-10185000,-3108000,-13153000,33016000,0,23783000,0,2148000,2148000,2148000,3653000,0,0.01,13086000,8429000,6293007,1.432,1.12,63.447,62.727,113622760,0,27.6,0.665,0.665,1683123,95289648,205083000,205083000,0,0.011,0.017,0.028,0.023,935000,13379000,1.0,4937865,4937865,,41.533,179191361,5450362,1214000,128490,36.289,37752794
FRS,MRY,2013-12-31,2013-05-28,2013-05-28,2017-05-08,-4324000,128712000,130908484,14421000,114291000,1.556,16.525,-7157000,4256000,4256000,181159000,6591000,0.749,0.539,14446000,4846000,9600000,14446000,0,10388000,0,0.591,10.14,9943000,20331000,0.1,20331000,9943000,8979000,1.31,1.31,1.31,83655000,78149653,83655000,101620320,10,4.998,11906000,2.352,1.0,22553000,0.111,775000,964000,118867000,123733742,5765000,0,0,0,45057000,19260000,25797000,86821103,-41925000,0,7520000,-13603000,-51181000,-56847000,-4141000,0,19063000,0,6591000,6591000,6591000,158000,0,0.032,12452000,10101000,5879000,7.74,1.038,13.173,13.092,102145000,0,17.15,0.426,0.426,1297000,50925000,203712000,203712000,0,0.05,0.084,0.08,0.049,84000,13424000,1.0,5062455,5062455,,40.24,127937000,2417000,2388000,254000,25.272,-4839000
FRS,MRY,2014-12-31,2014-06-03,2014-06-03,2017-05-08,-174000,128954000,129917000,13314000,115640000,1.61,18.288,-11617000,1124000,1124000,187297000,9472000,0.704,0.383,6733000,1996000,4737000,6733000,0,10721000,0,0.03,0.7,10911000,21632000,0.103,21632000,10911000,10325000,1.86,1.86,1.86,93253000,88110000,93253000,130989727,12,6.055,9798000,1.922,1.0,21876000,0.105,773000,586000,114881000,119198000,5637000,0,0,0,35701000,18909000,16792000,120081727,-1811000,0,186000,-8043000,-3560000,-11398000,-11828000,0,21415000,0,9472000,9472000,9472000,0,0,0.045,10965000,10911000,7594000,0.376,1.288,12.678,12.661,104862000,0,23.55,0.574,0.574,1900000,55708000,209173000,209173000,0,0.073,0.108,0.092,0.052,545000,12539000,1.0,5099012,5099012,,41.022,128181000,3393000,853000,2340000,25.138,-5595000
FRS,MRY,2015-12-31,2015-06-02,2015-06-02,2017-05-08,-103000,129011000,129188250,16819000,112192000,1.64,19.489,-3892000,4959000,4959000,185613000,9955000,0.946,0.29,0,0,0,0,0,10427000,0,0.023,0.78,13372000,23799000,0.112,23799000,13372000,13002000,1.94,1.94,1.94,100010000,97473000,100010000,171152691,12,7.192,14908000,2.905,1.0,26280000,0.124,770000,370000,105498000,109501250,6267000,0,0,0,29001000,17784000,11217000,173498691,3835000,0,463000,-7046000,-3995000,-10571000,-4394000,0,18800000,0,9955000,9955000,9955000,0,0,0.047,12908000,13372000,6248000,0.402,1.735,17.428,17.428,101360000,0,33.81,0.819,0.819,2218000,61668000,211893000,211893000,0,0.077,0.102,0.122,0.063,313000,16725000,1.0,5131579,5131579,,41.292,128241000,2263000,3047000,3306000,24.991,-965000
