ticker,dimension,calendardate,datekey,reportperiod,lastupdated,accoci,assets,assetsavg,assetsc,assetsnc,assetturnover,bvps,capex,cashneq,cashnequsd,cor,consolinc,currentratio,de,debt,debtc,debtnc,debtusd,deferredrev,depamor,deposits,divyield,dps,ebit,ebitda,ebitdamargin,ebitdausd,ebitusd,ebt,eps,epsdil,epsusd,equity,equityavg,equityusd,ev,evebit,evebitda,fcf,fcfps,fxusd,gp,grossmargin,intangibles,intexp,invcap,invcapavg,inventory,investments,investmentsc,investmentsnc,liabilities,liabilitiesc,liabilitiesnc,marketcap,ncf,ncfbus,ncfcommon,ncfdebt,ncfdiv,ncff,ncfi,ncfinv,ncfo,ncfx,netinc,netinccmn,netinccmnusd,netincdis,netincnci,netmargin,opex,opinc,payables,payoutratio,pb,pe,pe1,ppnenet,prefdivis,price,ps,ps1,receivables,retearn,revenue,revenueusd,rnd,roa,roe,roic,ros,sbcomp,sgna,sharefactor,sharesbas,shareswa,shareswadil,sps,tangibles,taxassets,taxexp,taxliabilities,tbvps,workingcapital
FRX,MRY,2011-12-31,2011-03-31,2011-03-31,2017-03-26,7996000,6922454000,6398749000,5259673000,1662781000,0.686,19.091,-38463000,2137838000,2137838000,963981000,1046770000,5.608,0.259,0,0,0,0,0,73012000,0,0.0,0.0,1337736000,1410748000,0.321,1410748000,1337736000,1337736000,3.6,3.59,3.6,5498880000,4982699000,5498880000,7691716923,5,5.452,1109498000,3.812,1.0,3426151000,0.78,740459000,0,3106299000,3108749000,451365000,2243220000,1713303000,529917000,1423574000,937858000,485716000,9240771923,274354000,0,-505593000,0,0,-506340000,-369221000,-41357000,1147961000,1954000,1046770000,1046770000,1046770000,0,0,0.238,2117983000,1308168000,190767000,0.0,1.68,8.828,8.972,319766000,0,32.3,2.105,2.141,535486000,8108389000,4390132000,4390132000,715872000,0.164,0.21,0.43,0.305,64242000,1402111000,1.0,286092010,291058000,291175000,15.083,6181995000,288772000,290966000,485716000,21.463,4321815000
FRX,MRY,2012-12-31,2012-03-31,2012-03-31,2017-03-26,-2934000,7491755000,7277511500,3586195000,3905560000,0.625,21.179,-80545000,1579515000,1579515000,998087000,979058000,3.986,0.32,0,0,0,0,0,121857000,0,0.0,0.0,1237688000,1359545000,0.299,1359545000,1237688000,1237688000,3.58,3.57,3.58,5676817000,5398554750,5676817000,7640445082,6,5.62,1361682000,4.978,1.0,3549675000,0.781,2817139000,0,2195315000,2384506000,298118000,1570922000,847555000,723367000,1814938000,899786000,915152000,9211317082,-558323000,-1262651000,-849526000,0,0,-849508000,-1141658000,670902000,1442227000,-9384000,979058000,979058000,979058000,0,0,0.215,2350269000,1199406000,154275000,0.0,1.623,9.408,9.69,360020000,0,34.69,2.025,2.087,471784000,9087447000,4547762000,4547762000,796932000,0.135,0.181,0.519,0.272,59317000,1553337000,1.0,265532346,273561000,274016000,16.624,4674616000,246451000,258630000,860410000,17.44,2686409000
FRX,MRY,2013-12-31,2013-03-31,2013-03-31,2017-03-26,10116000,7629582000,7524591250,2947786000,4681796000,0.411,21.572,-64384000,935675000,935675000,649083000,-32103000,2.955,0.328,0,0,0,0,0,147269000,0,0.0,0.0,-44858000,102411000,0.033,102411000,-44858000,-44858000,-0.12,-0.12,-0.12,5745255000,5736079500,5745255000,9180549717,-204,89.644,70730000,0.265,1.0,2444919000,0.79,2840730000,0,2855486000,2563213750,393901000,2088622000,739198000,1349424000,1884327000,997691000,886636000,10129452717,-643840000,0,20959000,0,0,22766000,-804786000,-507325000,135114000,3066000,-32103000,-32103000,-32103000,0,0,-0.01,2521900000,-76981000,157349000,0.0,1.763,-315.53,-317.0,376960000,0,38.04,3.274,3.28,478032000,9055344000,3094002000,3094002000,963594000,-0.004,-0.006,-0.018,-0.014,64725000,1558306000,1.0,266284246,266807000,266807000,11.596,4788852000,266455000,-12755000,850556000,17.981,1950095000
FRX,MRY,2014-12-31,2014-03-31,2014-03-31,2017-03-26,12109000,12017531000,9105459250,4123712000,7893819000,0.401,22.721,-104097000,1780036000,1780036000,760642000,165310000,2.73,0.949,3000000000,0,3000000000,3000000000,0,310652000,0,0.0,0.0,81568000,392220000,0.108,392220000,81568000,81568000,0.61,0.61,0.61,6165564000,5965372250,6165564000,23879129335,292,60.882,366806000,1.363,1.0,2886257000,0.791,6209447000,0,5517379000,3896429750,612664000,1543155000,373014000,1170141000,5851967000,1510669000,4341298000,25001562335,844361000,-2900000000,163544000,3000000000,0,3142980000,-2772098000,559702000,470903000,2576000,165310000,165310000,165310000,0,0,0.045,2774505000,111752000,221025000,0.0,4.055,151.24,151.262,371815000,0,92.27,6.856,6.809,576854000,9220654000,3646899000,3646899000,788276000,0.018,0.028,0.021,0.022,69051000,1986229000,1.0,270960901,269129000,272947000,13.551,5808084000,313237000,-83742000,1270997000,21.404,2613043000
