ticker,dimension,calendardate,datekey,reportperiod,lastupdated,accoci,assets,assetsavg,assetsc,assetsnc,assetturnover,bvps,capex,cashneq,cashnequsd,cor,consolinc,currentratio,de,debt,debtc,debtnc,debtusd,deferredrev,depamor,deposits,divyield,dps,ebit,ebitda,ebitdamargin,ebitdausd,ebitusd,ebt,eps,epsdil,epsusd,equity,equityavg,equityusd,ev,evebit,evebitda,fcf,fcfps,fxusd,gp,grossmargin,intangibles,intexp,invcap,invcapavg,inventory,investments,investmentsc,investmentsnc,liabilities,liabilitiesc,liabilitiesnc,marketcap,ncf,ncfbus,ncfcommon,ncfdebt,ncfdiv,ncff,ncfi,ncfinv,ncfo,ncfx,netinc,netinccmn,netinccmnusd,netincdis,netincnci,netmargin,opex,opinc,payables,payoutratio,pb,pe,pe1,ppnenet,prefdivis,price,ps,ps1,receivables,retearn,revenue,revenueusd,rnd,roa,roe,roic,ros,sbcomp,sgna,sharefactor,sharesbas,shareswa,shareswadil,sps,tangibles,taxassets,taxexp,taxliabilities,tbvps,workingcapital
FSFG,MRY,2011-12-31,2011-09-30,2011-09-30,2018-05-11,3354000,537086000,522141500,,,0.042,35.571,-1562000,27203000,27203000,0,4014000,,6.011,69870000,,,69870000,0,903000,387626000,0.0,0.0,5693000,6596000,0.3,6596000,5693000,5693000,1.82,1.78,1.82,76601000,61200250,76601000,113843739,19,17.26,9445000,4.405,1.0,22001000,1.0,8094000,0,571659000,581311000,0,485463000,,,460485000,,,36660739,15925000,0,-679000,-14362000,0,23544000,-18626000,-18264000,11007000,0,4014000,3899000,3899000,0,0,0.177,16308000,5693000,0,0.0,0.479,9.403,8.516,10444000,115000,15.5,1.666,1.511,0,35801000,22001000,22001000,0,0.007,0.064,0.01,0.259,677000,11984000,1.0,2365209,2144141,2189472,10.261,528992000,0,1679000,0,245.643,
FSFG,MRY,2012-12-31,2012-09-30,2012-09-30,2018-05-11,5609000,638913000,578609750,,,0.04,38.115,-5394000,38791000,38791000,0,4287000,,6.705,57145000,,,57145000,0,996000,494234000,0.0,0.0,5745000,6741000,0.29,6741000,5745000,5745000,1.9,1.85,1.9,82926000,80028750,82926000,130506829,22,19.36,-1066000,-0.493,1.0,23209000,1.0,10349000,0,646918000,624128500,0,567611000,,,555987000,,,46011829,11588000,80632000,-743000,-12725000,0,-23645000,30905000,-44801000,4328000,0,4287000,4116000,4116000,0,0,0.177,17464000,5745000,0,0.0,0.555,11.179,10.263,15445000,171000,19.5,1.982,1.818,0,39917000,23209000,23209000,0,0.007,0.051,0.009,0.248,664000,12906000,1.0,2359581,2163552,2230188,10.727,628564000,0,1458000,0,288.907,
FSFG,MRY,2013-12-31,2013-09-30,2013-09-30,2018-05-11,1468000,660455000,655566000,,,0.039,37.692,-7472000,22315000,22315000,0,4696000,,7.03,96363000,,,96363000,0,1241000,477726000,0.031,0.7,6507000,7748000,0.302,7748000,6507000,6507000,2.09,1.99,2.09,82253000,83005250,82253000,114057832,17,14.721,3850000,1.775,1.0,25639000,1.0,10005000,0,724498000,703267000,0,601001000,,,578202000,,,52047832,-17976000,0,-625000,39218000,-1572000,20342000,-49640000,-39920000,11322000,0,4696000,4525000,4525000,0,0,0.176,19132000,6507000,0,0.335,0.633,11.502,10.766,22020000,171000,22.5,2.03,1.903,0,42870000,25639000,25639000,0,0.007,0.055,0.009,0.254,1063000,14405000,1.0,2313237,2168770,2269063,11.822,650450000,0,1811000,0,298.066,
FSFG,MRY,2014-12-31,2014-09-30,2014-09-30,2018-05-11,3853000,713129000,701513250,,,0.04,41.472,-558000,21830000,21830000,0,5390000,,7.189,86446000,,,86446000,0,1445000,533194000,0.017,0.43,7467000,8912000,0.321,8912000,7467000,7467000,2.46,2.34,2.46,87080000,84627000,87080000,119939203,16,13.458,7570000,3.566,1.0,27739000,1.0,9661000,0,768084000,764066000,0,654130000,,,626049000,,,54348203,-485000,0,-3127000,-9917000,-914000,41339000,-49952000,-44394000,8128000,0,5390000,5219000,5219000,0,0,0.188,20272000,7467000,0,0.175,0.624,10.414,10.146,21477000,171000,24.96,1.959,1.91,0,47175000,27739000,27739000,0,0.007,0.062,0.01,0.269,1127000,15359000,1.0,2177412,2122880,2229314,13.067,703468000,0,2077000,0,335.029,
FSFG,MRY,2015-12-31,2015-09-30,2015-09-30,2018-05-11,4210000,749946000,732715500,,,0.04,43.646,-548000,28094000,28094000,0,6751000,,6.948,111724000,,,111724000,0,1452000,533297000,0.014,0.47,8327000,9779000,0.333,9779000,8327000,8327000,3.07,2.93,3.07,94357000,91879750,94357000,151899340,18,15.533,-1111000,-0.519,1.0,29326000,1.0,9317000,0,824259000,801416000,0,680393000,,,655589000,,,74239340,4664000,0,27000,25278000,-995000,24242000,-19015000,-18892000,-563000,0,6751000,6580000,6580000,0,0,0.224,20999000,8327000,0,0.153,0.787,11.283,11.075,20917000,171000,34.0,2.532,2.482,0,52760000,29326000,29326000,0,0.009,0.072,0.01,0.284,1108000,16351000,1.0,2183510,2140632,2247966,13.7,740629000,0,1576000,0,342.589,
FSFG,MRY,2016-12-31,2016-09-30,2016-09-30,2018-05-11,5944000,796516000,771548000,,,0.036,39.181,1513000,32442000,32442000,0,7911000,,8.2,123992000,,,123992000,0,1461000,579467000,0.014,0.51,5589000,7050000,0.252,7050000,5589000,5589000,3.57,3.41,3.57,86580000,87083750,86580000,163390097,29,23.176,10707000,4.866,1.0,28024000,1.0,8973000,0,879093000,844842000,0,736146000,,,709936000,,,79725097,4348000,0,169000,12268000,-1110000,40315000,-45161000,-48238000,9194000,0,7911000,7849000,7849000,0,0,0.28,22435000,5589000,0,0.143,0.921,10.157,10.129,11674000,62000,36.16,2.845,2.839,0,59499000,28024000,28024000,0,0.01,0.09,0.007,0.199,628000,17688000,1.0,2204787,2200258,2303628,12.737,787543000,0,-2322000,0,356.398,
FSFG,MRY,2017-12-31,2017-09-30,2017-09-30,2018-05-11,4158000,891133000,857094000,,,0.043,41.845,-407000,36694000,36694000,0,9313000,,8.57,120625000,,,120625000,0,1164000,669382000,0.01,0.55,11833000,12997000,0.353,12997000,11833000,11833000,4.2,3.97,4.2,93115000,89301250,93115000,178441043,15,13.729,-2626000,-1.183,1.0,36784000,1.0,8629000,0,966435000,923114000,0,825476000,,,798018000,,,119747043,4917000,0,62000,-3367000,-1229000,85381000,-78245000,-77838000,-2219000,0,9313000,9313000,9313000,0,0,0.253,24951000,11833000,0,0.131,1.286,12.858,12.714,11270000,0,53.4,3.255,3.221,0,67583000,36784000,36784000,0,0.011,0.104,0.013,0.322,176000,19772000,1.0,2242454,2219088,2346008,16.576,882504000,0,2520000,0,396.586,
