ticker,dimension,calendardate,datekey,reportperiod,lastupdated,accoci,assets,assetsavg,assetsc,assetsnc,assetturnover,bvps,capex,cashneq,cashnequsd,cor,consolinc,currentratio,de,debt,debtc,debtnc,debtusd,deferredrev,depamor,deposits,divyield,dps,ebit,ebitda,ebitdamargin,ebitdausd,ebitusd,ebt,eps,epsdil,epsusd,equity,equityavg,equityusd,ev,evebit,evebitda,fcf,fcfps,fxusd,gp,grossmargin,intangibles,intexp,invcap,invcapavg,inventory,investments,investmentsc,investmentsnc,liabilities,liabilitiesc,liabilitiesnc,marketcap,ncf,ncfbus,ncfcommon,ncfdebt,ncfdiv,ncff,ncfi,ncfinv,ncfo,ncfx,netinc,netinccmn,netinccmnusd,netincdis,netincnci,netmargin,opex,opinc,payables,payoutratio,pb,pe,pe1,ppnenet,prefdivis,price,ps,ps1,receivables,retearn,revenue,revenueusd,rnd,roa,roe,roic,ros,sbcomp,sgna,sharefactor,sharesbas,shareswa,shareswadil,sps,tangibles,taxassets,taxexp,taxliabilities,tbvps,workingcapital
FULL,MRY,2011-12-31,2011-06-30,2011-06-30,2017-04-14,-1796547,88495049,94715886,,,0.084,9.186,0,2065943,2065943,2099723,2882314,,0.567,0,,,0,0,0,0,0.095,0.75,3411811,3411811,0.429,3411811,3411811,2885829,0.56,0.56,0.56,56474006,57315123,56474006,49105666,14,14.393,16541315,3.21,1.0,5859914,0.736,0,525982,86429106,77565839,0,82794117,,,32021043,,,49133117,2064488,0,16650000,-27476232,-3021399,-14476827,0,0,16541315,0,2882314,2882314,2882314,0,0,0.362,996038,4863876,28131061,1.339,0.87,17.046,14.107,0,0,7.9,6.173,5.114,680527,3948,7959637,7959637,0,0.03,0.05,0.044,0.429,0,1090233,1.0,6219382,5152573,5152573,1.545,88495049,0,3515,0,14.395,
FULL,MRY,2012-12-31,2012-06-30,2012-06-30,2017-04-14,-3776512,99449379,104141292,,,0.094,8.593,0,639149,639149,2384431,2678172,,0.861,18544660,,,18544660,0,0,0,0.12,0.92,3567227,3567227,0.363,3567227,3567227,2678172,0.43,0.43,0.43,53442785,55295895,53442785,57113277,16,16.011,-13293604,-2.137,1.0,7442580,0.757,0,889055,117354890,116310488,0,94846770,,,46006594,,,47578272,-1426794,0,0,18544660,-6629862,11866810,0,0,-13293604,0,2678172,2678172,2678172,0,0,0.273,1720022,5722558,23817545,2.14,0.89,17.765,17.791,0,0,7.65,4.842,4.842,913851,-298129,9827011,9827011,0,0.026,0.048,0.031,0.363,0,1324211,1.0,6219382,6219382,6219382,1.58,99449379,0,0,0,15.99,
FULL,MRY,2013-12-31,2013-06-30,2013-06-30,2017-04-14,-1140202,113063839,107973476,,,0.112,8.014,0,18029115,18029115,2771684,3801143,,0.864,46729672,,,46729672,0,0,0,0.108,0.85,5660007,5660007,0.47,5660007,5660007,3805512,0.54,0.54,0.54,60644039,58722652,60644039,82114309,14,14.508,-10361589,-1.476,1.0,9274339,0.77,0,1854495,141764396,130565312,0,88174501,,,52419800,,,59798117,17389966,0,10665000,24797136,-6474359,27751555,0,0,-10361589,0,3801143,3801143,3801143,0,0,0.316,2034894,7239445,1916677,1.574,0.986,15.732,14.63,0,0,7.9,4.964,4.603,3539409,-4611032,12046023,12046023,0,0.035,0.065,0.043,0.47,0,1526203,1.0,7569382,7018286,7018286,1.716,113063839,0,4369,0,14.941,
FULL,MRY,2014-12-31,2014-06-30,2014-06-30,2017-04-14,-13844816,155336425,121978225,,,0.113,7.11,0,0,0,3143056,-7622395,,1.128,29454367,,,29454367,0,0,0,0.11,0.86,-4928908,-4928908,-0.357,-4928908,-4928908,-7622395,-0.88,-0.88,-0.88,72980277,63997390,72980277,93099575,-18,-18.888,-20657837,-2.375,1.0,10680637,0.773,0,2693487,184790792,150324637,0,150190759,,,82356148,,,78816036,-18029115,0,28412404,-14046766,-7376190,2628722,0,0,-20657837,0,-7622395,-7622395,-7622395,0,0,-0.551,1956429,8724208,51604296,-0.977,1.08,-10.34,-8.875,0,0,7.81,5.702,4.915,1156287,-5393003,13823693,13823693,0,-0.062,-0.119,-0.033,-0.357,0,1420649,1.0,10091682,8698814,8698814,1.589,155336425,0,0,0,15.134,
FULL,MRY,2015-12-31,2015-06-30,2015-06-30,2017-04-14,-20082144,160724982,153208939,,,0.116,6.751,0,3736563,3736563,2657215,-5200728,,0.608,32970488,,,32970488,0,0,10380000,0.199,0.71,-895170,-895170,-0.05,-895170,-895170,-5200728,-0.35,-0.35,-0.35,99938567,85665774,99938567,141780747,-158,-158.384,-31406208,-2.122,1.0,15092128,0.85,0,4305558,189958907,209188843,0,152113759,,,60786415,,,82950485,3736563,0,43246786,3387055,-9598431,35142771,0,0,-31406208,0,-5200728,-5200728,-5200728,0,0,-0.293,2173498,12918630,16943334,-2.029,0.83,-15.95,-10.2,0,0,3.57,4.673,2.978,2705877,-12698710,17749343,17749343,0,-0.034,-0.061,-0.004,-0.05,0,1613967,1.0,23235430,14803637,14803637,1.199,160724982,0,0,0,10.857,
FULL,MRY,2016-12-31,2016-06-30,2016-06-30,2017-04-14,-14726502,115859694,127693961,,,0.129,3.59,0,33390695,33390695,2287980,-9700162,,0.436,33105977,,,33105977,0,0,0,0.093,0.25,-5900211,-5900211,-0.358,-5900211,-5900211,-9700162,-0.43,-0.43,-0.43,80670495,84297969,80670495,73968707,-12,-12.537,40101401,1.769,1.0,14170413,0.861,0,3799951,115574976,148749259,0,81122215,,,35189199,,,60675056,29654132,0,-2422384,0,-7958766,-10447269,0,0,40101401,0,-9700162,-9700162,-9700162,0,0,-0.589,4079613,10090800,392854,-0.581,0.752,-6.255,-6.279,0,0,2.7,3.687,3.718,1087415,-32912384,16458393,16458393,0,-0.076,-0.115,-0.04,-0.358,0,3496447,1.0,22472243,22662947,22662947,0.726,115859694,0,0,0,5.155,
