ticker,dimension,calendardate,datekey,reportperiod,lastupdated,accoci,assets,assetsavg,assetsc,assetsnc,assetturnover,bvps,capex,cashneq,cashnequsd,cor,consolinc,currentratio,de,debt,debtc,debtnc,debtusd,deferredrev,depamor,deposits,divyield,dps,ebit,ebitda,ebitdamargin,ebitdausd,ebitusd,ebt,eps,epsdil,epsusd,equity,equityavg,equityusd,ev,evebit,evebitda,fcf,fcfps,fxusd,gp,grossmargin,intangibles,intexp,invcap,invcapavg,inventory,investments,investmentsc,investmentsnc,liabilities,liabilitiesc,liabilitiesnc,marketcap,ncf,ncfbus,ncfcommon,ncfdebt,ncfdiv,ncff,ncfi,ncfinv,ncfo,ncfx,netinc,netinccmn,netinccmnusd,netincdis,netincnci,netmargin,opex,opinc,payables,payoutratio,pb,pe,pe1,ppnenet,prefdivis,price,ps,ps1,receivables,retearn,revenue,revenueusd,rnd,roa,roe,roic,ros,sbcomp,sgna,sharefactor,sharesbas,shareswa,shareswadil,sps,tangibles,taxassets,taxexp,taxliabilities,tbvps,workingcapital
GASS,MRY,2011-12-31,2011-12-31,2011-12-31,2018-04-28,72718,695710151,692043275,56521743,639188408,0.171,14.974,-29980157,50493666,50493666,57830864,8549791,1.008,1.222,351068181,33958710,317109471,351068181,2789186,27562120,275000,0.0,0.0,17060307,44622427,0.377,44622427,17060307,8549791,0.41,0.41,0.41,313098027,309674389,313098027,392255922,22,8.791,12395561,0.593,1.0,60449888,0.511,0,8510516,940183811,939542416,2416108,1300000,0,1300000,382612124,56100855,326511269,81462266,13742208,0,-2234214,5982232,0,2953018,-31593396,0,42375718,6868,8549791,8549791,8549791,0,0,0.072,40623581,19826307,14328797,0.0,0.26,9.528,9.415,637102069,0,3.86,0.689,0.682,2062061,37058140,118280752,118280752,0,0.012,0.028,0.018,0.144,4071,7407283,1.0,21104214,20909154,20909154,5.657,695710151,0,0,0,33.273,420888
GASS,MRY,2012-12-31,2012-12-31,2012-12-31,2018-04-28,18378,713039031,704374591,56263407,656775624,0.169,16.642,-44497926,49613655,49613655,45363120,28958487,1.008,1.085,345352312,35787544,309564768,345352312,3129671,28776688,280000,0.0,0.0,38366717,67143405,0.563,67143405,38366717,28958487,1.41,1.41,1.41,342033442,327565734,342033442,463556379,12,6.904,3943050,0.192,1.0,73849951,0.619,0,9408230,952968974,946576392,3152407,1300000,0,1300000,371005589,55808714,315196875,162981864,-1266303,0,0,-5715869,0,-5710869,-43898116,0,48440976,-98294,28958487,28958487,28958487,0,0,0.243,34558758,39291193,13216425,0.0,0.477,5.628,5.624,653955716,0,7.93,1.367,1.367,3286541,66016627,119213071,119213071,0,0.041,0.088,0.041,0.322,31268,7154479,1.0,20552568,20552568,20552568,5.8,713039031,0,0,0,34.693,454693
GASS,MRY,2013-12-31,2013-12-31,2013-12-31,2018-04-28,-49471,850984743,782011887,97885057,753099686,0.155,16.716,-124406294,89740419,89740419,53986434,21217193,1.552,0.801,352868622,41263165,311605457,352868622,6246429,30761673,0,0.0,0.0,29406668,60168341,0.495,60168341,29406668,21217193,0.75,0.75,0.75,472594443,407313942,472594443,505931139,17,8.409,-75278919,-2.663,1.0,67495131,0.556,0,8189475,1051042702,1002005838,2461093,2300000,0,2300000,378390300,63070244,315320056,210192482,43945517,0,109119029,7516310,0,114608308,-119786421,0,49127375,-3745,21217193,21217193,21217193,0,0,0.175,38385080,29110051,13161905,0.0,0.445,9.907,13.587,747600337,0,10.19,1.73,2.371,5550866,87233820,121481565,121481565,0,0.027,0.052,0.029,0.242,292628,7623407,1.0,20627329,28271746,28271746,4.297,850984743,0,0,0,30.1,34814813
GASS,MRY,2014-12-31,2014-12-31,2014-12-31,2018-04-28,-293020,944358260,897671501,139742461,804615799,0.147,15.071,-91917252,132011480,132011480,60309332,12685826,2.077,0.594,323982310,42125662,281856648,323982310,7064756,33811607,0,0.0,0.0,22000365,55811972,0.423,55811972,22000365,12685826,0.32,0.32,0.32,592390274,532492358,592390274,465851648,21,8.347,-36679517,-0.933,1.0,71663560,0.543,0,9314539,1069039216,1060040959,2958666,2500000,0,2500000,351967986,67289874,284678112,202723445,42896286,0,107513520,-27364769,0,79018076,-91107863,0,55237735,-251662,12685826,12685826,12685826,0,0,0.096,48632958,23030602,13785489,0.0,0.342,15.98,19.719,800317930,0,6.31,1.536,1.879,3614806,99919646,131972892,131972892,0,0.014,0.024,0.021,0.167,357967,8652604,1.0,32127329,39305644,39305644,3.358,944358260,0,0,0,24.026,72452587
GASS,MRY,2015-12-31,2015-12-31,2015-12-31,2018-04-28,-393288,1037874170,991116215,123372369,914501801,0.143,14.112,-153062442,113518723,113518723,74130028,2566678,1.19,0.78,422162554,74928451,347234103,422162554,5423533,35857507,2556700,0.0,0.0,12951939,48809446,0.345,48809446,12951939,2566678,0.06,0.06,0.06,583051160,587720717,583051160,340604294,26,6.978,-105007846,-2.542,1.0,67185853,0.475,0,10385261,1242803875,1155921545,2916254,5146877,0,5146877,454823010,103714126,351108884,147111921,-15845880,0,-13429891,99156412,0,87899271,-151799747,0,48054596,0,2566678,2566678,2566678,0,0,0.018,54170704,13015149,17517730,0.0,0.252,57.316,57.167,909552996,0,3.43,1.041,1.003,4972363,102486324,141315881,141315881,0,0.003,0.004,0.011,0.092,1140084,10107461,1.0,42889773,41315127,41315127,3.42,1037874170,0,0,0,25.121,19658243
GASS,MRY,2016-12-31,2016-12-31,2016-12-31,2018-04-28,25435,1001942344,1019908257,76478045,925464299,0.141,14.413,-54685581,68356935,68356935,81880718,-7798300,0.94,0.746,397885589,54593715,343291874,397885589,4856122,39096589,2556700,0.0,0.0,6469848,45566437,0.316,45566437,6469848,-7798300,-0.2,-0.2,-0.2,573975304,578513232,573975304,445593575,68,9.779,-18531493,-0.465,1.0,62251465,0.432,0,14268148,1250104392,1246454133,2809123,5174710,0,5174710,427967040,81366606,346600434,136949744,-45133955,0,-2070306,-24430352,0,-27213272,-54074771,0,36154088,0,-7798300,-7798300,-7798300,0,0,-0.054,55169837,7081628,16619200,0.0,0.239,-17.561,-16.9,919485540,0,3.38,0.95,0.934,4033630,94688024,144132183,144132183,0,-0.008,-0.013,0.005,0.045,340377,10456589,1.0,40517676,39824038,39824038,3.619,1001942344,0,0,0,25.159,-4888561
GASS,MRY,2017-12-31,2017-12-31,2017-12-31,2018-04-28,617895,996226191,999084267,62838725,933387466,0.154,14.406,-49132931,54985454,54985454,82189788,-1218237,0.798,0.737,384908448,41966607,342941841,384908448,4366091,38921672,2556700,0.0,0.0,15443227,54364899,0.352,54364899,15443227,-1218237,-0.03,-0.03,-0.03,573478772,573727038,573478772,503320708,32,9.258,3221122,0.081,1.0,72122133,0.467,0,16661464,1247400254,1248752323,2762299,7917738,0,7917738,422747419,78748931,343998488,173792054,-10628453,0,0,-13254073,0,-14069329,-48913177,0,52354053,0,-1218237,-1218237,-1218237,0,0,-0.008,56623570,15498563,24719089,0.0,0.303,-142.659,-145.333,923639724,0,4.36,1.126,1.125,4113018,93469787,154311921,154311921,0,-0.001,-0.002,0.012,0.1,129245,10104448,1.0,39860563,39809364,39809364,3.876,996226191,0,0,0,25.025,-15910206
