ticker,dimension,calendardate,datekey,reportperiod,lastupdated,accoci,assets,assetsavg,assetsc,assetsnc,assetturnover,bvps,capex,cashneq,cashnequsd,cor,consolinc,currentratio,de,debt,debtc,debtnc,debtusd,deferredrev,depamor,deposits,divyield,dps,ebit,ebitda,ebitdamargin,ebitdausd,ebitusd,ebt,eps,epsdil,epsusd,equity,equityavg,equityusd,ev,evebit,evebitda,fcf,fcfps,fxusd,gp,grossmargin,intangibles,intexp,invcap,invcapavg,inventory,investments,investmentsc,investmentsnc,liabilities,liabilitiesc,liabilitiesnc,marketcap,ncf,ncfbus,ncfcommon,ncfdebt,ncfdiv,ncff,ncfi,ncfinv,ncfo,ncfx,netinc,netinccmn,netinccmnusd,netincdis,netincnci,netmargin,opex,opinc,payables,payoutratio,pb,pe,pe1,ppnenet,prefdivis,price,ps,ps1,receivables,retearn,revenue,revenueusd,rnd,roa,roe,roic,ros,sbcomp,sgna,sharefactor,sharesbas,shareswa,shareswadil,sps,tangibles,taxassets,taxexp,taxliabilities,tbvps,workingcapital
GBX,MRY,2011-12-31,2011-08-31,2011-08-31,2018-04-06,-7895000,1301655000,1204927500,,,1.032,13.043,-84302000,52335000,52335000,1103759000,8387000,,2.56,519479000,,,519479000,5900000,38293000,0,0.0,0.0,47022000,85315000,0.069,85315000,47022000,10030000,0.27,0.24,0.27,361573000,337263750,361573000,911464206,19,10.684,-118554000,-4.919,1.0,139531000,0.112,224334000,36992000,1544465000,1432968500,323512000,0,,,925754000,,,437258206,-48642000,-2330000,63180000,-4795000,0,57991000,-69264000,0,-34252000,-3117000,6466000,6466000,6466000,0,1921000,0.005,71957000,67574000,316536000,0.0,1.209,67.624,64.37,482341000,0,17.38,0.352,0.337,188443000,127182000,1243290000,1243290000,0,0.005,0.019,0.033,0.038,7073000,80326000,1.0,25158700,24100000,26501000,51.589,1077321000,0,3564000,83839000,38.863,
GBX,MRY,2012-12-31,2012-08-31,2012-08-31,2018-04-06,-6369000,1384544000,1356504000,,,1.333,15.901,-117885000,59848000,59848000,1593296000,61170000,,2.156,488834000,,,488834000,17194000,42371000,0,0.0,0.0,115910000,158281000,0.088,158281000,115910000,91101000,2.21,1.91,2.21,431777000,404563500,431777000,840759853,7,5.312,-1829000,-0.069,1.0,214420000,0.119,218434000,24809000,1595096000,1598907750,316741000,0,,,930899000,,,392305853,3349000,-506000,0,-31783000,0,-28794000,-88947000,0,116056000,5034000,58708000,58708000,58708000,0,2462000,0.032,95632000,118788000,329508000,0.0,0.909,6.682,6.538,545397000,0,14.45,0.217,0.212,146326000,185890000,1807716000,1807716000,0,0.043,0.145,0.072,0.064,8757000,104596000,1.0,27149194,26572000,33718000,68.031,1166110000,0,32393000,95363000,42.944,
GBX,MRY,2013-12-31,2013-08-31,2013-08-31,2018-04-06,-6504000,1289741000,1334000250,,,1.317,15.753,-60827000,106242000,106242000,1550045000,-5381000,,1.945,422098000,,,422098000,8838000,41447000,0,0.0,0.0,36170000,77617000,0.044,77617000,36170000,14012000,-0.41,-0.41,-0.41,428202000,435281250,428202000,1039794387,28,13.396,43765000,1.64,1.0,206373000,0.117,125648000,22158000,1479949000,1564935750,316783000,10739000,,,832914000,,,614396387,43864000,-2240000,0,-69830000,0,-65732000,6159000,0,104592000,-1155000,-11048000,-11048000,-11048000,0,5667000,-0.006,164722000,41651000,315938000,0.0,1.435,-55.612,-55.049,507001000,0,22.57,0.35,0.343,154848000,174842000,1756418000,1756418000,0,-0.008,-0.025,0.023,0.021,6302000,103175000,1.0,27221816,26678000,26678000,65.838,1164093000,0,25060000,86040000,42.826,
GBX,MRY,2014-12-31,2014-08-31,2014-08-31,2018-04-06,-6932000,1517168000,1391198250,,,1.584,18.272,-70227000,205056000,205056000,1881742000,149779000,,1.845,458172000,,,458172000,20603000,40422000,0,0.002,0.15,203015000,243437000,0.11,243437000,203015000,184320000,3.97,3.44,3.97,511390000,472925750,511390000,2222920489,10,9.131,65680000,2.332,1.0,322220000,0.146,109022000,18695000,1661262000,1532032750,305656000,69359000,,,943447000,,,1965730489,87481000,-13753000,-33583000,35693000,-4123000,-17561000,-30078000,0,135907000,-787000,111919000,111919000,111919000,0,37860000,0.051,111706000,210514000,383289000,0.038,3.844,17.564,18.015,502546000,0,71.52,0.892,0.914,199679000,282559000,2203962000,2203962000,0,0.08,0.237,0.133,0.092,11285000,125270000,1.0,27485046,28164000,34209000,78.255,1408146000,0,72401000,81383000,50.314,
GBX,MRY,2015-12-31,2015-08-31,2015-08-31,2018-04-06,-21205000,1790512000,1694354500,,,1.538,24.378,-105989000,181799000,181799000,2067925000,265309000,,1.265,377317000,,,377317000,33836000,45156000,0,0.014,0.6,316171000,361327000,0.139,361327000,316171000,304992000,6.85,5.93,6.85,732838000,616652250,732838000,1533075795,4,4.243,86344000,3.067,1.0,537353000,0.206,108819000,11179000,1877211000,1897945750,445535000,87270000,,,927023000,,,1225984795,-11986000,-31108000,-69950000,30332000,-16491000,-62824000,-131531000,0,192333000,-9964000,192832000,192832000,192832000,0,72477000,0.074,150461000,386892000,455213000,0.088,1.673,6.358,6.088,558526000,0,41.7,0.471,0.451,196029000,458599000,2605278000,2605278000,0,0.114,0.313,0.167,0.121,19459000,151791000,1.0,29400115,28151000,33328000,92.547,1681693000,0,112160000,60657000,55.941,
GBX,MRY,2016-12-31,2016-08-31,2016-08-31,2018-04-06,-26753000,1835774000,1846370500,,,1.451,30.068,-139013000,246958000,246958000,2128087000,284824000,,0.937,301853000,,,301853000,95721000,63345000,0,0.03,1.01,309037000,372382000,0.139,372382000,309037000,295535000,6.28,5.73,6.28,874311000,821820500,874311000,1039545743,3,2.792,192657000,6.608,1.0,551437000,0.206,110624000,13502000,1780045000,1862352000,365805000,98682000,,,818947000,,,955846743,49749000,-5000000,-33498000,-77348000,-23303000,-221915000,-55708000,0,331670000,-4298000,183213000,183213000,183213000,0,101611000,0.068,142885000,408552000,369754000,0.161,1.093,5.217,5.396,636256000,0,33.89,0.357,0.369,232517000,618178000,2679524000,2679524000,0,0.099,0.223,0.166,0.115,24037000,158681000,1.0,28204389,29156000,32468000,91.903,1725150000,0,112322000,51619000,59.328,
GBX,MRY,2017-12-31,2017-08-31,2017-08-31,2018-04-06,-6279000,2397705000,2136215000,,,1.015,34.72,-86065000,620358000,620358000,1747865000,160462000,,1.197,562552000,,,562552000,129260000,65129000,0,0.02,0.86,204273000,269402000,0.124,269402000,204273000,180081000,3.97,3.65,3.97,1018130000,956790000,1018130000,1281241605,6,4.756,194324000,6.649,1.0,421299000,0.194,153767000,24192000,2186132000,2024268250,400127000,108255000,,,1218812000,,,1222769605,388787000,-67209000,0,263038000,-24890000,209637000,-113738000,0,280389000,12499000,116067000,116067000,116067000,0,44395000,0.054,160867000,260432000,415061000,0.217,1.201,10.535,10.806,743962000,0,42.9,0.564,0.578,279964000,709103000,2169164000,2169164000,0,0.054,0.121,0.101,0.094,26427000,170607000,1.0,28502788,29225000,32562000,74.223,2243938000,0,64014000,75791000,76.522,
