ticker,dimension,calendardate,datekey,reportperiod,lastupdated,accoci,assets,assetsavg,assetsc,assetsnc,assetturnover,bvps,capex,cashneq,cashnequsd,cor,consolinc,currentratio,de,debt,debtc,debtnc,debtusd,deferredrev,depamor,deposits,divyield,dps,ebit,ebitda,ebitdamargin,ebitdausd,ebitusd,ebt,eps,epsdil,epsusd,equity,equityavg,equityusd,ev,evebit,evebitda,fcf,fcfps,fxusd,gp,grossmargin,intangibles,intexp,invcap,invcapavg,inventory,investments,investmentsc,investmentsnc,liabilities,liabilitiesc,liabilitiesnc,marketcap,ncf,ncfbus,ncfcommon,ncfdebt,ncfdiv,ncff,ncfi,ncfinv,ncfo,ncfx,netinc,netinccmn,netinccmnusd,netincdis,netincnci,netmargin,opex,opinc,payables,payoutratio,pb,pe,pe1,ppnenet,prefdivis,price,ps,ps1,receivables,retearn,revenue,revenueusd,rnd,roa,roe,roic,ros,sbcomp,sgna,sharefactor,sharesbas,shareswa,shareswadil,sps,tangibles,taxassets,taxexp,taxliabilities,tbvps,workingcapital
GCI,MRY,2012-12-31,2012-12-30,2012-12-30,2018-05-08,,,,,,,,-54722000,,,2165727000,277230000,,,,,,,,117789000,,0.045,0.8,344790000,462579000,0.133,462579000,344790000,344790000,,,,,,,,,,273040000,,1.0,1304280000,0.376,,0,,,,,,,,,,,27343000,30561000,0,0,0,-296356000,-6115000,18046000,327762000,2052000,277230000,277230000,277230000,0,0,0.08,972867000,331413000,,,,,,,0,17.61,,,,,3470007000,3470007000,0,,,,0.099,13259000,823003000,,,,,,,,67560000,,,
GCI,MRY,2013-12-31,2013-12-29,2013-12-29,2018-05-08,-441981000,2494736000,,602281000,1892455000,,,-53619000,78596000,78596000,2089748000,274461000,1.381,0.972,0,0,0,0,78946000,110098000,0,0.027,0.8,345763000,455861000,0.137,455861000,345763000,345763000,2.39,2.39,2.39,1265221000,,1265221000,,,,200916000,,1.0,1235191000,0.371,622417000,0,1357490000,,49427000,75593000,0,75593000,1229515000,436233000,793282000,,-55500000,19061000,0,0,0,-302119000,-7752000,26806000,254535000,-164000,274461000,274461000,274461000,0,0,0.083,910118000,325073000,103189000,0.335,,,12.226,1001543000,0,29.22,,,400918000,,3324939000,3324939000,0,,,,0.104,16201000,773409000,1.0,,,,,1872319000,196331000,71302000,85484000,,166048000
GCI,MRY,2014-12-31,2014-12-28,2014-12-28,2018-05-08,-678112000,2384460000,2439598000,531070000,1853390000,1.3,,-72307000,71947000,71947000,1997803000,210705000,1.297,1.543,0,0,0,0,77123000,111063000,0,0.025,0.8,278841000,389904000,0.123,389904000,278841000,278265000,1.83,1.83,1.83,937472000,1101346500,937472000,,,,273831000,,1.0,1174075000,0.37,594460000,576000,1308470000,1332980000,38944000,63125000,0,63125000,1446988000,409583000,1037405000,,-6649000,24406000,0,0,0,-320735000,-31772000,16129000,346138000,-280000,210705000,210705000,210705000,0,0,0.066,911744000,262331000,318785000,0.437,,,17.355,934483000,0,31.76,,,373862000,0,3171878000,3171878000,0,0.086,0.191,0.209,0.088,17099000,765465000,1.0,,,,,1790000000,261322000,67560000,25666000,,121487000
GCI,MRY,2015-12-31,2015-12-27,2015-12-27,2018-05-08,-673424000,2427799000,2339989750,629536000,1798263000,1.233,9.168,-53979000,196696000,196696000,1810420000,146091000,1.283,1.293,0,0,0,0,78967000,107552000,0,0.044,0.72,198537000,306089000,0.106,306089000,198537000,193975000,1.27,1.25,1.27,1058576000,1019745750,1058576000,1728816234,8,5.648,177041000,1.533,1.0,1074592000,0.372,635398000,4562000,1105211000,1150142000,25777000,64289000,0,64289000,1369223000,490494000,878729000,1871588234,124749000,1015000,6615000,0,-18462000,-62766000,-43312000,9652000,231020000,-193000,146091000,146091000,146091000,0,0,0.051,910087000,164505000,393026000,0.567,1.768,12.811,12.764,896585000,0,16.21,0.649,0.649,366587000,22553000,2885012000,2885012000,0,0.062,0.143,0.173,0.069,20623000,695991000,1.0,115458867,115458867,,24.987,1792401000,202926000,47884000,22221000,15.524,139042000
GCI,MRY,2016-12-31,2016-12-25,2016-12-25,2018-05-08,-882912000,2844681000,2625353000,603506000,2241175000,1.161,7.347,-60048000,114324000,114324000,1927895000,52710000,1.055,2.32,400000000,0,400000000,400000000,133263000,132964000,0,0.065,0.64,79219000,212183000,0.07,212183000,79219000,66428000,0.45,0.44,0.45,856761000,1025299250,856761000,1419123730,17,6.688,105507000,0.905,1.0,1119579000,0.367,852932000,12791000,1705438000,1445545250,40426000,82310000,0,82310000,1987920000,571987000,1415933000,1150924730,-82372000,-446660000,-32105000,400000000,-92495000,271418000,-519073000,-12406000,165555000,-272000,52710000,52710000,52710000,0,0,0.017,1030209000,89370000,438724000,1.422,1.343,21.835,21.933,1087701000,0,9.87,0.378,0.378,383904000,1269000,3047474000,3047474000,0,0.02,0.051,0.055,0.026,20576000,795548000,1.0,116608382,116608382,,26.134,1991749000,248241000,13718000,25467000,17.081,31519000
GCI,MRY,2017-12-31,2017-12-31,2017-12-31,2018-05-08,-656517000,2569977000,2688326750,589848000,1980129000,1.17,9.103,-72325000,120589000,120589000,1959638000,6887000,1.156,1.526,355000000,0,355000000,355000000,122791000,191885000,0,0.055,0.64,57883000,249768000,0.079,249768000,57883000,40741000,0.06,0.06,0.06,1017395000,895522750,1017395000,1560441072,26,6.248,164143000,1.469,1.0,1186842000,0.377,877370000,17142000,1416821000,1559508000,0,66933000,0,66933000,1552582000,510197000,1042385000,1295402072,6265000,-15905000,-16649000,-45000000,-72314000,-141786000,-87569000,-3827000,236468000,-848000,6887000,6887000,6887000,0,0,0.002,1119271000,67571000,387406000,10.667,1.273,188.094,193.167,933334000,0,11.59,0.412,0.412,352546000,-64158000,3146480000,3146480000,0,0.003,0.008,0.037,0.018,20341000,836306000,1.0,111768945,111768945,,28.152,1692607000,102492000,33854000,0,15.144,79651000
