ticker,dimension,calendardate,datekey,reportperiod,lastupdated,accoci,assets,assetsavg,assetsc,assetsnc,assetturnover,bvps,capex,cashneq,cashnequsd,cor,consolinc,currentratio,de,debt,debtc,debtnc,debtusd,deferredrev,depamor,deposits,divyield,dps,ebit,ebitda,ebitdamargin,ebitdausd,ebitusd,ebt,eps,epsdil,epsusd,equity,equityavg,equityusd,ev,evebit,evebitda,fcf,fcfps,fxusd,gp,grossmargin,intangibles,intexp,invcap,invcapavg,inventory,investments,investmentsc,investmentsnc,liabilities,liabilitiesc,liabilitiesnc,marketcap,ncf,ncfbus,ncfcommon,ncfdebt,ncfdiv,ncff,ncfi,ncfinv,ncfo,ncfx,netinc,netinccmn,netinccmnusd,netincdis,netincnci,netmargin,opex,opinc,payables,payoutratio,pb,pe,pe1,ppnenet,prefdivis,price,ps,ps1,receivables,retearn,revenue,revenueusd,rnd,roa,roe,roic,ros,sbcomp,sgna,sharefactor,sharesbas,shareswa,shareswadil,sps,tangibles,taxassets,taxexp,taxliabilities,tbvps,workingcapital
GCO,MRY,2011-12-31,2012-01-28,2012-01-28,2018-04-04,-32966000,1229761000,1209956750,595312000,634449000,1.894,30.007,-49456000,53790000,53790000,1143632000,92426000,1.963,0.689,40704000,8773000,31931000,40704000,0,53737000,0,0.0,0.0,160525000,214262000,0.093,214262000,160525000,155368000,3.84,3.79,3.84,726731000,674235250,726731000,1603934490,9,7.486,95504000,3.943,1.0,1148355000,0.501,352843000,5157000,560510000,621176250,435113000,0,0,0,500781000,303322000,197459000,1492126490,-2144000,-92985000,9820000,-17412000,0,-3980000,-142414000,0,144960000,-710000,92426000,92426000,92426000,1025000,0,0.04,986870000,161485000,138938000,0.0,2.053,16.144,16.044,227689000,0,61.61,0.651,0.651,43713000,598360000,2291987000,2291987000,0,0.076,0.137,0.258,0.07,2916000,984193000,1.0,24218901,24218901,,94.636,876918000,43189000,62942000,41843000,36.208,291990000
GCO,MRY,2012-12-31,2013-02-02,2013-02-02,2018-04-04,-28241000,1326072000,1344517750,682271000,643801000,1.937,34.03,-71737000,59795000,59795000,1306200000,112435000,2.479,0.611,50682000,5675000,45007000,50682000,0,63697000,0,0.0,0.0,169496000,233193000,0.09,233193000,169496000,164370000,4.76,4.68,4.76,821860000,779515500,821860000,1569448811,9,6.73,51473000,2.131,1.0,1298617000,0.499,362833000,5126000,678928000,677347000,505344000,0,0,0,502285000,275198000,227087000,1517403811,6005000,-23818000,-32685000,6192000,0,-21816000,-95474000,0,123210000,85000,112435000,112435000,112435000,462000,0,0.043,1128754000,169863000,118350000,0.0,1.846,13.496,13.2,241669000,0,62.83,0.583,0.583,48214000,669189000,2604817000,2604817000,0,0.084,0.144,0.25,0.065,5688000,1111717000,1.0,24150944,24150944,,107.856,963239000,42456000,51935000,28081000,39.884,407073000
GCO,MRY,2013-12-31,2014-02-01,2014-02-01,2018-04-04,-16767000,1439284000,1436127500,756875000,682409000,1.828,38.441,-98456000,59447000,59447000,1325922000,92653000,2.477,0.569,33730000,6793000,26937000,33730000,0,67135000,0,0.0,0.0,163172000,230307000,0.088,230307000,163172000,158531000,3.98,3.92,3.98,916190000,858080500,916190000,1739287364,10,7.552,41543000,1.743,1.0,1299050000,0.495,374753000,4641000,733236000,753170500,567261000,0,0,0,521161000,305578000,215583000,1673580364,-348000,-13492000,-17446000,-12979000,0,-29926000,-111948000,0,139999000,1527000,92653000,92653000,92653000,329000,0,0.035,1135615000,163435000,145483000,0.0,1.827,18.063,17.643,280037000,0,70.22,0.638,0.638,52646000,734533000,2624972000,2624972000,0,0.065,0.108,0.217,0.062,8511000,1134274000,1.0,23833386,23833386,,110.138,1064531000,26431000,65878000,28435000,44.666,451297000
GCO,MRY,2014-12-31,2015-01-31,2015-01-31,2018-04-04,-40576000,1583087000,1579019000,847658000,735429000,1.811,41.399,-103111000,112867000,112867000,1459433000,97725000,2.088,0.586,29155000,13152000,16003000,29155000,0,74326000,0,0.0,0.0,158678000,233004000,0.081,233004000,158678000,155341000,4.16,4.12,4.16,996807000,962051750,996807000,1797386244,11,7.714,86653000,3.599,1.0,1400411000,0.49,390713000,3337000,702746000,771519750,598145000,0,0,0,584310000,405916000,178394000,1720377244,53420000,-34582000,-2626000,-1841000,0,-1449000,-137693000,0,189764000,2798000,97725000,97725000,97725000,1648000,0,0.034,1233145000,167266000,176307000,0.0,1.726,17.604,17.175,305752000,0,71.45,0.602,0.602,55263000,820563000,2859844000,2859844000,0,0.062,0.102,0.206,0.055,10331000,1230864000,1.0,24078058,24078058,,118.774,1192374000,28324000,57616000,46886000,49.521,441742000
GCO,MRY,2015-12-31,2016-01-30,2016-01-30,2018-04-04,-42613000,1541190000,1646076500,800086000,741104000,1.836,43.238,-100652000,133288000,133288000,1578768000,94569000,2.472,0.612,111765000,14182000,97583000,111765000,0,79011000,0,0.0,0.0,155135000,234146000,0.077,234146000,155135000,150721000,4.13,4.11,4.13,955156000,973183500,955156000,1648048580,10,7.039,49024000,2.219,1.0,1443466000,0.478,371694000,4414000,824356000,899160000,529758000,0,0,0,584407000,323617000,260790000,1461068580,20421000,24852000,-140614000,92106000,0,-52113000,-75800000,0,149676000,-1342000,94569000,94569000,94569000,812000,0,0.031,1292215000,151251000,154241000,0.0,1.53,15.45,16.015,323328000,0,66.14,0.483,0.483,47265000,768222000,3022234000,3022234000,0,0.057,0.097,0.173,0.051,13758000,1284322000,1.0,22090544,22090544,,136.811,1169496000,29924000,56152000,40857000,52.941,476469000
GCO,MRY,2016-12-31,2017-01-28,2017-01-28,2018-04-04,-51292000,1440999000,1521292500,716973000,724026000,1.885,46.352,-93970000,48301000,48301000,1450815000,97431000,2.317,0.563,82905000,9175000,73730000,82905000,0,75768000,0,0.0,0.0,156280000,232048000,0.081,232048000,156280000,150986000,4.85,4.83,4.85,921053000,893684750,921053000,1374058434,8,5.921,71279000,3.587,1.0,1417526000,0.494,357941000,5294000,808276000,905899000,563677000,0,0,0,518478000,309386000,209092000,1178330434,-84987000,23031000,-142916000,-31705000,0,-178215000,-70939000,0,165249000,-1082000,97431000,97431000,97431000,428000,0,0.034,1275566000,141960000,170751000,0.0,1.279,12.094,12.227,330611000,0,59.3,0.411,0.411,43525000,731111000,2868341000,2868341000,0,0.064,0.109,0.173,0.054,13481000,1276368000,1.0,19870665,19870665,,144.351,1083058000,13372000,53555000,30669000,54.505,407587000
GCO,MRY,2017-12-31,2018-02-03,2018-02-03,2018-04-04,-29192000,1315353000,1472681250,693088000,622265000,1.974,41.639,-127853000,39937000,39937000,1490894000,-111839000,2.717,0.584,88385000,1766000,86619000,88385000,0,78326000,0,0.0,0.0,-96650000,-18324000,-0.006,-18324000,-96650000,-102070000,-5.82,-5.82,-5.82,829174000,852170750,829174000,832961613,-8,-45.457,36738000,1.845,1.0,1416122000,0.487,190000000,5420000,918733000,995219500,542625000,0,0,0,484649000,255068000,229581000,660122613,-8364000,252000,-17879000,-25102000,0,-47410000,-127601000,0,164591000,2056000,-111839000,-111839000,-111839000,409000,0,-0.038,1512371000,-96249000,140962000,0.0,0.796,-5.902,-5.696,382629000,0,33.15,0.227,0.227,43292000,603902000,2907016000,2907016000,0,-0.076,-0.131,-0.097,-0.033,13505000,1321319000,1.0,19913201,19913201,,145.984,1125353000,25077000,9769000,17602000,56.513,438020000
