ticker,dimension,calendardate,datekey,reportperiod,lastupdated,accoci,assets,assetsavg,assetsc,assetsnc,assetturnover,bvps,capex,cashneq,cashnequsd,cor,consolinc,currentratio,de,debt,debtc,debtnc,debtusd,deferredrev,depamor,deposits,divyield,dps,ebit,ebitda,ebitdamargin,ebitdausd,ebitusd,ebt,eps,epsdil,epsusd,equity,equityavg,equityusd,ev,evebit,evebitda,fcf,fcfps,fxusd,gp,grossmargin,intangibles,intexp,invcap,invcapavg,inventory,investments,investmentsc,investmentsnc,liabilities,liabilitiesc,liabilitiesnc,marketcap,ncf,ncfbus,ncfcommon,ncfdebt,ncfdiv,ncff,ncfi,ncfinv,ncfo,ncfx,netinc,netinccmn,netinccmnusd,netincdis,netincnci,netmargin,opex,opinc,payables,payoutratio,pb,pe,pe1,ppnenet,prefdivis,price,ps,ps1,receivables,retearn,revenue,revenueusd,rnd,roa,roe,roic,ros,sbcomp,sgna,sharefactor,sharesbas,shareswa,shareswadil,sps,tangibles,taxassets,taxexp,taxliabilities,tbvps,workingcapital
GEF,MRY,2011-12-31,2011-10-31,2011-10-31,2018-03-02,-42000000,4188800000,3858495250,1285100000,2903700000,1.101,28.357,-134800000,127400000,127400000,3449900000,177600000,1.379,2.121,1521200000,149800000,1371400000,1521200000,0,144300000,0,0.038,1.68,318000000,462300000,0.109,462300000,318000000,242000000,3.0,2.99,3.0,1342100000,1397387500,1342100000,3395993615,10,7.346,37400000,0.79,1.0,798300000,0.188,1231400000,76000000,3419200000,3236993750,429000000,1700000,1700000,0,2846700000,932000000,1914700000,2119344615,20300000,-344900000,-12600000,458500000,-97800000,348100000,-500400000,-20000000,172200000,400000,174700000,174700000,174700000,0,2900000,0.041,468100000,330200000,493300000,0.56,1.579,12.131,14.927,1434700000,0,44.78,0.499,0.499,579700000,1376000000,4248200000,4248200000,0,0.045,0.125,0.098,0.075,0,449200000,1.0,47327928,47327928,,89.761,2957400000,98700000,67300000,201700000,62.487,353100000
GEF,MRY,2012-12-31,2012-10-31,2012-10-31,2018-03-02,-70000000,3853400000,3965725000,1055100000,2798300000,1.041,27.663,-155800000,91500000,91500000,3350000000,123600000,1.217,1.94,1276400000,101100000,1175300000,1276400000,0,155600000,0,0.04,1.68,269100000,424700000,0.103,424700000,269100000,179200000,2.03,2.03,2.03,1310800000,1366075000,1310800000,3214038975,11,7.568,317500000,6.701,1.0,779500000,0.189,1174700000,89900000,2996300000,3258450000,373500000,2500000,2500000,0,2542600000,867300000,1675300000,1988238975,-35800000,0,1700000,-245900000,-97700000,-352200000,-153800000,2000000,473300000,-3100000,118100000,118100000,118100000,0,5500000,0.029,498500000,281000000,466100000,0.828,1.517,16.835,20.67,1425100000,0,41.96,0.481,0.481,469500000,1394800000,4129500000,4129500000,0,0.03,0.086,0.083,0.065,0,469800000,1.0,47384151,47384151,,87.149,2678700000,32500000,61100000,205100000,56.532,187800000
GEF,MRY,2013-12-31,2013-10-31,2013-10-31,2018-03-02,-57500000,3886700000,3904250000,1100300000,2786400000,1.081,29.004,-103900000,78100000,78100000,3387700000,147500000,1.359,1.817,1281300000,74100000,1207200000,1281300000,0,157600000,0,0.031,1.68,327300000,484900000,0.115,484900000,327300000,243500000,2.47,2.47,2.47,1379900000,1347700000,1379900000,3766277148,11,7.767,146400000,3.077,1.0,832200000,0.197,1183600000,83800000,3096900000,3175800000,374400000,2800000,2800000,0,2506800000,809400000,1697400000,2544877148,-13400000,0,1300000,-12900000,-98300000,-159900000,-100700000,3200000,250300000,-3100000,144700000,144700000,144700000,0,2800000,0.034,490600000,341600000,431300000,0.68,1.844,17.587,21.656,1397200000,0,53.49,0.603,0.603,494500000,1418800000,4219900000,4219900000,0,0.037,0.107,0.103,0.078,0,477300000,1.0,47576690,47576690,,88.697,2703100000,57800000,98800000,257900000,56.816,290900000
GEF,MRY,2014-12-31,2014-10-31,2014-10-31,2018-03-02,-144600000,3667400000,3886925000,1139400000,2528000000,1.091,25.623,-145100000,85100000,85100000,3428100000,44900000,1.338,1.998,1153100000,65700000,1087400000,1153100000,0,155800000,0,0.038,1.68,288300000,444100000,0.105,444100000,288300000,206500000,1.56,1.56,1.56,1223200000,1347925000,1223200000,3362554697,11,7.572,116700000,2.445,1.0,811000000,0.191,1046700000,81800000,2837000000,3167125000,381100000,0,0,0,2444200000,851700000,1592500000,2103354697,7000000,61800000,1600000,-88300000,-98600000,-180500000,-69000000,14300000,261800000,-5300000,91500000,91500000,91500000,0,-46600000,0.022,561700000,249300000,471100000,1.077,1.72,22.987,28.244,1308300000,0,44.06,0.496,0.496,501300000,1411700000,4239100000,4239100000,0,0.024,0.068,0.091,0.068,0,496700000,1.0,47738418,47738418,,88.799,2620700000,49900000,115000000,236800000,54.897,287700000
GEF,MRY,2015-12-31,2015-10-31,2015-10-31,2018-03-02,-256600000,3315700000,3414825000,1008500000,2307200000,1.059,22.163,-124900000,106200000,106200000,2946900000,67200000,1.559,2.128,1187600000,71400000,1116200000,1187600000,0,134600000,0,0.051,1.68,195100000,329700000,0.091,329700000,195100000,120300000,1.23,1.23,1.23,1059900000,1066350000,1059900000,2695655313,13,8.176,81400000,1.702,1.0,669800000,0.185,939800000,74800000,2810300000,2887875000,297000000,0,0,0,2255800000,647000000,1608800000,1567655313,21100000,18000000,200000,82400000,-98700000,-20100000,-146500000,-44200000,206300000,-18600000,71900000,71900000,71900000,0,-4700000,0.02,467800000,202000000,355300000,1.366,1.479,21.803,26.65,1217700000,0,32.78,0.433,0.433,403700000,1384500000,3616700000,3616700000,0,0.021,0.067,0.068,0.054,0,413200000,1.0,47823530,47823530,,75.626,2375900000,33200000,48400000,217300000,49.681,361500000
GEF,MRY,2016-12-31,2016-10-31,2016-10-31,2018-03-02,-270200000,3153000000,3176725000,912300000,2240700000,1.046,20.043,-99300000,103700000,103700000,2638700000,75500000,1.384,2.292,1026200000,51600000,974600000,1026200000,0,127700000,0,0.036,1.68,216800000,344500000,0.104,344500000,216800000,141400000,1.28,1.28,1.28,957900000,965425000,957900000,3259310439,15,9.461,201700000,4.22,1.0,684900000,0.206,897000000,75400000,2519300000,2533425000,277400000,0,0,0,2195100000,659200000,1535900000,2239510439,-2500000,23400000,-5200000,-159800000,-98700000,-272800000,-25100000,44200000,301000000,-5600000,74900000,74900000,74900000,0,600000,0.023,444800000,240100000,372000000,1.313,2.338,29.9,36.609,1171900000,0,46.86,0.674,0.674,399200000,1340000000,3323600000,3323600000,0,0.024,0.078,0.086,0.065,0,376800000,1.0,47791516,47791516,,69.544,2256000000,9000000,66500000,193000000,47.205,253100000
GEF,MRY,2017-12-31,2017-10-31,2017-10-31,2018-03-02,-244200000,3232300000,3248525000,994500000,2237800000,1.12,21.895,-96700000,142300000,142300000,2923500000,135100000,1.446,2.086,967300000,29500000,937800000,967300000,0,120500000,0,0.03,1.68,245900000,366400000,0.101,366400000,245900000,185800000,2.02,2.02,2.02,1047500000,1010550000,1047500000,3630422123,14,9.908,208300000,4.354,1.0,714700000,0.196,883400000,60100000,2486000000,2672875000,279500000,0,0,0,2184800000,687900000,1496900000,2656722123,38600000,5900000,0,-72800000,-98600000,-175600000,-90400000,0,305000000,-400000,118600000,118600000,118600000,0,16500000,0.033,440600000,274100000,399200000,0.832,2.536,22.401,27.49,1188400000,0,55.53,0.73,0.73,447000000,1360500000,3638200000,3638200000,0,0.037,0.117,0.092,0.068,0,380400000,1.0,47843006,47843006,,76.045,2348900000,10500000,67200000,217800000,49.096,306600000
