ticker,dimension,calendardate,datekey,reportperiod,lastupdated,accoci,assets,assetsavg,assetsc,assetsnc,assetturnover,bvps,capex,cashneq,cashnequsd,cor,consolinc,currentratio,de,debt,debtc,debtnc,debtusd,deferredrev,depamor,deposits,divyield,dps,ebit,ebitda,ebitdamargin,ebitdausd,ebitusd,ebt,eps,epsdil,epsusd,equity,equityavg,equityusd,ev,evebit,evebitda,fcf,fcfps,fxusd,gp,grossmargin,intangibles,intexp,invcap,invcapavg,inventory,investments,investmentsc,investmentsnc,liabilities,liabilitiesc,liabilitiesnc,marketcap,ncf,ncfbus,ncfcommon,ncfdebt,ncfdiv,ncff,ncfi,ncfinv,ncfo,ncfx,netinc,netinccmn,netinccmnusd,netincdis,netincnci,netmargin,opex,opinc,payables,payoutratio,pb,pe,pe1,ppnenet,prefdivis,price,ps,ps1,receivables,retearn,revenue,revenueusd,rnd,roa,roe,roic,ros,sbcomp,sgna,sharefactor,sharesbas,shareswa,shareswadil,sps,tangibles,taxassets,taxexp,taxliabilities,tbvps,workingcapital
GENE,MRY,2011-12-31,2011-06-30,2011-06-30,2017-11-18,0,8922354,8600963,6255344,2667010,2.148,0.016,5030,5104667,5473475,2034916,901341,3.088,0.319,67878,67878,0,72782,163546,0,0,0.0,0.0,983275,983275,0.053,1054315,1054315,901341,0.03,0.03,0.032,6611993,6164844,7089704,930840694,882,882.886,2238309,0.006,0.933,16440808,0.89,1719510,81934,140426,608899,0,0,0,0,2108359,2025629,82730,933755861,1923547,0,0,-314762,0,-314762,5030,0,2233279,-125191,901341,901341,966462,-21562,0,0.049,15193301,1247507,1115028,0.0,131.706,966.159,1075.62,947500,0,34.6,47.134,706.66,674369,-67464026,18475724,19810580,4380866,0.105,0.146,1.615,0.053,0,6715112,0.067,404605152,404605152,,0.049,7202844,0,0,0,0.018,4229715
GENE,MRY,2012-12-31,2012-06-30,2012-06-30,2017-11-18,0,16441751,12682052,9949795,6491956,0.538,0.035,-44859,8900235,9096426,1948625,-5296828,5.154,0.143,17748,17748,0,18139,266646,0,0,0.0,0.0,-5251611,-5251611,-0.769,-5367374,-5367374,-5296828,-0.17,-0.17,-0.174,14248012,10430002,14562087,487627443,-90,-90.85,-7719033,-0.019,0.978,4878996,0.715,1434124,45217,4194572,2167499,0,4414914,0,4414914,2039109,1930568,108541,492515736,3669073,537036,10902037,-50967,0,10851070,492177,0,-7674174,126495,-5296828,-5296828,-5413588,0,0,-0.776,15289429,-10410433,905772,0.0,33.822,-90.978,-105.038,642918,0,18.25,70.58,1058.17,495975,-72751549,6827621,6978125,4029369,-0.418,-0.508,-2.423,-0.769,0,9992222,0.067,404605152,404605152,,0.017,15007627,0,0,0,0.037,8019227
GENE,MRY,2013-12-31,2013-06-30,2013-06-30,2017-11-18,0,8319527,12380639,2657416,5662111,0.659,0.012,-52410,1721293,1574063,1945467,-9349483,1.078,0.454,0,0,0,0,320781,0,0,0.0,0.0,-9310515,-9310515,-1.141,-8514144,-8514144,-9349483,-0.3,-0.3,-0.274,5637700,9942856,5155481,351197090,-41,-41.249,-7569189,-0.016,1.094,6216629,0.762,1306559,38968,2826659,3510615,0,3932384,0,3932384,2561240,2465016,96224,360378258,-7257476,-126242,481500,-17748,0,437955,-178652,0,-7516779,78534,-9349483,-9349483,-8549779,0,0,-1.145,15542890,-9326261,1375536,0.0,69.902,-42.151,-42.374,423168,0,11.625,48.282,735.265,328642,-82049916,8162096,7463954,3462466,-0.755,-0.94,-2.652,-1.141,0,9680600,0.067,464771819,472084970,472084970,0.016,7012968,0,0,0,0.015,192400
GENE,MRY,2014-12-31,2014-06-30,2014-06-30,2017-11-18,0,6729199,7524363,4360509,2368690,0.721,0.003,-47917,2831085,2667043,1837729,-10134469,1.881,2.682,0,0,0,0,153226,0,0,0.0,0.0,-9390270,-9390270,-1.73,-8846168,-8846168,-10134469,-0.26,-0.26,-0.245,1827519,3732609,1721626,166452765,-18,-18.816,-11035005,-0.019,1.062,3590383,0.661,1178993,744199,401105,1613882,0,795533,0,795533,4901680,2318016,2583664,168084042,1168251,-183046,7000000,5581462,0,11922964,232375,463338,-10987088,-58459,-10134469,-10134469,-9547246,0,0,-1.867,13802030,-10211647,1449187,0.0,97.631,-17.605,-21.638,394164,0,5.3,32.87,595.502,1111565,-92175113,5428112,5113590,3298127,-1.347,-2.715,-5.818,-1.73,0,9424704,0.067,475471819,574557747,574557747,0.009,5550206,0,0,0,0.01,2042493
GENE,MRY,2015-12-31,2015-06-30,2015-06-30,2017-11-18,0,20719732,13724465,19566096,1153636,0.221,0.018,-135473,18341357,14135365,891243,-8810170,11.276,0.093,0,0,0,0,0,0,0,0.0,0.0,-8545476,-8545476,-2.812,-6585849,-6585849,-8810170,-0.12,-0.12,-0.092,18959248,10393383,14611562,124193927,-18,-18.858,-9827001,-0.009,1.298,2147826,0.707,736041,264694,-92829,154138,0,0,0,0,1760484,1735163,25321,124483024,15141157,0,23289927,2150000,0,22867263,1965422,0,-9691528,369115,-8810170,-8810170,-6789844,0,0,-2.899,12014370,-9866544,1180256,0.0,8.519,-18.334,-32.871,417595,0,3.04,53.149,1392.445,714951,-100985283,3039069,2342157,2851665,-0.642,-0.848,-55.44,-2.812,0,8727287,0.067,613918492,1072803358,1072803358,0.002,19983691,0,0,0,0.019,17830933
GENE,MRY,2016-12-31,2016-06-30,2016-06-30,2017-11-18,0,13289686,17004709,12131070,1158616,0.066,0.007,-296331,11179687,8323793,743060,-8458965,9.106,0.118,0,0,0,0,0,0,0,0.0,0.0,-8430076,-8430076,-7.493,-6276581,-6276581,-8458965,-0.07,-0.07,-0.052,11883189,15421218,8847583,226054666,-36,-36.016,-8023169,-0.005,1.343,382074,0.34,608477,28889,169333,38252,0,0,0,0,1406497,1332189,74308,239115557,-8024823,0,0,0,0,-1654,-296331,0,-7726838,863153,-8458965,-8458965,-6298090,0,0,-7.518,9304187,-8922113,837983,0.0,27.026,-37.966,-40.101,550139,0,2.09,285.438,4279.279,630773,-109444248,1125134,837714,2584752,-0.497,-0.549,-220.383,-7.493,0,6615854,0.067,1715282724,1715214158,1715214158,0.0,12681209,0,0,0,0.007,10798881
GENE,MRY,2017-12-31,2017-06-30,2017-06-30,2017-11-18,0,12108297,12698991,11631649,476648,0.041,0.005,-182149,10988255,8450553,492417,-8403826,7.938,0.145,0,0,0,0,0,0,0,0.0,0.0,-8371831,-8371831,-16.146,-6438384,-6438384,-8403826,-0.06,-0.06,-0.046,10579044,11231116,8135848,94597944,-14,-14.693,-6995788,-0.003,1.3,26089,0.05,0,31995,-345251,-87959,0,0,0,0,1529253,1465293,63960,103082831,114261,0,8049369,0,0,7110049,-182149,0,-6813639,-305393,-8403826,-8403826,-6462990,0,0,-16.208,8742032,-8715943,898103,0.0,12.67,-15.95,-19.526,476648,0,0.901,258.509,4793.828,426272,-117848074,518506,398758,2366334,-0.662,-0.748,95.179,-16.146,0,5831004,0.067,1715282724,2121638888,2121638888,0.0,12108297,0,0,0,0.006,10166356
