ticker,dimension,calendardate,datekey,reportperiod,lastupdated,accoci,assets,assetsavg,assetsc,assetsnc,assetturnover,bvps,capex,cashneq,cashnequsd,cor,consolinc,currentratio,de,debt,debtc,debtnc,debtusd,deferredrev,depamor,deposits,divyield,dps,ebit,ebitda,ebitdamargin,ebitdausd,ebitusd,ebt,eps,epsdil,epsusd,equity,equityavg,equityusd,ev,evebit,evebitda,fcf,fcfps,fxusd,gp,grossmargin,intangibles,intexp,invcap,invcapavg,inventory,investments,investmentsc,investmentsnc,liabilities,liabilitiesc,liabilitiesnc,marketcap,ncf,ncfbus,ncfcommon,ncfdebt,ncfdiv,ncff,ncfi,ncfinv,ncfo,ncfx,netinc,netinccmn,netinccmnusd,netincdis,netincnci,netmargin,opex,opinc,payables,payoutratio,pb,pe,pe1,ppnenet,prefdivis,price,ps,ps1,receivables,retearn,revenue,revenueusd,rnd,roa,roe,roic,ros,sbcomp,sgna,sharefactor,sharesbas,shareswa,shareswadil,sps,tangibles,taxassets,taxexp,taxliabilities,tbvps,workingcapital
GIII,MRY,2011-12-31,2012-01-31,2012-01-31,2018-04-02,4000,546103000,584459750,464778000,81325000,2.107,9.042,-17410000,24660000,24660000,860485000,49620000,2.633,0.526,30050000,30050000,0,30050000,0,7473000,0,0.0,0.0,84953000,92426000,0.075,92426000,84953000,79240000,1.255,1.23,1.255,357972000,331416250,357972000,680864553,8,7.367,-10634000,-0.269,1.0,370716000,0.301,43711000,5713000,331263000,394235500,253521000,2419000,0,2419000,188131000,176519000,11612000,451889553,14615000,-3650000,-2310000,30050000,0,28876000,-21060000,0,6776000,23000,49620000,49620000,49620000,0,0,0.04,284492000,86224000,96727000,0.0,1.262,9.107,9.108,33365000,0,11.43,0.367,0.368,162510000,201562000,1231201000,1231201000,0,0.085,0.15,0.215,0.069,5200000,277019000,1.0,39535394,39592000,40384000,31.097,502392000,9704000,29620000,7501000,12.689,288259000
GIII,MRY,2012-12-31,2013-01-31,2013-01-31,2018-04-02,3523000,717772000,711817250,516585000,201187000,1.966,10.732,-11615000,27360000,27360000,948392000,56569000,2.215,0.672,84778000,65000000,19778000,84778000,0,9941000,0,0.0,0.0,99765000,109706000,0.078,109706000,99765000,92311000,1.42,1.4,1.42,429399000,393234250,429399000,965406807,9,8.8,42879000,1.072,1.0,451327000,0.322,150318000,7454000,391656000,433529000,280929000,0,0,0,288532000,233216000,55316000,721327807,2700000,-78367000,1425000,34950000,0,37668000,-89982000,0,54494000,520000,56875000,56875000,56875000,0,-306000,0.041,351149000,100178000,104037000,0.0,1.68,12.683,12.637,40816000,0,17.945,0.515,0.513,178216000,258437000,1399719000,1399719000,0,0.08,0.145,0.23,0.071,7738000,341242000,1.0,40196590,40012000,40560000,34.982,567454000,10285000,35436000,26623000,14.182,283369000
GIII,MRY,2013-12-31,2014-01-31,2014-01-31,2018-04-02,6165000,830897000,839270500,586190000,244707000,2.047,12.87,-29283000,22091000,22091000,1133222000,76402000,2.43,0.591,69403000,48843000,20560000,69403000,0,13676000,0,0.0,0.0,131785000,145461000,0.085,145461000,131785000,123186000,1.9,1.85,1.9,523113000,475382250,523113000,1633633475,12,11.231,55310000,1.361,1.0,585009000,0.34,150616000,8599000,486367000,502115500,359639000,0,0,0,308901000,241226000,67675000,1427375475,-5269000,-49129000,1906000,-16157000,0,-9999000,-78412000,0,84593000,-1451000,77360000,77360000,77360000,0,-958000,0.045,454182000,130827000,131241000,0.0,2.729,18.451,18.413,62832000,0,34.985,0.831,0.828,160010000,335797000,1718231000,1718231000,0,0.092,0.163,0.262,0.077,9953000,440506000,1.0,40799642,40646000,41728000,42.273,680281000,16331000,45826000,22100000,16.737,344964000
GIII,MRY,2014-12-31,2015-01-31,2015-01-31,2018-04-02,-10105000,1043761000,1036350750,795909000,247852000,2.043,17.582,-42566000,128354000,128354000,1359596000,108991000,3.341,0.371,0,0,0,0,0,20374000,0,0.0,0.0,177753000,198127000,0.094,198127000,177753000,169811000,2.55,2.48,2.55,761258000,676756000,761258000,2288943948,12,11.553,46073000,1.064,1.0,757259000,0.358,138460000,7942000,538741000,606518250,426180000,0,0,0,282503000,238206000,44297000,2184248948,106263000,3211000,129415000,-65760000,0,59339000,-39355000,0,88639000,-2360000,110361000,110361000,110361000,0,-1370000,0.052,592364000,164895000,174541000,0.0,2.869,19.792,19.059,81671000,0,48.6,1.032,0.994,195678000,446158000,2116855000,2116855000,0,0.106,0.163,0.293,0.084,12224000,571990000,1.0,44943394,43298000,44424000,48.89,905301000,22579000,59450000,20471000,20.909,557703000
GIII,MRY,2015-12-31,2016-01-31,2016-01-31,2018-04-02,-23689000,1184070000,1185522750,902440000,281630000,1.977,19.593,-42172000,132587000,132587000,1505504000,114333000,3.686,0.333,0,0,0,0,0,25392000,0,0.0,0.0,185824000,211216000,0.09,211216000,185824000,179133000,2.52,2.46,2.52,888127000,829863250,888127000,2365256563,12,11.198,32124000,0.709,1.0,838638000,0.358,127503000,6691000,679176000,717211750,485311000,25662000,0,25662000,295943000,244804000,51139000,2247714563,4233000,-25490000,417000,0,0,417000,-67662000,0,74296000,-2818000,114333000,114333000,114333000,0,0,0.049,654154000,184484000,173586000,0.0,2.531,19.659,19.587,103579000,0,49.36,0.959,0.954,221500000,560491000,2344142000,2344142000,0,0.096,0.138,0.259,0.079,15576000,628762000,1.0,45537167,45328000,46512000,51.715,1056567000,40911000,64800000,23840000,23.309,657636000
GIII,MRY,2016-12-31,2017-01-31,2017-01-31,2018-04-02,-27722000,1851944000,1410396500,882938000,969006000,1.692,22.053,-24928000,79957000,79957000,1545574000,51938000,2.799,0.813,461756000,0,461756000,461756000,0,32481000,0,0.0,0.0,93437000,125918000,0.053,125918000,93437000,77762000,1.12,1.1,1.12,1021236000,948223500,1021236000,1323615025,14,10.512,80767000,1.744,1.0,840861000,0.352,753234000,15675000,1165090000,903518750,483269000,61171000,0,61171000,830708000,315419000,515289000,1277277025,-52630000,-500835000,260000,374326000,0,367631000,-525763000,0,105695000,-193000,51938000,51938000,51938000,0,0,0.022,747397000,93464000,217902000,0.0,1.251,24.592,23.446,102571000,0,26.26,0.535,0.51,263881000,612418000,2386435000,2386435000,0,0.037,0.055,0.103,0.039,16901000,704436000,1.0,48639643,46308000,47394000,51.534,1098710000,24734000,25824000,16542000,23.726,567519000
GIII,MRY,2017-12-31,2018-01-31,2018-01-31,2018-04-02,-5522000,1915177000,2005017250,959601000,955576000,1.4,22.956,-34507000,45776000,45776000,1752033000,62124000,2.764,0.709,391044000,0,391044000,391044000,0,37783000,0,0.0,0.0,153537000,191320000,0.068,191320000,153537000,110049000,1.27,1.25,1.27,1120689000,1066178750,1120689000,2491552594,16,13.023,45227000,0.926,1.0,1054905000,0.376,751380000,43488000,1161898000,1400539750,553323000,62422000,0,62422000,794488000,347167000,447321000,1833173594,-34181000,595000,1578000,-79118000,0,-83654000,-33912000,0,79734000,3651000,62124000,62124000,62124000,0,0,0.022,900914000,153991000,232364000,0.0,1.636,29.508,29.409,97857000,0,37.35,0.653,0.65,294430000,674542000,2806938000,2806938000,0,0.031,0.058,0.11,0.055,19665000,855247000,1.0,49080953,48820000,49750000,57.496,1163797000,26497000,47925000,35636000,23.839,612434000
