ticker,dimension,calendardate,datekey,reportperiod,lastupdated,accoci,assets,assetsavg,assetsc,assetsnc,assetturnover,bvps,capex,cashneq,cashnequsd,cor,consolinc,currentratio,de,debt,debtc,debtnc,debtusd,deferredrev,depamor,deposits,divyield,dps,ebit,ebitda,ebitdamargin,ebitdausd,ebitusd,ebt,eps,epsdil,epsusd,equity,equityavg,equityusd,ev,evebit,evebitda,fcf,fcfps,fxusd,gp,grossmargin,intangibles,intexp,invcap,invcapavg,inventory,investments,investmentsc,investmentsnc,liabilities,liabilitiesc,liabilitiesnc,marketcap,ncf,ncfbus,ncfcommon,ncfdebt,ncfdiv,ncff,ncfi,ncfinv,ncfo,ncfx,netinc,netinccmn,netinccmnusd,netincdis,netincnci,netmargin,opex,opinc,payables,payoutratio,pb,pe,pe1,ppnenet,prefdivis,price,ps,ps1,receivables,retearn,revenue,revenueusd,rnd,roa,roe,roic,ros,sbcomp,sgna,sharefactor,sharesbas,shareswa,shareswadil,sps,tangibles,taxassets,taxexp,taxliabilities,tbvps,workingcapital
GLAD,MRY,2011-12-31,2011-09-30,2011-09-30,2018-05-02,-80479000,317624000,294946750,,,0.119,10.158,0,6732000,6732000,9686000,-21099000,,0.486,100012000,,,100012000,0,0,0,0.122,0.84,-18423000,-18423000,-0.523,-18423000,-18423000,-21099000,-1.0,-1.0,-1.0,213721000,228358000,213721000,229253200,-12,-12.444,-68370000,-3.25,1.0,25525000,0.725,0,2676000,410904000,350408250,0,302947000,,,103903000,,,144329200,-1000000,0,0,85846000,-17672000,67370000,0,0,-68370000,0,-21099000,-21099000,-21099000,0,0,-0.599,3017000,22508000,2467000,-0.84,0.675,-6.841,-6.86,0,0,6.86,4.099,4.099,-1311000,-28876000,35211000,35211000,0,-0.072,-0.092,-0.053,-0.523,0,3017000,1.0,21039242,21039242,21039242,1.674,317624000,0,0,0,15.097,
GLAD,MRY,2012-12-31,2012-09-30,2012-09-30,2018-05-02,-94712000,293402000,308633750,,,0.131,8.979,0,10662000,10662000,9808000,-8008000,,0.556,62451000,,,62451000,0,0,0,0.096,0.84,-3634000,-3634000,-0.09,-3634000,-3634000,-8008000,-0.38,-0.38,-0.38,188564000,196398750,188564000,265026400,-72,-72.93,26198000,1.247,1.0,30514000,0.757,0,4374000,345191000,368674250,0,273960000,,,104838000,,,183751400,3396000,0,0,-40099000,-17650000,-22802000,0,0,26198000,0,-8008000,-8008000,-8008000,0,0,-0.199,3362000,27152000,2479000,-2.211,0.974,-22.946,-23.026,0,0,8.75,4.557,4.559,-847000,-38435000,40322000,40322000,0,-0.026,-0.041,-0.01,-0.09,0,3362000,1.0,21000160,21011123,21011123,1.919,293402000,0,0,0,13.971,
GLAD,MRY,2013-12-31,2013-09-30,2013-09-30,2018-05-02,-75648000,295091000,288538500,,,0.125,9.809,0,15076000,15076000,8444000,32219000,,0.433,47102000,,,47102000,0,0,0,0.096,0.84,35401000,35401000,0.979,35401000,35401000,32219000,1.53,1.53,1.53,205992000,191584250,205992000,225025396,6,6.356,32136000,1.53,1.0,27710000,0.766,0,3182000,327117000,329875750,0,256878000,,,89099000,,,183331396,4043000,0,0,-9051000,-17640000,-28093000,0,0,32136000,0,32219000,32219000,32219000,0,0,0.891,2187000,25523000,2326000,0.549,0.89,5.69,5.706,0,0,8.73,5.071,5.071,16298000,-41142000,36154000,36154000,0,0.112,0.168,0.107,0.979,0,2187000,1.0,21000160,21000160,21000160,1.722,295091000,0,0,0,14.052,
GLAD,MRY,2014-12-31,2014-09-30,2014-09-30,2018-05-02,-69373000,301429000,298481000,,,0.123,9.508,0,6989000,6989000,8067000,11233000,,0.51,38013000,,,38013000,0,0,0,0.096,0.84,13861000,13861000,0.379,13861000,13861000,11233000,0.53,0.53,0.53,199660000,199578750,199660000,212158403,15,15.306,473000,0.023,1.0,28518000,0.779,0,2628000,332453000,335994250,0,281286000,,,101769000,,,184171403,-7586000,0,0,-10125000,-17640000,-8059000,0,0,473000,0,11233000,11233000,11233000,0,0,0.307,2937000,25581000,1555000,1.585,0.922,16.396,16.547,0,0,8.77,5.034,5.034,5922000,-38236000,36585000,36585000,0,0.038,0.056,0.041,0.379,0,2937000,1.0,21000160,21000160,21000160,1.742,301429000,0,0,0,14.354,
GLAD,MRY,2015-12-31,2015-09-30,2015-09-30,2018-05-02,-44414000,382482000,369477750,,,0.103,9.059,0,4091000,4091000,8087000,8484000,,0.998,127300000,,,127300000,0,0,0,0.103,0.84,12312000,12312000,0.324,12312000,12312000,8484000,0.4,0.4,0.4,191444000,197209000,191444000,268081086,21,21.774,-74479000,-3.535,1.0,29971000,0.788,0,3828000,505691000,470465750,0,365891000,,,191038000,,,171800086,-2506000,0,900000,90700000,-17700000,71973000,0,0,-74479000,0,8484000,8484000,8484000,0,0,0.223,3221000,26750000,1751000,2.1,0.897,20.25,20.325,0,0,8.13,4.514,4.5,1186000,-72025000,38058000,38058000,0,0.023,0.043,0.026,0.324,0,3221000,1.0,21131622,21066844,21066844,1.807,382482000,0,0,0,18.099,
GLAD,MRY,2016-12-31,2016-09-30,2016-09-30,2018-05-02,-59687000,335538000,325092750,,,0.12,8.611,0,6558000,6558000,7892000,11367000,,0.668,71300000,,,71300000,0,0,0,0.103,0.84,14266000,14266000,0.365,14266000,14266000,11367000,0.49,0.49,0.49,201207000,192098750,201207000,258008150,18,18.086,60023000,2.587,1.0,31220000,0.798,0,2899000,400280000,382053000,0,322114000,,,134331000,,,189790150,2344000,0,17883000,-56000000,-19487000,-57679000,0,0,60023000,0,11367000,11367000,11367000,0,0,0.291,3641000,27579000,2523000,1.714,0.943,16.697,16.592,0,0,8.13,4.852,4.823,2164000,-66807000,39112000,39112000,0,0.035,0.059,0.037,0.365,0,3641000,1.0,23344422,23200642,23200642,1.686,335538000,0,0,0,14.361,
GLAD,MRY,2017-12-31,2017-09-30,2017-09-30,2018-05-02,-59177000,365860000,340123500,,,0.115,8.411,0,5270000,5270000,6434000,17180000,,0.666,93115000,,,93115000,0,0,0,0.088,0.84,20253000,20253000,0.516,20253000,20253000,17180000,0.67,0.67,0.67,219650000,215672000,219650000,323092965,15,15.953,-12878000,-0.505,1.0,32799000,0.836,0,3073000,453705000,398539000,0,352373000,,,146210000,,,248096965,-1140000,0,22696000,21700000,-21433000,11738000,0,0,-12878000,0,17180000,17180000,17180000,0,0,0.438,3047000,29752000,2058000,1.254,1.13,14.441,14.179,0,0,9.5,6.324,6.173,3086000,-69447000,39233000,39233000,0,0.051,0.08,0.051,0.516,0,3047000,1.0,26115470,25495117,25495117,1.539,365860000,0,0,0,14.009,
