ticker,dimension,calendardate,datekey,reportperiod,lastupdated,accoci,assets,assetsavg,assetsc,assetsnc,assetturnover,bvps,capex,cashneq,cashnequsd,cor,consolinc,currentratio,de,debt,debtc,debtnc,debtusd,deferredrev,depamor,deposits,divyield,dps,ebit,ebitda,ebitdamargin,ebitdausd,ebitusd,ebt,eps,epsdil,epsusd,equity,equityavg,equityusd,ev,evebit,evebitda,fcf,fcfps,fxusd,gp,grossmargin,intangibles,intexp,invcap,invcapavg,inventory,investments,investmentsc,investmentsnc,liabilities,liabilitiesc,liabilitiesnc,marketcap,ncf,ncfbus,ncfcommon,ncfdebt,ncfdiv,ncff,ncfi,ncfinv,ncfo,ncfx,netinc,netinccmn,netinccmnusd,netincdis,netincnci,netmargin,opex,opinc,payables,payoutratio,pb,pe,pe1,ppnenet,prefdivis,price,ps,ps1,receivables,retearn,revenue,revenueusd,rnd,roa,roe,roic,ros,sbcomp,sgna,sharefactor,sharesbas,shareswa,shareswadil,sps,tangibles,taxassets,taxexp,taxliabilities,tbvps,workingcapital
GLRE,MRY,2011-12-31,2011-12-31,2011-12-31,2018-04-30,0,2343488000,2310997750,,,0.174,21.284,-460000,999746000,999746000,241690000,8566000,,1.865,683816000,,,683816000,0,232000,0,0.0,0.0,7016000,7248000,0.018,7248000,7016000,7016000,0.19,0.18,0.19,803103000,781225000,803103000,542754882,77,74.883,-26380000,-0.722,1.0,161456000,0.4,0,0,2027558000,1995677250,0,1047583000,,,1497790000,,,864168882,12878000,-4960000,0,0,0,0,22664000,27918000,-25920000,0,6769000,6769000,6769000,0,1797000,0.017,152643000,8813000,292551000,0.0,1.076,127.666,124.579,0,0,23.67,2.144,2.146,141278000,310971000,403146000,403146000,0,0.003,0.009,0.004,0.017,2931000,152643000,1.0,36509036,36548466,37286454,11.03,2343488000,0,247000,0,62.108,
GLRE,MRY,2012-12-31,2012-12-31,2012-12-31,2018-04-30,0,2722753000,2665310750,,,0.205,22.258,0,1228727000,1228727000,366601000,18449000,,2.266,908368000,,,908368000,0,250000,0,0.0,0.0,14684000,14934000,0.027,14934000,14684000,14684000,0.4,0.39,0.4,821708000,851451250,821708000,554839311,37,37.153,-50592000,-1.378,1.0,178795000,0.328,0,0,2402394000,2374423500,0,1197258000,,,1862343000,,,846543311,-245693000,-7744000,318000,0,0,318000,29880000,217188000,-50592000,0,14598000,14598000,14598000,0,3851000,0.027,160260000,18535000,361780000,0.0,1.03,57.99,57.7,0,0,23.08,1.552,1.553,173221000,325569000,545396000,545396000,0,0.005,0.017,0.006,0.027,3689000,160260000,1.0,36678653,36702128,37361338,14.86,2722753000,0,86000,0,73.751,
GLRE,MRY,2013-12-31,2013-12-31,2013-12-31,2018-04-30,0,3095276000,2951162250,,,0.259,28.505,-1040000,1337796000,1337796000,338493000,232468000,,1.91,1111690000,,,1111690000,0,325000,0,0.0,0.0,226237000,226562000,0.296,226562000,226237000,226237000,6.13,6.01,6.13,1051595000,951676250,1051595000,908065667,4,4.008,-93737000,-2.545,1.0,425836000,0.557,0,0,2869170000,2623110750,0,1409728000,,,2008972000,,,1243260667,-107932000,-10762000,513000,0,0,513000,74016000,205536000,-92697000,0,225699000,225699000,225699000,0,6769000,0.295,192830000,233006000,353491000,0.0,1.182,5.508,5.499,0,0,33.71,1.627,1.625,167340000,551268000,764329000,764329000,0,0.076,0.237,0.086,0.296,3675000,192830000,1.0,36881064,36838128,37585167,20.748,3095276000,0,538000,0,83.901,
GLRE,MRY,2014-12-31,2014-12-31,2014-12-31,2018-04-30,0,2995292000,3024577000,,,0.159,31.215,0,1308944000,1308944000,234986000,113275000,,1.546,1090731000,,,1090731000,0,436000,0,0.0,0.0,108968000,109404000,0.228,109404000,108968000,108968000,2.94,2.89,2.94,1165151000,1116621000,1165151000,956512246,8,8.743,-133732000,-3.591,1.0,244816000,0.51,0,0,2777079000,2787104000,0,1432544000,,,1801251000,,,1219182246,35476000,-9502000,0,0,0,0,142040000,219698000,-133732000,0,109592000,109592000,109592000,0,3683000,0.228,132165000,112651000,251442000,0.0,1.046,11.125,11.105,0,0,32.65,2.541,2.534,151185000,660860000,479802000,479802000,0,0.036,0.098,0.039,0.227,3964000,132165000,1.0,37340957,37242687,37874387,12.883,2995292000,0,-624000,0,80.246,
GLRE,MRY,2015-12-31,2015-12-31,2015-12-31,2018-04-30,0,2712522000,2976239250,,,0.041,22.446,0,1348751000,1348751000,317097000,-331933000,,2.258,882906000,,,882906000,0,405000,0,0.0,0.0,-328180000,-327775000,-2.664,-327775000,-328180000,-328180000,-8.9,-8.9,-8.9,825391000,983555000,825391000,347380907,-1,-1.06,-57445000,-1.567,1.0,-194047000,-1.577,0,0,2246677000,2607558000,0,1089310000,,,1863749000,,,692783907,50400000,0,-17692000,0,0,-17609000,177686000,127286000,-57445000,-2500000,-326425000,-326425000,-326425000,0,-5508000,-2.653,139641000,-333688000,414779000,0.0,0.839,-2.122,-2.102,0,0,18.71,5.63,5.576,187940000,325287000,123050000,123050000,0,-0.11,-0.332,-0.126,-2.667,4274000,139641000,1.0,37027467,36670466,36670466,3.356,2712522000,0,-1755000,0,73.765,
GLRE,MRY,2016-12-31,2016-12-31,2016-12-31,2018-04-30,0,2664693000,2723264250,,,0.216,22.836,0,1242509000,1242509000,380815000,46700000,,2.028,859902000,,,859902000,0,390000,0,0.0,0.0,45390000,45780000,0.078,45780000,45390000,45390000,1.2,1.2,1.2,874242000,836537250,874242000,516934255,11,11.292,-35787000,-0.96,1.0,207551000,0.353,0,0,2282086000,2343140250,0,1056271000,,,1773006000,,,851952255,36972000,-7756000,0,0,0,0,-30435000,-59651000,-35787000,-6082000,44881000,44881000,44881000,0,1819000,0.076,160342000,47209000,361245000,0.0,0.975,18.982,19.0,0,0,22.8,1.448,1.444,219126000,370168000,588366000,588366000,0,0.016,0.054,0.019,0.077,3970000,160342000,1.0,37366327,37267145,37340018,15.788,2664693000,0,509000,0,69.604,
GLRE,MRY,2017-12-31,2017-12-31,2017-12-31,2018-04-30,0,3357393000,3137295250,,,0.206,22.454,0,1531098000,1531098000,502404000,-44374000,,3.014,912797000,,,912797000,0,368000,0,0.0,0.0,-45403000,-45035000,-0.07,-45035000,-45403000,-45403000,-1.21,-1.21,-1.21,831324000,857258000,831324000,258834935,-5,-5.747,94419000,2.552,1.0,143271000,0.222,0,0,2739092000,2602227000,0,1391481000,,,2505967000,,,750709935,-308241000,2079000,-2819000,0,0,-2819000,-106534000,199628000,94419000,2361000,-44952000,-44952000,-44952000,0,578000,-0.07,188096000,-44825000,816758000,0.0,0.903,-16.7,-16.612,0,0,20.1,1.163,1.152,301762000,324272000,645675000,645675000,0,-0.014,-0.052,-0.017,-0.07,4853000,188096000,1.0,37348753,37002260,37002260,17.45,3357393000,0,-451000,0,90.681,
