ticker,dimension,calendardate,datekey,reportperiod,lastupdated,accoci,assets,assetsavg,assetsc,assetsnc,assetturnover,bvps,capex,cashneq,cashnequsd,cor,consolinc,currentratio,de,debt,debtc,debtnc,debtusd,deferredrev,depamor,deposits,divyield,dps,ebit,ebitda,ebitdamargin,ebitdausd,ebitusd,ebt,eps,epsdil,epsusd,equity,equityavg,equityusd,ev,evebit,evebitda,fcf,fcfps,fxusd,gp,grossmargin,intangibles,intexp,invcap,invcapavg,inventory,investments,investmentsc,investmentsnc,liabilities,liabilitiesc,liabilitiesnc,marketcap,ncf,ncfbus,ncfcommon,ncfdebt,ncfdiv,ncff,ncfi,ncfinv,ncfo,ncfx,netinc,netinccmn,netinccmnusd,netincdis,netincnci,netmargin,opex,opinc,payables,payoutratio,pb,pe,pe1,ppnenet,prefdivis,price,ps,ps1,receivables,retearn,revenue,revenueusd,rnd,roa,roe,roic,ros,sbcomp,sgna,sharefactor,sharesbas,shareswa,shareswadil,sps,tangibles,taxassets,taxexp,taxliabilities,tbvps,workingcapital
GMAN,MRY,2011-12-31,2012-01-28,2012-01-28,2017-03-29,0,162613000,158270250,123482000,39131000,3.527,4.077,-18122000,35413000,35413000,316167000,25173000,1.955,1.092,844000,655000,189000,844000,0,4307000,0,0.0,0.0,40895000,45202000,0.081,45202000,40895000,40285000,1.32,1.3,1.32,77723000,67039250,77723000,275256381,6,6.089,8994000,0.471,1.0,241979000,0.434,2078000,610000,62813000,56994250,65335000,0,0,0,84890000,63153000,21737000,281622381,6045000,0,-6497000,-2257000,0,-3181000,-17890000,0,27116000,0,25173000,25173000,25173000,0,0,0.045,201084000,40895000,36034000,0.0,3.623,11.187,11.045,34507000,0,14.58,0.505,0.499,11726000,26377000,558146000,558146000,0,0.159,0.375,0.718,0.073,1421000,201084000,1.0,19315664,19098377,19370290,29.225,160535000,5769000,15112000,6604000,8.42,60329000
GMAN,MRY,2012-12-31,2013-02-02,2013-02-02,2017-03-29,0,191126000,200007750,140135000,50991000,3.075,5.321,-21040000,40824000,40824000,350212000,23531000,2.45,0.867,189000,189000,0,189000,0,6978000,0,0.0,0.0,38131000,45109000,0.073,45109000,38131000,37650000,1.23,1.21,1.23,102388000,93128000,102388000,205320313,5,4.552,5465000,0.285,1.0,264841000,0.431,1992000,481000,91310000,77460000,78006000,0,0,0,88738000,57189000,31549000,237231313,5411000,0,178000,-655000,0,-477000,-20617000,0,26505000,0,23531000,23531000,23531000,0,0,0.038,226710000,38131000,34211000,0.0,2.317,10.082,9.927,45966000,0,12.21,0.386,0.38,10836000,49908000,615053000,615053000,0,0.118,0.253,0.492,0.062,956000,226710000,1.0,19429264,19165260,19405218,32.092,189134000,3917000,14119000,9236000,9.83,82946000
GMAN,MRY,2013-12-31,2014-02-01,2014-02-01,2017-03-29,0,206987000,229980250,122926000,84061000,2.728,2.161,-36321000,5759000,5759000,365463000,8013000,1.554,3.951,52250000,7813000,44437000,52250000,0,9841000,0,0.499,3.6,14793000,24634000,0.039,24634000,14793000,12311000,0.42,0.41,0.42,41805000,73527750,41805000,191599605,12,7.778,-15506000,-0.804,1.0,261924000,0.417,1906000,2482000,172450000,133062500,94711000,0,0,0,165182000,79122000,86060000,140215605,-35065000,0,84000,50039000,-69682000,-19559000,-36321000,0,20815000,0,8013000,8013000,8013000,0,0,0.013,247131000,14793000,42561000,8.571,3.354,17.499,17.19,76393000,0,7.22,0.223,0.222,7471000,-12009000,627387000,627387000,0,0.035,0.109,0.111,0.024,1250000,247131000,1.0,19420444,19289000,19345000,32.526,205081000,6624000,4298000,9553000,10.599,43804000
GMAN,MRY,2014-12-31,2015-01-31,2015-01-31,2017-03-29,0,226877000,240975000,127548000,99329000,2.669,1.987,-30725000,7634000,7634000,378883000,-3476000,1.179,4.895,41290000,12463000,28827000,41290000,0,13698000,0,0.0,0.0,-931000,12767000,0.02,12767000,-931000,-5929000,-0.18,-0.18,-0.18,38487000,38236250,38487000,111440505,-119,8.729,14455000,0.747,1.0,264345000,0.411,1820000,4998000,150548000,156379000,94470000,0,0,0,188390000,108165000,80225000,72433505,1875000,0,-15000,-12533000,-71000,-12619000,-30686000,0,45180000,0,-3476000,-3476000,-3476000,0,0,-0.005,265276000,-931000,64349000,0.0,1.882,-20.838,-20.556,91601000,0,3.7,0.113,0.111,5489000,-15403000,643228000,643228000,0,-0.014,-0.091,-0.006,-0.001,90000,265276000,1.0,19576623,19360000,19360000,33.225,225057000,11420000,-2453000,15636000,11.621,19383000
GMAN,MRY,2015-12-31,2016-01-30,2016-01-30,2017-03-29,0,229172000,251811000,137155000,92017000,2.612,1.795,-13659000,6969000,6969000,383446000,-4338000,1.193,5.568,45735000,18390000,27345000,45735000,0,16712000,0,0.0,0.0,-3343000,13369000,0.02,13369000,-3343000,-7112000,-0.22,-0.22,-0.22,34894000,36156000,34894000,106773823,-31,7.987,-5053000,-0.26,1.0,274410000,0.417,1820000,3769000,151184000,155802750,106566000,0,0,0,194278000,114934000,79344000,49466823,-665000,0,31000,4370000,-34000,4367000,-13638000,0,8606000,0,-4338000,-4338000,-4338000,0,0,-0.007,275739000,-1329000,66393000,0.0,1.418,-11.403,-11.409,86375000,0,2.51,0.075,0.074,7701000,-19727000,657856000,657856000,0,-0.017,-0.12,-0.021,-0.005,700000,275739000,1.0,19707898,19407000,19407000,33.898,227352000,7823000,-2774000,18130000,11.697,22221000
