ticker,dimension,calendardate,datekey,reportperiod,lastupdated,accoci,assets,assetsavg,assetsc,assetsnc,assetturnover,bvps,capex,cashneq,cashnequsd,cor,consolinc,currentratio,de,debt,debtc,debtnc,debtusd,deferredrev,depamor,deposits,divyield,dps,ebit,ebitda,ebitdamargin,ebitdausd,ebitusd,ebt,eps,epsdil,epsusd,equity,equityavg,equityusd,ev,evebit,evebitda,fcf,fcfps,fxusd,gp,grossmargin,intangibles,intexp,invcap,invcapavg,inventory,investments,investmentsc,investmentsnc,liabilities,liabilitiesc,liabilitiesnc,marketcap,ncf,ncfbus,ncfcommon,ncfdebt,ncfdiv,ncff,ncfi,ncfinv,ncfo,ncfx,netinc,netinccmn,netinccmnusd,netincdis,netincnci,netmargin,opex,opinc,payables,payoutratio,pb,pe,pe1,ppnenet,prefdivis,price,ps,ps1,receivables,retearn,revenue,revenueusd,rnd,roa,roe,roic,ros,sbcomp,sgna,sharefactor,sharesbas,shareswa,shareswadil,sps,tangibles,taxassets,taxexp,taxliabilities,tbvps,workingcapital
GOLD,MRY,2011-12-31,2011-12-31,2011-12-31,2018-03-29,0,2477267000,2235803500,756486000,1720781000,0.434,23.991,-351878000,463220000,463220000,490754000,441905000,6.117,0.083,2614000,0,2614000,2614000,0,65562000,0,0.002,0.2,475031000,540593000,0.557,540593000,475031000,471946000,4.2,4.16,4.2,2191266000,1991653500,2191266000,8936761677,18,16.531,213689000,2.34,1.0,479561000,0.494,0,3085000,1892991000,1710183500,191007000,604060000,6843000,597217000,181486000,123670000,57816000,9300224677,113636000,-100139000,19227000,0,-18221000,1006000,-452937000,-920000,565567000,0,441905000,441905000,441905000,0,0,0.455,57586000,421975000,116967000,0.048,4.244,21.046,24.31,1123564000,0,102.1,9.585,9.611,95416000,759209000,970315000,970315000,0,0.198,0.222,0.278,0.49,23581000,43596000,1.0,91089370,91338000,91338000,10.623,2477267000,0,30041000,27281000,27.122,632816000
GOLD,MRY,2012-12-31,2012-12-31,2012-12-31,2018-03-29,0,3008891000,2743079000,851609000,2157282000,0.431,28.495,-272207000,373868000,373868000,650804000,510782000,5.832,0.088,3249000,0,3249000,3249000,0,117991000,0,0.004,0.4,469839000,587830000,0.497,587830000,469839000,468855000,4.7,4.65,4.7,2619014000,2405140000,2619014000,8615106107,18,14.656,252022000,2.742,1.0,532323000,0.45,0,984000,2492247000,2192619000,272609000,863450000,3003000,860447000,231204000,146025000,85179000,9100136107,-89352000,-294811000,14077000,0,-36737000,-47483000,-566098000,920000,524229000,0,431801000,431801000,431801000,0,78981000,0.365,39033000,493290000,133441000,0.085,3.475,21.075,21.109,1294865000,0,99.212,7.692,7.707,202129000,1154273000,1183127000,1183127000,0,0.157,0.18,0.214,0.397,21150000,39033000,1.0,91723870,91911000,91911000,12.873,3008891000,1970000,37054000,41939000,32.737,705584000
GOLD,MRY,2013-12-31,2013-12-31,2013-12-31,2018-03-29,0,3376513000,3192702000,406451000,2970062000,0.356,31.222,-303099000,38151000,38151000,739534000,325747000,1.707,0.111,2929000,0,2929000,2929000,0,130638000,0,0.008,0.5,410198000,540836000,0.475,540836000,410198000,402461000,3.02,2.98,3.02,2879041000,2749027500,2879041000,5413698995,13,10.01,161367000,1.75,1.0,398156000,0.35,0,7737000,3103196000,2797721500,322425000,1322066000,1831000,1320235000,318659000,238095000,80564000,5782963995,-335717000,-424906000,1184000,0,-46137000,-72178000,-728005000,0,464466000,0,325747000,325747000,325747000,0,0,0.286,49485000,348671000,174445000,0.166,2.009,17.753,20.798,1457500000,0,62.81,5.083,5.091,235077000,1386518000,1137690000,1137690000,0,0.102,0.118,0.147,0.361,26282000,49485000,1.0,92070753,92213000,92213000,12.338,3376513000,1294000,76714000,92108000,36.616,168356000
GOLD,MRY,2014-12-31,2014-12-31,2014-12-31,2018-03-29,0,3533083000,3454798000,395668000,3137415000,0.315,33.456,-179313000,82752000,82752000,769258000,271160000,2.795,0.074,0,0,0,0,0,146762000,0,0.007,0.5,321094000,467856000,0.431,467856000,321094000,316859000,2.54,2.51,2.54,3098090000,2988565500,3098090000,6183049244,19,13.216,138305000,1.494,1.0,317498000,0.292,0,4235000,3308787000,3205991500,304530000,1439363000,1467000,1437896000,230129000,141544000,88585000,6218271244,44601000,-42320000,2035000,0,-43284000,-51384000,-221633000,0,317618000,0,234974000,234974000,234974000,0,36186000,0.216,41739000,275759000,109354000,0.197,2.007,26.464,26.539,1494530000,0,67.41,5.722,5.744,211510000,1575218000,1086756000,1086756000,0,0.068,0.079,0.1,0.295,24475000,36765000,1.0,92245531,92603000,92603000,11.736,3533083000,398000,81885000,62105000,38.153,254124000
GOLD,MRY,2015-12-31,2015-12-31,2015-12-31,2018-03-29,0,3737320000,3635201500,543543000,3193777000,0.275,35.164,-216038000,213372000,213372000,778470000,212775000,3.416,0.075,0,0,0,0,0,150902000,0,0.019,1.16,241091000,391993000,0.391,391993000,241091000,236680000,2.03,2.01,2.03,3273599000,3185844500,3273599000,5662418503,23,14.445,180944000,1.944,1.0,222950000,0.223,0,4411000,3364827000,3336807000,298310000,1474162000,906000,1473256000,245015000,159121000,85894000,5742404503,130620000,-1757000,289000,0,-38600000,-48567000,-217795000,0,396982000,0,188677000,188677000,188677000,0,24098000,0.188,50792000,172158000,139321000,0.571,1.754,30.435,30.507,1546767000,0,61.93,5.734,5.757,204709000,1708151000,1001420000,1001420000,0,0.052,0.059,0.072,0.241,22943000,45067000,1.0,92724116,93094000,93094000,10.757,3737320000,0,48003000,55348000,40.146,384422000
GOLD,MRY,2016-12-31,2016-12-31,2016-12-31,2018-03-29,0,4040958000,3889139000,866758000,3174200000,0.309,37.362,-170783000,516301000,516301000,772622000,294221000,4.601,0.083,0,0,0,0,0,175343000,0,0.009,0.66,359051000,534394000,0.445,534394000,359051000,355858000,2.64,2.61,2.64,3498699000,3386149000,3498699000,6904029112,19,12.919,350444000,3.742,1.0,428155000,0.357,0,3193000,3336262000,3350544500,283733000,1448634000,0,1448634000,289001000,188395000,100606000,7117401112,302929000,11216000,3233000,0,-52091000,-60713000,-157585000,1982000,521227000,0,247474000,247474000,247474000,0,46747000,0.206,47169000,380986000,127377000,0.25,2.034,28.76,28.917,1560860000,0,76.34,5.927,5.953,231430000,1893542000,1200777000,1200777000,0,0.064,0.073,0.107,0.299,23891000,41202000,1.0,93232920,93644000,93644000,12.823,4040958000,0,108384000,103404000,43.152,678363000
GOLD,MRY,2017-12-31,2017-12-31,2017-12-31,2018-03-29,0,4303469000,4172213500,1020880000,3282589000,0.307,39.406,-195979000,719808000,719808000,773502000,335047000,5.107,0.084,0,0,0,0,0,182900000,0,0.01,1.0,426931000,609831000,0.476,609831000,426931000,423824000,2.96,2.92,2.96,3706355000,3602527000,3706355000,8759952035,20,14.365,351819000,3.741,1.0,506715000,0.396,0,3107000,3383745000,3360003500,276331000,1490719000,0,1490719000,311200000,199916000,111284000,9276253035,203507000,-30169000,277000,0,-94046000,-118143000,-226148000,0,547798000,0,278017000,278017000,278017000,0,57030000,0.217,55650000,451065000,149288000,0.338,2.503,33.366,33.409,1577284000,0,98.89,7.246,7.265,239327000,2077513000,1280217000,1280217000,0,0.067,0.077,0.127,0.333,21993000,47785000,1.0,93803752,94055000,94055000,13.611,4303469000,0,145807000,103409000,45.755,820964000
