ticker,dimension,calendardate,datekey,reportperiod,lastupdated,accoci,assets,assetsavg,assetsc,assetsnc,assetturnover,bvps,capex,cashneq,cashnequsd,cor,consolinc,currentratio,de,debt,debtc,debtnc,debtusd,deferredrev,depamor,deposits,divyield,dps,ebit,ebitda,ebitdamargin,ebitdausd,ebitusd,ebt,eps,epsdil,epsusd,equity,equityavg,equityusd,ev,evebit,evebitda,fcf,fcfps,fxusd,gp,grossmargin,intangibles,intexp,invcap,invcapavg,inventory,investments,investmentsc,investmentsnc,liabilities,liabilitiesc,liabilitiesnc,marketcap,ncf,ncfbus,ncfcommon,ncfdebt,ncfdiv,ncff,ncfi,ncfinv,ncfo,ncfx,netinc,netinccmn,netinccmnusd,netincdis,netincnci,netmargin,opex,opinc,payables,payoutratio,pb,pe,pe1,ppnenet,prefdivis,price,ps,ps1,receivables,retearn,revenue,revenueusd,rnd,roa,roe,roic,ros,sbcomp,sgna,sharefactor,sharesbas,shareswa,shareswadil,sps,tangibles,taxassets,taxexp,taxliabilities,tbvps,workingcapital
GRIF,MRY,2011-12-31,2011-12-03,2011-12-03,2018-04-09,-978000,176675000,178755500,28389000,148286000,0.127,20.121,3675000,7431000,7431000,7656000,-2474000,4.085,0.71,61181000,1700000,59481000,61181000,1296000,6761000,0,0.015,0.4,1410000,8171000,0.361,8171000,1410000,-2757000,-0.48,-0.48,-0.48,103305000,104926250,103305000,193596957,137,23.693,5085000,0.99,1.0,15001000,0.662,0,4167000,223475000,222579250,13695000,3005000,0,3005000,73370000,6950000,66420000,137339957,-1829000,-60000,186000,-2156000,-2052000,-4022000,783000,0,1410000,0,-2474000,-2474000,-2474000,1166000,0,-0.109,12635000,2366000,3954000,-0.833,1.329,-55.513,-55.729,2248000,0,26.75,6.062,6.062,1717000,11284000,22657000,22657000,0,-0.014,-0.024,0.006,0.062,564000,6775000,1.0,5134204,5134204,,4.413,176675000,3659000,-283000,0,34.411,21439000
GRIF,MRY,2012-12-31,2012-12-01,2012-12-01,2018-04-09,-721000,180114000,178869750,30322000,149792000,0.135,20.264,16254000,10181000,10181000,7683000,966000,2.884,0.729,59561000,1869000,57692000,59561000,3742000,6303000,0,0.008,0.2,4769000,11072000,0.457,11072000,4769000,1236000,0.19,0.19,0.19,104146000,104230750,104146000,179724774,37,16.232,18199000,3.541,1.0,16532000,0.683,0,3533000,218979000,219842000,14206000,4226000,0,4226000,75968000,10515000,65453000,130389774,2750000,309000,80000,-1674000,-513000,-2210000,3015000,0,1945000,0,966000,966000,966000,-770000,0,0.04,13146000,3386000,4904000,1.053,1.252,134.979,133.526,2125000,0,25.37,5.385,5.385,1846000,11222000,24215000,24215000,0,0.005,0.009,0.022,0.197,545000,6843000,1.0,5139526,5139526,,4.712,180114000,4123000,270000,0,35.045,19807000
GRIF,MRY,2013-12-31,2013-11-30,2013-11-30,2018-04-09,-449000,184727000,181043750,27586000,157141000,0.141,19.065,6569000,14179000,14179000,8627000,-5821000,1.914,0.883,66708000,2101000,64692000,66708000,8467000,6673000,0,0.006,0.2,-981000,5692000,0.223,5692000,-981000,-4829000,-1.13,-1.13,-1.13,98115000,103460250,98115000,221952078,-226,38.994,7269000,1.412,1.0,16899000,0.662,0,3848000,222846000,223985750,0,2208000,0,2208000,86612000,14410000,72202000,169830078,3998000,2487000,80000,7184000,-1028000,5729000,-2431000,3418000,700000,0,-5821000,-5821000,-5821000,7731000,0,-0.228,14463000,2436000,2479000,-0.177,1.731,-29.175,-29.204,1950000,0,33.0,6.653,6.653,0,4372000,25526000,25526000,0,-0.032,-0.056,-0.004,-0.038,415000,7790000,1.0,5146366,5146366,,4.96,184727000,5975000,992000,0,35.895,13176000
GRIF,MRY,2014-12-31,2014-11-30,2014-11-30,2018-04-09,-835000,186377000,183932750,,,0.132,18.619,9418000,17059000,17059000,8604000,-1104000,,0.944,70168000,,,70168000,8349000,6729000,0,0.007,0.2,2521000,9250000,0.382,9250000,2521000,-1008000,-0.21,-0.21,-0.21,95879000,96656500,95879000,197802044,78,21.384,14771000,2.868,1.0,15615000,0.645,0,3529000,239486000,237931000,0,3375000,,,90498000,,,143619044,2880000,735000,80000,3327000,-1029000,1378000,-3851000,2750000,5353000,0,-1104000,-1104000,-1104000,0,0,-0.046,13806000,1809000,3505000,-0.952,1.498,-130.09,-132.807,0,0,27.89,5.93,5.93,0,2238000,24219000,24219000,0,-0.006,-0.011,0.011,0.104,338000,7077000,1.0,5149574,5149574,,4.703,186377000,5996000,96000,0,36.193,
GRIF,MRY,2015-12-31,2015-11-30,2015-11-30,2018-04-09,-1085000,208050000,201548500,,,0.139,18.4,994000,18271000,18271000,9049000,425000,,1.194,89185000,,,89185000,10790000,7668000,0,0.011,0.3,4475000,12143000,0.432,12143000,4475000,805000,0.08,0.08,0.08,94809000,95547500,94809000,208694220,46,17.186,13955000,2.708,1.0,19039000,0.678,0,3670000,278964000,267125250,0,1970000,,,113241000,,,135516220,1212000,0,80000,19506000,-1030000,17956000,-29705000,1500000,12961000,0,425000,425000,425000,0,0,0.015,14725000,4314000,3348000,3.75,1.429,318.862,328.75,0,0,26.3,4.825,4.825,0,1117000,28088000,28088000,0,0.002,0.004,0.017,0.159,230000,7057000,1.0,5152708,5152708,,5.451,208050000,5838000,380000,0,40.377,
GRIF,MRY,2016-12-31,2016-11-30,2016-11-30,2018-04-09,-1049000,223623000,217402750,,,0.142,17.83,0,24689000,24689000,9060000,576000,,1.463,109697000,,,109697000,9526000,8797000,0,0.01,0.3,5856000,14653000,0.475,14653000,5856000,1311000,0.11,0.11,0.11,90803000,91475750,90803000,246043666,42,16.791,7217000,1.417,1.0,21791000,0.706,0,4545000,308631000,298602250,0,0,,,132820000,,,160165666,6418000,0,-3354000,20125000,-1546000,15825000,-16624000,0,7217000,0,576000,576000,576000,0,0,0.019,16042000,5749000,4140000,2.727,1.764,278.065,285.909,0,0,31.45,5.192,5.192,0,179000,30851000,30851000,0,0.003,0.006,0.02,0.19,267000,7367000,1.0,5092708,5092708,,6.058,223623000,4984000,735000,0,43.91,
GRIF,MRY,2017-12-31,2017-11-30,2017-11-30,2018-04-09,-284000,249037000,239357000,,,0.183,18.609,-1969000,30068000,30068000,12646000,4627000,,1.676,129203000,,,129203000,11818000,10064000,0,0.011,0.4,12990000,23054000,0.525,23054000,12990000,7300000,0.92,0.92,0.92,93053000,92338250,93053000,279095527,21,12.106,7410000,1.482,1.0,31238000,0.712,0,5690000,348172000,332426000,0,0,,,155984000,,,182519527,5379000,1216000,-1474000,19243000,-1514000,15914000,-19914000,0,9379000,0,4627000,4627000,4627000,0,0,0.105,18616000,12622000,4991000,0.435,1.961,39.447,39.674,0,0,36.5,4.159,4.159,0,2806000,43884000,43884000,0,0.019,0.05,0.039,0.296,349000,8552000,1.0,5000535,5000535,,8.776,249037000,1904000,2673000,0,49.802,
