ticker,dimension,calendardate,datekey,reportperiod,lastupdated,accoci,assets,assetsavg,assetsc,assetsnc,assetturnover,bvps,capex,cashneq,cashnequsd,cor,consolinc,currentratio,de,debt,debtc,debtnc,debtusd,deferredrev,depamor,deposits,divyield,dps,ebit,ebitda,ebitdamargin,ebitdausd,ebitusd,ebt,eps,epsdil,epsusd,equity,equityavg,equityusd,ev,evebit,evebitda,fcf,fcfps,fxusd,gp,grossmargin,intangibles,intexp,invcap,invcapavg,inventory,investments,investmentsc,investmentsnc,liabilities,liabilitiesc,liabilitiesnc,marketcap,ncf,ncfbus,ncfcommon,ncfdebt,ncfdiv,ncff,ncfi,ncfinv,ncfo,ncfx,netinc,netinccmn,netinccmnusd,netincdis,netincnci,netmargin,opex,opinc,payables,payoutratio,pb,pe,pe1,ppnenet,prefdivis,price,ps,ps1,receivables,retearn,revenue,revenueusd,rnd,roa,roe,roic,ros,sbcomp,sgna,sharefactor,sharesbas,shareswa,shareswadil,sps,tangibles,taxassets,taxexp,taxliabilities,tbvps,workingcapital
GSS,MRY,2011-12-31,2011-12-31,2011-12-31,2018-03-30,1978000,630062000,697812500,197799000,432263000,0.675,1.247,-101380000,104917000,104917000,420153000,-2502000,0.861,0.999,139218000,128459000,10759000,139218000,0,71466000,0,0.0,0.0,17800000,89266000,0.19,89266000,17800000,8909000,-0.01,-0.01,-0.01,322573000,410071750,322573000,442249401,24,4.954,-77737000,-0.301,1.0,50854000,0.108,2759000,8891000,431864000,565443250,74140000,1416000,1416000,0,322389000,229740000,92649000,426730401,-74374000,0,282000,-522000,0,-460000,-97557000,0,23643000,0,-2075000,-2075000,-2075000,0,-427000,-0.004,30515000,20339000,92088000,0.0,1.323,-205.653,-165.0,427336000,0,1.65,0.906,0.906,10077000,-393838000,471007000,471007000,5137000,-0.003,-0.005,0.031,0.038,3385000,25378000,1.0,258624486,258600000,258600000,1.821,627303000,0,10984000,197000,2.426,-31941000
GSS,MRY,2012-12-31,2012-12-31,2012-12-31,2018-03-30,6256000,656295000,725646750,200059000,456236000,0.759,1.314,-117299000,80912000,80912000,462896000,9702000,1.529,0.963,117475000,6968000,110507000,117475000,0,89442000,0,0.0,0.0,38067000,127509000,0.232,127509000,38067000,24942000,0.03,0.03,0.03,340560000,414746500,340560000,527646384,13,4.138,5795000,0.022,1.0,87644000,0.159,1511000,13125000,560505000,595762000,82979000,15034000,15034000,0,328119000,130842000,197277000,476589384,-24760000,0,0,-50296000,0,-49996000,-97858000,-938000,123094000,0,7186000,7186000,7186000,0,2516000,0.013,26894000,60750000,101760000,0.0,1.399,66.322,61.333,452462000,0,1.84,0.866,0.865,11896000,-386652000,550540000,550540000,2788000,0.01,0.017,0.064,0.069,6542000,24106000,1.0,259015970,258900000,258900000,2.126,654784000,235000,17756000,12393000,2.526,69217000
GSS,MRY,2013-12-31,2013-12-31,2013-12-31,2018-03-30,0,325743000,491019000,148328000,177415000,0.953,0.277,-102867000,67580000,67580000,437106000,-298514000,1.082,4.17,94242000,10855000,83387000,94242000,0,60008000,0,0.0,0.0,-268382000,-208374000,-0.445,-208374000,-268382000,-278223000,-1.03,-1.03,-1.03,71708000,206134000,71708000,150999626,0,-0.725,-43621000,-0.168,1.0,30690000,0.066,446000,9841000,214832000,387668500,67725000,0,0,0,299041000,137127000,161914000,114006626,-13333000,0,0,28631000,0,28783000,-101362000,0,59246000,0,-265892000,-265892000,-265892000,0,-32622000,-0.568,23182000,7508000,108983000,0.0,1.59,-0.429,-0.427,174940000,0,0.44,0.244,0.244,8200000,-652544000,467796000,467796000,1667000,-0.542,-1.29,-0.692,-0.574,3013000,21515000,1.0,259105970,259100000,259100000,1.805,325297000,0,-12331000,9506000,1.255,11201000
GSS,MRY,2014-12-31,2014-12-31,2014-12-31,2018-03-30,0,258053000,291898000,113230000,144823000,1.127,0.005,-33655000,41393000,41393000,331131000,-93803000,0.78,265.741,102979000,17181000,85798000,102979000,0,26267000,0,0.0,0.0,-76320000,-50053000,-0.152,-50053000,-76320000,-83695000,-0.28,-0.28,-0.28,1175000,36441500,1175000,81130724,-1,-1.621,-31244000,-0.12,1.0,-2216000,-0.007,0,7375000,174445000,194638500,54279000,0,0,0,312246000,145194000,167052000,54468724,-26199000,0,0,7951000,0,7951000,-36561000,0,2411000,0,-83441000,-83441000,-83441000,0,-10362000,-0.254,16923000,-19139000,123451000,0.0,46.356,-0.653,-0.75,142782000,0,0.21,0.166,0.166,14832000,-725623000,328915000,328915000,556000,-0.286,-2.29,-0.392,-0.232,2515000,16367000,1.0,259374879,259400000,259400000,1.268,258053000,0,-254000,0,0.995,-31964000
GSS,MRY,2015-12-31,2015-12-31,2015-12-31,2018-03-30,0,238982000,248517500,82670000,156312000,1.027,-0.251,-57051000,41571000,41571000,282833000,-89139000,0.557,-5.684,113934000,22035000,91899000,113934000,65379000,37372000,0,0.0,0.0,-67740000,-30368000,-0.119,-30368000,-67740000,-78410000,-0.26,-0.26,-0.26,-65137000,-31981000,-65137000,105699314,-1,-3.481,3097000,0.012,1.0,-27646000,-0.108,0,10670000,162925000,168685000,36694000,0,0,0,370216000,148420000,221796000,44113314,-4244000,0,0,-26611000,0,-7893000,-56499000,0,60148000,0,-78410000,-78410000,-78410000,0,-10729000,-0.307,15588000,-43234000,110811000,0.0,-0.677,-0.563,-0.654,149849000,0,0.17,0.173,0.173,5114000,-793304000,255187000,255187000,1307000,-0.316,2.452,-0.402,-0.265,2005000,14281000,1.0,259490083,259700000,259700000,0.983,238982000,0,0,0,0.92,-65750000
GSS,MRY,2016-12-31,2016-12-31,2016-12-31,2018-03-30,0,298850000,268916000,77370000,221480000,0.823,-0.179,-84356000,28227000,28227000,193776000,-43879000,0.561,-7.985,104823000,15378000,89445000,104823000,114112000,21173000,0,0.0,0.0,-33931000,-12758000,-0.058,-12758000,-33931000,-41763000,-0.13,-0.13,-0.13,-52548000,-58842500,-52548000,267692821,-7,-20.982,-31107000,-0.106,1.0,27514000,0.124,0,7832000,237617000,200271000,44381000,0,0,0,419611000,137829000,281782000,194922821,-13344000,0,45450000,-25572000,0,19900000,-86493000,0,53249000,0,-41763000,-41763000,-41763000,0,-2116000,-0.189,27572000,-58000,92900000,0.0,-3.709,-4.667,-5.769,215017000,0,0.75,0.881,0.997,7299000,-832951000,221290000,221290000,1818000,-0.155,0.71,-0.169,-0.153,13850000,25754000,1.0,259897095,294100000,294100000,0.752,298850000,0,0,0,1.016,-60459000
GSS,MRY,2017-12-31,2017-12-31,2017-12-31,2018-03-30,0,360389000,329619500,86882000,273507000,0.957,0.065,-68872000,34292000,34292000,258274000,43147000,0.585,16.569,95605000,15864000,79741000,95605000,109956000,31823000,0,0.0,0.0,36500000,68323000,0.217,68323000,36500000,28015000,0.1,0.1,0.1,24271000,-14138500,24271000,375063240,10,5.49,-13696000,-0.037,1.0,57223000,0.181,0,8485000,273257000,255437000,50653000,0,0,0,402143000,148445000,253698000,298467240,6023000,0,24456000,-5809000,0,18657000,-67810000,0,55176000,0,40959000,40959000,40959000,0,2188000,0.13,26961000,30262000,94623000,0.0,12.297,7.287,8.9,254058000,0,0.89,0.946,1.054,3428000,-794180000,315497000,315497000,1871000,0.124,-2.897,0.143,0.116,12554000,25090000,1.0,335356450,373500000,441000000,0.845,360389000,12944000,-12944000,0,0.965,-61563000
