ticker,dimension,calendardate,datekey,reportperiod,lastupdated,accoci,assets,assetsavg,assetsc,assetsnc,assetturnover,bvps,capex,cashneq,cashnequsd,cor,consolinc,currentratio,de,debt,debtc,debtnc,debtusd,deferredrev,depamor,deposits,divyield,dps,ebit,ebitda,ebitdamargin,ebitdausd,ebitusd,ebt,eps,epsdil,epsusd,equity,equityavg,equityusd,ev,evebit,evebitda,fcf,fcfps,fxusd,gp,grossmargin,intangibles,intexp,invcap,invcapavg,inventory,investments,investmentsc,investmentsnc,liabilities,liabilitiesc,liabilitiesnc,marketcap,ncf,ncfbus,ncfcommon,ncfdebt,ncfdiv,ncff,ncfi,ncfinv,ncfo,ncfx,netinc,netinccmn,netinccmnusd,netincdis,netincnci,netmargin,opex,opinc,payables,payoutratio,pb,pe,pe1,ppnenet,prefdivis,price,ps,ps1,receivables,retearn,revenue,revenueusd,rnd,roa,roe,roic,ros,sbcomp,sgna,sharefactor,sharesbas,shareswa,shareswadil,sps,tangibles,taxassets,taxexp,taxliabilities,tbvps,workingcapital
GTIM,MRY,2011-12-31,2011-09-30,2011-09-30,2018-05-11,0,6999000,7444750,1196000,5803000,2.767,0.845,954000,847000,847000,19414000,-895000,0.71,1.943,2262000,195000,2067000,2262000,101000,888000,0,0.0,0.0,-733000,155000,0.008,155000,-733000,-1013000,-0.42,-0.42,-0.42,2305000,2536750,2305000,5486631,-7,35.398,415000,0.17,1.0,1189000,0.058,0,280000,6730000,6861500,191000,15000,5000,10000,4479000,1684000,2795000,4225631,418000,0,1727000,-1617000,0,3000,954000,0,-539000,0,-1013000,-1013000,-1013000,0,118000,-0.049,1854000,-665000,496000,0.0,1.833,-4.171,-3.69,5722000,0,1.55,0.205,0.184,106000,-17680000,20603000,20603000,0,-0.136,-0.399,-0.107,-0.036,61000,2038000,1.0,2726214,2440860,2440860,8.441,6999000,0,0,0,2.564,-488000
GTIM,MRY,2012-12-31,2012-09-30,2012-09-30,2018-05-11,0,7061000,6423750,3858000,3203000,3.068,1.121,599000,616000,616000,18077000,-668000,1.282,1.243,1725000,1586000,139000,1725000,75000,795000,0,0.0,0.0,-574000,221000,0.011,221000,-574000,-777000,-0.29,-0.29,-0.29,3057000,2040250,3057000,4945553,-8,22.378,577000,0.212,1.0,1629000,0.083,0,203000,5160000,5703000,159000,20000,5000,15000,3801000,3010000,791000,3489553,-231000,-5000,-32000,-650000,0,-803000,594000,0,-22000,0,-777000,-777000,-777000,0,109000,-0.039,2103000,-474000,493000,0.0,1.141,-4.491,-4.414,3082000,0,1.28,0.177,0.177,1645000,-18457000,19706000,19706000,0,-0.121,-0.381,-0.101,-0.029,69000,2154000,1.0,2726214,2726214,2726214,7.228,7061000,0,0,0,2.59,848000
GTIM,MRY,2013-12-31,2013-09-30,2013-09-30,2018-05-11,0,9875000,6680000,6641000,3234000,3.427,2.386,-2506000,6143000,6143000,20694000,-544000,3.675,0.361,138000,44000,94000,138000,79000,719000,0,0.0,0.0,-640000,79000,0.003,79000,-640000,-687000,-0.27,-0.27,-0.27,7079000,3671250,7079000,5231602,-8,66.223,-1803000,-0.608,1.0,2198000,0.096,96000,47000,1967000,2535250,184000,288000,15000,273000,2554000,1807000,747000,6406602,5527000,-370000,6158000,-1593000,0,4371000,453000,3329000,703000,0,-687000,-807000,-807000,0,143000,-0.035,2590000,-392000,701000,0.0,0.905,-7.939,-8.704,2851000,120000,2.35,0.28,0.305,193000,-19264000,22892000,22892000,0,-0.121,-0.22,-0.252,-0.028,171000,2608000,1.0,2726214,2967310,2967310,7.715,9779000,0,0,0,3.296,4834000
GTIM,MRY,2014-12-31,2014-09-30,2014-09-30,2018-05-11,0,16881000,12773000,10391000,6490000,2.172,2.12,-3397000,9894000,9894000,24188000,-370000,4.075,0.273,288000,69000,219000,288000,88000,682000,0,0.0,0.0,-681000,1000,0.0,1000,-681000,-690000,-0.12,-0.12,-0.12,13042000,9583750,13042000,36830196,-54,36830.196,-1959000,-0.318,1.0,3555000,0.128,96000,9000,4629000,3495500,282000,594000,10000,584000,3560000,2550000,1010000,44912196,3751000,-452000,-11000,-46000,0,6162000,-3849000,0,1438000,0,-690000,-749000,-749000,0,320000,-0.027,3774000,-219000,1085000,0.0,3.444,-59.963,-50.0,5754000,59000,6.0,1.619,1.33,150000,-20013000,27743000,27743000,0,-0.059,-0.078,-0.195,-0.025,162000,3790000,1.0,7485366,6151603,6151603,4.51,16785000,0,0,0,2.729,7841000
GTIM,MRY,2015-12-31,2015-09-30,2015-09-30,2018-05-11,0,48228000,34084500,14728000,33500000,1.293,2.987,-7633000,13809000,13809000,38274000,-300000,2.029,0.272,3721000,2617000,1104000,3721000,25000,1332000,0,0.0,0.0,-698000,634000,0.014,634000,-698000,-791000,-0.08,-0.08,-0.08,36642000,26168750,36642000,65124681,-93,102.72,-4465000,-0.425,1.0,5783000,0.131,19083000,93000,11799000,9182000,510000,130000,59000,71000,9971000,7258000,2713000,76534681,3915000,-17604000,20693000,979000,0,24462000,-23715000,1522000,3168000,0,-791000,-791000,-791000,0,491000,-0.018,6022000,-239000,2733000,0.0,2.089,-96.757,-78.125,14222000,0,6.25,1.737,1.491,189000,-20804000,44057000,44057000,0,-0.023,-0.03,-0.076,-0.016,477000,5365000,1.0,12245549,10510105,10510105,4.192,29145000,0,0,0,2.376,7470000
GTIM,MRY,2016-12-31,2016-09-27,2016-09-27,2018-05-11,0,46877000,47767000,7793000,39084000,1.349,2.937,-8501000,6330000,6330000,56936000,-465000,1.521,0.252,38000,19000,19000,38000,23000,2336000,0,0.0,0.0,-1195000,1141000,0.018,1141000,-1195000,-1321000,-0.11,-0.11,-0.11,36078000,35737750,36078000,36929187,-30,32.366,-3103000,-0.253,1.0,7503000,0.116,19065000,126000,16398000,16698500,631000,117000,58000,59000,9079000,5122000,3957000,42989187,-7479000,13000,39000,-3683000,0,-4395000,-8482000,0,5398000,0,-1321000,-1321000,-1321000,0,856000,-0.021,7803000,-300000,1918000,0.0,1.192,-32.543,-31.818,19599000,0,3.5,0.667,0.666,425000,-22125000,64439000,64439000,0,-0.028,-0.037,-0.072,-0.019,718000,7828000,1.0,12282625,12269036,12269036,5.252,27812000,0,0,0,2.264,2671000
GTIM,MRY,2017-12-31,2017-09-26,2017-09-26,2018-05-11,0,55153000,51647250,6066000,49087000,1.531,2.79,-14513000,4337000,4337000,71610000,-1605000,0.877,0.517,5356000,17000,5339000,5356000,41000,3101000,0,0.0,0.0,-2064000,1037000,0.013,1037000,-2064000,-2255000,-0.18,-0.18,-0.18,34571000,35112250,34571000,35494748,-17,34.228,-9530000,-0.773,1.0,7470000,0.094,19111000,191000,30145000,24516000,847000,59000,13000,46000,17869000,6916000,10953000,35417748,-1993000,-42000,0,5274000,0,5652000,-12628000,1927000,4983000,0,-2255000,-2255000,-2255000,0,650000,-0.029,8892000,-1422000,3311000,0.0,1.024,-15.706,-15.833,28469000,0,2.85,0.448,0.444,573000,-24380000,79080000,79080000,0,-0.044,-0.064,-0.084,-0.026,748000,8696000,1.0,12427280,12320909,12320909,6.418,36042000,0,0,0,2.908,-850000
