ticker,dimension,calendardate,datekey,reportperiod,lastupdated,accoci,assets,assetsavg,assetsc,assetsnc,assetturnover,bvps,capex,cashneq,cashnequsd,cor,consolinc,currentratio,de,debt,debtc,debtnc,debtusd,deferredrev,depamor,deposits,divyield,dps,ebit,ebitda,ebitdamargin,ebitdausd,ebitusd,ebt,eps,epsdil,epsusd,equity,equityavg,equityusd,ev,evebit,evebitda,fcf,fcfps,fxusd,gp,grossmargin,intangibles,intexp,invcap,invcapavg,inventory,investments,investmentsc,investmentsnc,liabilities,liabilitiesc,liabilitiesnc,marketcap,ncf,ncfbus,ncfcommon,ncfdebt,ncfdiv,ncff,ncfi,ncfinv,ncfo,ncfx,netinc,netinccmn,netinccmnusd,netincdis,netincnci,netmargin,opex,opinc,payables,payoutratio,pb,pe,pe1,ppnenet,prefdivis,price,ps,ps1,receivables,retearn,revenue,revenueusd,rnd,roa,roe,roic,ros,sbcomp,sgna,sharefactor,sharesbas,shareswa,shareswadil,sps,tangibles,taxassets,taxexp,taxliabilities,tbvps,workingcapital
GZT,MRY,2011-12-31,2011-12-31,2011-12-31,2018-04-30,-728000000,64599000000,57503500000,4215000000,60384000000,0.099,44.351,-3581000000,1539000000,403210488,2489000000,2029000000,0.662,6.152,39728000000,3978000000,35750000000,10408542088,0,67000000,0,0.0,0.0,3257000000,3324000000,0.581,870871775,853318102,1060000000,4.57,4.23,1.197,7310000000,6648000000,1915184320,11738650771,13,13.479,-2477000000,-15.028,3.817,3230000000,0.565,169000000,2197000000,96249000000,86971500000,720000000,56960000000,934000000,56026000000,44971000000,6370000000,38601000000,1557559489,847000000,112000000,315000000,4233000000,-298000000,4017000000,-4195000000,-726000000,1104000000,-79000000,708000000,708000000,185492544,0,1321000000,0.124,-942000000,4172000000,2037000000,0.0,0.813,8.397,7.893,2355000000,0,9.45,1.04,1.04,947000000,3904000000,5719000000,1498350085,0,0.012,0.106,0.037,0.57,56000000,755000000,1.0,164821110,164821110,,9.091,64430000000,174000000,352000000,2454000000,390.909,-2155000000
GZT,MRY,2012-12-31,2012-12-31,2012-12-31,2018-04-30,-913000000,71034000000,67816500000,4062000000,66972000000,0.103,46.602,-4234000000,1683000000,450989644,3425000000,2413000000,0.776,6.345,41863000000,2733000000,39130000000,11217931970,0,34000000,0,0.032,0.418,3873000000,3907000000,0.557,1046949817,1037838915,1659000000,5.46,5.25,1.463,7681000000,7495500000,2058259930,12660961721,12,12.093,-2866000000,-17.389,3.732,3584000000,0.511,117000000,2214000000,105863000000,101056000000,735000000,61869000000,639000000,61230000000,48737000000,5234000000,43503000000,2172342229,144000000,0,3000000,2835000000,-264000000,3490000000,-4621000000,-387000000,1368000000,-93000000,901000000,901000000,241438900,0,1512000000,0.129,-1382000000,4966000000,2185000000,0.286,1.055,8.997,9.008,2993000000,0,13.18,1.157,1.157,932000000,4531000000,7009000000,1878185633,0,0.013,0.12,0.038,0.553,47000000,673000000,1.0,164821110,164821110,,11.395,70917000000,213000000,758000000,3427000000,430.266,-1172000000
GZT,MRY,2013-12-31,2013-12-31,2013-12-31,2018-04-30,-2000000000,67927000000,69480500000,3363000000,64564000000,0.098,47.214,-870000000,1018000000,293136235,1689000000,2185000000,0.589,5.841,39513000000,3171000000,36342000000,11377890041,0,34000000,0,0.036,0.485,3377000000,3411000000,0.5,982207955,972417550,1192000000,5.41,5.35,1.558,7802000000,7741500000,2246609928,13374831779,13,13.617,319000000,1.93,3.473,5129000000,0.752,106000000,2185000000,100602000000,103232500000,715000000,60914000000,604000000,60310000000,45574000000,5714000000,39860000000,2215965662,-665000000,0,489000000,109000000,-298000000,428000000,-2208000000,-1338000000,1189000000,-74000000,927000000,927000000,266932504,0,1258000000,0.136,-496000000,5625000000,2212000000,0.311,0.986,8.302,8.608,2639000000,0,13.41,1.129,1.129,991000000,5160000000,6818000000,1963264097,0,0.013,0.12,0.033,0.495,41000000,610000000,1.0,165247253,165247253,,11.881,67821000000,125000000,265000000,3308000000,410.421,-2351000000
GZT,MRY,2014-12-31,2014-12-31,2014-12-31,2018-04-30,-1641000000,69984000000,68955500000,2850000000,67134000000,0.054,45.614,-642000000,650000000,165243034,1269000000,1083000000,0.486,5.498,37503000000,3264000000,34239000000,9534014643,0,32000000,0,0.043,0.5,2190000000,2222000000,0.597,564876957,556741915,355000000,0.41,0.39,0.104,8023000000,7912500000,2039607484,12502094985,22,22.132,384000000,2.183,3.934,2456000000,0.659,103000000,1835000000,100871000000,100736500000,590000000,64473000000,667000000,63806000000,44114000000,5863000000,38251000000,2050883859,-368000000,0,118000000,-2045000000,-318000000,-701000000,-768000000,-126000000,1026000000,75000000,73000000,73000000,18558063,-588000000,1010000000,0.02,-9000000,2465000000,2162000000,4.797,1.006,110.512,111.868,1813000000,0,11.66,2.166,2.166,839000000,4915000000,3725000000,946969696,0,0.001,0.009,0.022,0.588,45000000,386000000,1.0,175890554,175890554,,5.384,69881000000,92000000,282000000,3692000000,397.298,-3013000000
GZT,MRY,2015-12-31,2015-12-31,2015-12-31,2018-04-30,-3103000000,84236000000,77110000000,3819000000,80417000000,0.036,42.108,-2189000000,2125000000,546441061,866000000,2306000000,0.618,7.087,45199000000,3341000000,41858000000,11622865665,0,89000000,0,0.091,0.815,1446000000,1535000000,0.547,394723307,371837070,367000000,3.47,3.45,0.892,7512000000,7767500000,1931701296,10996195006,29,27.858,-675000000,-3.784,3.889,1942000000,0.692,900000000,1079000000,120233000000,110552000000,522000000,75368000000,241000000,75127000000,53241000000,6177000000,47064000000,1602312556,1475000000,-1088000000,586000000,2925000000,-328000000,4665000000,-4437000000,-1160000000,1514000000,-267000000,620000000,620000000,159432215,-1941000000,1686000000,0.221,1675000000,267000000,2354000000,0.913,0.829,10.05,10.066,2757000000,0,8.982,2.219,2.219,830000000,5207000000,2808000000,722073647,0,0.008,0.08,0.013,0.515,45000000,450000000,1.0,178397470,178397470,,4.048,83336000000,129000000,-253000000,4772000000,467.137,-2358000000
GZT,MRY,2016-12-31,2016-12-31,2016-12-31,2018-04-30,-3257000000,86887000000,85561500000,2458000000,84429000000,0.033,172.739,-3144000000,1520000000,394630942,870000000,3180000000,0.399,1.573,39616000000,3818000000,35798000000,10285328556,0,53000000,0,0.046,0.396,2067000000,2120000000,0.746,550406314,536646156,940000000,4.03,3.96,1.046,33768000000,20640000000,8767037931,13126838765,24,23.849,-1235000000,-6.318,3.852,1971000000,0.694,815000000,1127000000,118013000000,119123000000,0,59994000000,308000000,59686000000,53119000000,6155000000,46964000000,1688993182,-540000000,-105000000,0,1154000000,-295000000,927000000,-3306000000,-57000000,1909000000,-70000000,787000000,787000000,204325362,-2516000000,2393000000,0.277,388000000,1583000000,2197000000,0.378,0.193,8.266,8.258,2265000000,0,8.64,2.29,2.29,506000000,5699000000,2841000000,737596386,0,0.009,0.038,0.017,0.728,47000000,436000000,1.0,195485322,195485322,,3.773,86072000000,41000000,153000000,3902000000,440.299,-3697000000
GZT,MRY,2017-12-31,2017-12-31,2017-12-31,2018-04-30,-1722000000,48963000000,67925000000,2217000000,46746000000,0.042,92.646,-676000000,954000000,274783039,865000000,1249000000,0.681,1.703,26557000000,1900000000,24657000000,7649280062,0,28000000,0,0.028,0.294,1251000000,1279000000,0.452,368393613,360328702,166000000,2.52,2.49,0.726,18117000000,25942500000,5218285457,12529106833,34,34.01,109000000,0.557,3.472,1966000000,0.694,698000000,1085000000,70614000000,94313500000,0,43933000000,767000000,43166000000,30846000000,3254000000,27592000000,2059145859,-631000000,193000000,-73000000,-1110000000,-204000000,-2113000000,756000000,1239000000,785000000,-59000000,493000000,493000000,142000040,281000000,756000000,0.174,426000000,1540000000,1144000000,0.405,0.395,14.501,14.507,2046000000,0,10.53,2.525,2.525,375000000,5919000000,2831000000,815420109,0,0.007,0.019,0.013,0.442,15000000,386000000,1.0,195550414,195550414,,4.17,48265000000,36000000,-327000000,2828000000,246.816,-1037000000
