ticker,dimension,calendardate,datekey,reportperiod,lastupdated,accoci,assets,assetsavg,assetsc,assetsnc,assetturnover,bvps,capex,cashneq,cashnequsd,cor,consolinc,currentratio,de,debt,debtc,debtnc,debtusd,deferredrev,depamor,deposits,divyield,dps,ebit,ebitda,ebitdamargin,ebitdausd,ebitusd,ebt,eps,epsdil,epsusd,equity,equityavg,equityusd,ev,evebit,evebitda,fcf,fcfps,fxusd,gp,grossmargin,intangibles,intexp,invcap,invcapavg,inventory,investments,investmentsc,investmentsnc,liabilities,liabilitiesc,liabilitiesnc,marketcap,ncf,ncfbus,ncfcommon,ncfdebt,ncfdiv,ncff,ncfi,ncfinv,ncfo,ncfx,netinc,netinccmn,netinccmnusd,netincdis,netincnci,netmargin,opex,opinc,payables,payoutratio,pb,pe,pe1,ppnenet,prefdivis,price,ps,ps1,receivables,retearn,revenue,revenueusd,rnd,roa,roe,roic,ros,sbcomp,sgna,sharefactor,sharesbas,shareswa,shareswadil,sps,tangibles,taxassets,taxexp,taxliabilities,tbvps,workingcapital
HBAN,MRY,2011-12-31,2011-12-31,2011-12-31,2018-04-30,-173763000,54450652000,53856976750,,,0.045,6.27,-143763000,1206911000,1206911000,0,542613000,,9.05,4538949000,,,4538949000,0,282105000,43279625000,0.018,0.1,707234000,989339000,0.406,989339000,707234000,707234000,0.59,0.59,0.59,5418100000,5277455250,5418100000,7645995107,10,7.728,1451024000,1.68,1.0,2435734000,1.0,619570000,0,57163120000,56875110000,0,48341810000,,,49032552000,,,4743771107,268080000,0,0,-1297719000,-61591000,-22001000,-1304706000,-1279831000,1594787000,0,542613000,511800000,511800000,0,0,0.21,1728500000,707234000,0,0.169,0.876,9.269,9.305,564429000,30813000,5.49,1.948,1.947,0,-2389639000,2435734000,2435734000,0,0.01,0.097,0.012,0.29,19666000,1728500000,1.0,864074883,863691000,867624000,2.82,53831082000,0,164621000,0,62.295,
HBAN,MRY,2012-12-31,2012-12-31,2012-12-31,2018-04-30,-150817000,56153185000,56273949500,,,0.047,6.834,-129641000,1333727000,1333727000,0,631290000,,8.698,2954648000,,,2954648000,0,274572000,46252683000,0.025,0.16,833581000,1108153000,0.415,1108153000,833581000,833581000,0.7,0.69,0.7,5790211000,5699218500,5790211000,7364378552,8,6.646,872489000,1.017,1.0,2669457000,1.0,576425000,0,57197681000,57885998250,0,50124915000,,,50362974000,,,5466551552,146838000,40258000,-146881000,-1715074000,-137616000,227686000,-1082978000,-1085377000,1002130000,0,631290000,599301000,599301000,0,0,0.225,1835876000,833581000,0,0.229,0.944,9.122,9.129,617257000,31989000,6.39,2.048,2.054,0,-1917933000,2669457000,2669457000,0,0.011,0.105,0.014,0.312,27873000,1835876000,1.0,855485376,857962000,863402000,3.111,55576760000,0,202291000,0,65.599,
HBAN,MRY,2013-12-31,2013-12-31,2013-12-31,2018-04-30,-214009000,59467174000,57071019500,,,0.046,7.332,-102208000,1058175000,1058175000,0,641282000,,8.764,4810415000,,,4810415000,0,281545000,47506718000,0.02,0.19,868756000,1150301000,0.438,1150301000,868756000,868756000,0.73,0.72,0.73,6090153000,5925596250,6090153000,9854287583,11,8.567,911037000,1.092,1.0,2626759000,1.0,537461000,0,62681953000,58709521750,0,53979835000,,,53377021000,,,8014495583,-261674000,0,-112394000,2002472000,-150608000,2965414000,-4240333000,-4193145000,1013245000,0,641282000,609413000,609413000,0,0,0.232,1758003000,868756000,0,0.26,1.316,13.151,13.219,634657000,31869000,9.65,3.051,3.065,0,-1479324000,2626759000,2626759000,0,0.011,0.103,0.015,0.331,37007000,1758003000,1.0,830517677,834205000,843974000,3.149,58929713000,0,227474000,0,70.949,
HBAN,MRY,2014-12-31,2014-12-31,2014-12-31,2018-04-30,-222292000,66298010000,63892876250,,,0.043,7.745,-59808000,1285124000,1285124000,0,632392000,,9.477,6733063000,,,6733063000,0,332832000,51732151000,0.02,0.21,852985000,1185817000,0.434,1185817000,852985000,852985000,0.73,0.72,0.73,6328170000,6257351250,6328170000,14370821585,16,12.119,828978000,1.011,1.0,2735331000,1.0,597212000,0,71148737000,68594561000,0,60273623000,,,59969840000,,,8568055585,219433000,691637000,-314122000,1919776000,-166935000,4335428000,-5004781000,-5698754000,888786000,0,632392000,600538000,600538000,0,0,0.22,1882346000,852985000,0,0.288,1.354,14.267,14.411,616407000,31854000,10.52,3.132,3.153,0,-1052324000,2735331000,2735331000,0,0.009,0.096,0.012,0.312,43666000,1882346000,1.0,814453953,819917000,833081000,3.336,65700798000,0,220593000,0,80.416,
HBAN,MRY,2015-12-31,2015-12-31,2015-12-31,2018-04-30,-226158000,71018301000,69519197000,,,0.042,8.284,-93000000,898994000,898994000,0,693000000,,9.769,7656643000,,,7656643000,0,341000000,55294979000,0.023,0.25,914000000,1255000000,0.434,1255000000,914000000,914000000,0.82,0.81,0.82,6594606000,6533863750,6594606000,15534147406,16,12.378,940000000,1.17,1.0,2890000000,1.0,921084000,0,76854866000,75128873250,0,65189905000,,,64423695000,,,8811053406,-374000000,-458000000,-233000000,376000000,-193000000,3522000000,-4929000000,-4424000000,1033000000,0,693000000,661000000,661000000,0,0,0.229,1976000000,914000000,0,0.305,1.336,13.33,13.488,620540000,32000000,11.06,3.049,3.075,0,-594067000,2890000000,2890000000,0,0.01,0.101,0.012,0.316,51000000,1976000000,1.0,796659440,803412000,817129000,3.597,70097217000,0,221000000,0,88.051,
HBAN,MRY,2016-12-31,2016-12-31,2016-12-31,2018-04-30,-401000000,99714000000,86769599000,,,0.038,9.498,-120000000,1443000000,1443000000,0,712000000,,8.673,12002000000,,,12002000000,0,380000000,75608000000,0.022,0.29,920000000,1300000000,0.391,1300000000,920000000,920000000,0.72,0.7,0.72,10308000000,8839934750,10308000000,23774464650,25,18.288,1095000000,1.211,1.0,3328000000,1.0,2621000000,0,107652000000,94138387000,0,90340000000,,,89406000000,,,14340827650,538000000,-613000000,17000000,2753000000,-245000000,2768000000,-3445000000,-2764000000,1215000000,0,712000000,647000000,647000000,0,0,0.194,2408000000,920000000,0,0.403,1.391,22.165,18.361,816000000,65000000,13.22,4.309,3.593,0,-227000000,3328000000,3328000000,0,0.007,0.073,0.01,0.276,66000000,2408000000,1.0,1084782727,904438000,918790000,3.68,97093000000,0,208000000,0,89.466,
HBAN,MRY,2017-12-31,2017-12-31,2017-12-31,2018-04-30,-528000000,104185000000,101906352750,,,0.04,10.037,-194000000,1567000000,1567000000,0,1186000000,,8.634,14262000000,,,14262000000,0,413000000,77041000000,0.024,0.35,1394000000,1807000000,0.44,1807000000,1394000000,1394000000,1.02,1.0,1.02,10814000000,10651044500,10814000000,25525006346,18,14.126,1760000000,1.623,1.0,4108000000,1.0,2577000000,0,114303000000,110103707500,0,94560000000,,,93371000000,,,15738578346,135000000,0,-249000000,2314000000,-349000000,3047000000,-4866000000,-4727000000,1954000000,0,1186000000,1110000000,1110000000,0,0,0.27,2714000000,1394000000,0,0.343,1.455,14.179,14.275,864000000,76000000,14.56,3.831,3.844,0,588000000,4108000000,4108000000,0,0.011,0.104,0.013,0.339,92000000,2714000000,1.0,1080946315,1084686000,1136186000,3.787,101608000000,0,208000000,0,94.309,
