ticker,dimension,calendardate,datekey,reportperiod,lastupdated,accoci,assets,assetsavg,assetsc,assetsnc,assetturnover,bvps,capex,cashneq,cashnequsd,cor,consolinc,currentratio,de,debt,debtc,debtnc,debtusd,deferredrev,depamor,deposits,divyield,dps,ebit,ebitda,ebitdamargin,ebitdausd,ebitusd,ebt,eps,epsdil,epsusd,equity,equityavg,equityusd,ev,evebit,evebitda,fcf,fcfps,fxusd,gp,grossmargin,intangibles,intexp,invcap,invcapavg,inventory,investments,investmentsc,investmentsnc,liabilities,liabilitiesc,liabilitiesnc,marketcap,ncf,ncfbus,ncfcommon,ncfdebt,ncfdiv,ncff,ncfi,ncfinv,ncfo,ncfx,netinc,netinccmn,netinccmnusd,netincdis,netincnci,netmargin,opex,opinc,payables,payoutratio,pb,pe,pe1,ppnenet,prefdivis,price,ps,ps1,receivables,retearn,revenue,revenueusd,rnd,roa,roe,roic,ros,sbcomp,sgna,sharefactor,sharesbas,shareswa,shareswadil,sps,tangibles,taxassets,taxexp,taxliabilities,tbvps,workingcapital
HBI,MRY,2011-12-31,2011-12-31,2011-12-31,2018-05-01,-333251000,4034669000,4121238500,2330791000,1703878000,1.076,1.735,-90099000,35345000,35345000,2941083000,266688000,2.496,4.924,2037785000,230008000,1807777000,2037785000,0,90725000,0,0.0,0.0,464869000,555594000,0.125,555594000,464869000,308671000,0.682,0.672,0.682,681061000,677306250,681061000,4290997179,9,7.723,83379000,0.213,1.0,1493208000,0.337,603071000,156198000,4500319000,4660011750,1607555000,0,0,0,3353608000,933719000,2419889000,2124148179,-8326000,-9154000,17104000,-97813000,0,-95040000,-85633000,0,173478000,-1131000,266688000,266688000,266688000,-24119000,0,0.06,1046081000,447127000,451525000,0.0,3.119,7.965,8.013,635406000,0,5.465,0.479,0.482,470713000,746786000,4434291000,4434291000,0,0.065,0.394,0.1,0.105,16173000,1046081000,1.0,388682192,390840000,397004000,11.346,3431598000,548887000,41983000,0,8.74,1397072000
HBI,MRY,2012-12-31,2012-12-29,2012-12-29,2018-05-01,-317613000,3631700000,3883381750,2027525000,1604175000,1.165,2.266,-40994000,42796000,42796000,3105674000,164681000,2.315,3.095,1517552000,200052000,1317500000,1517552000,0,93036000,0,0.0,0.0,332038000,425074000,0.094,425074000,332038000,195183000,0.417,0.41,0.417,886866000,744859000,886866000,5130795919,15,12.07,512613000,1.31,1.0,1420047000,0.314,553414000,136855000,3677374000,4189003500,1253136000,0,0,0,2744834000,875668000,1869166000,3423126919,7451000,12704000,8752000,-522808000,0,-517777000,-27866000,0,553607000,-513000,164681000,164681000,164681000,67762000,0,0.036,979932000,440115000,403644000,0.0,3.86,20.786,20.971,596158000,0,8.745,0.756,0.756,506278000,911467000,4525721000,4525721000,0,0.042,0.221,0.079,0.073,20496000,979932000,1.0,391438184,391438184,,11.562,3078286000,563718000,30502000,0,7.864,1151857000
HBI,MRY,2013-12-31,2013-12-28,2013-12-28,2018-05-01,-237017000,4090048000,3895430000,2243666000,1846382000,1.188,3.104,-43627000,115863000,115863000,3016109000,330494000,2.245,2.324,1684982000,217982000,1467000000,1684982000,0,90890000,0,0.009,0.15,497685000,588575000,0.127,588575000,497685000,395801000,0.83,0.81,0.83,1230623000,1093854750,1230623000,8162734758,16,13.869,547654000,1.381,1.0,1611693000,0.348,1004143000,101884000,3655746000,3789992500,1283331000,0,0,0,2859425000,999278000,1860147000,6873231758,73067000,-559855000,0,161972000,-59442000,93757000,-597393000,0,591281000,-14578000,330494000,330494000,330494000,0,0,0.071,1096507000,515186000,466270000,0.181,5.585,20.797,20.889,579883000,0,17.337,1.485,1.485,578558000,1181418000,4627802000,4627802000,0,0.085,0.302,0.131,0.108,24178000,1096507000,1.0,396437304,396437304,,11.673,3085905000,404686000,65307000,0,7.784,1244388000
HBI,MRY,2014-12-31,2015-01-03,2015-01-03,2018-05-01,-372589000,5208193000,4860156000,2550167000,2658026000,1.096,3.471,-64311000,239855000,239855000,3420339000,404519000,1.72,2.756,1983752000,369755000,1613997000,1983752000,0,98202000,0,0.011,0.3,561355000,659557000,0.124,659557000,561355000,464968000,1.01,0.99,1.01,1386772000,1369086750,1386772000,13124738278,23,19.899,443779000,1.111,1.0,1904407000,0.358,1414321000,96387000,4055355000,4097412250,1537200000,0,0,0,3821421000,1482414000,2339007000,11049068278,123992000,-360439000,0,109594000,-119607000,-23765000,-358315000,64380000,508090000,-2018000,404519000,404519000,404519000,0,0,0.076,1340453000,563954000,621220000,0.297,7.967,27.314,27.379,674379000,0,27.652,2.075,2.075,672048000,1464427000,5324746000,5324746000,0,0.083,0.295,0.137,0.105,30587000,1340453000,1.0,399568512,399568512,,13.326,3793872000,495824000,60449000,0,9.495,1067753000
HBI,MRY,2015-12-31,2016-01-02,2016-01-02,2018-05-01,-394933000,5597590000,5674324250,2917867000,2679723000,1.01,3.256,-99375000,319169000,319169000,3595217000,428855000,1.94,3.387,2603316000,370604000,2232712000,2603316000,0,103903000,0,0.014,0.4,591908000,695811000,0.121,695811000,591908000,473873000,1.07,1.06,1.07,1275891000,1345297750,1275891000,14026075011,23,20.158,127632000,0.326,1.0,2136332000,0.373,1534830000,118035000,4842998000,4949071250,1814602000,0,0,0,4321699000,1503909000,2817790000,11531309011,79314000,-192829000,-351495000,674380000,-161316000,132982000,-276800000,0,227007000,-3875000,428855000,428855000,428855000,0,0,0.075,1541214000,595118000,672972000,0.374,9.038,26.889,27.505,650462000,0,29.43,2.012,2.012,680417000,1389338000,5731549000,5731549000,0,0.076,0.319,0.12,0.103,29618000,1541214000,1.0,391821577,391821577,,14.628,4062760000,445179000,45018000,0,10.369,1413958000
HBI,MRY,2016-12-31,2016-12-31,2016-12-31,2018-05-01,-435991000,6930480000,6667881250,3321166000,3609314000,0.904,3.238,-83399000,460245000,460245000,3752151000,539382000,2.043,4.663,3742445000,234760000,3507685000,3742445000,0,103175000,0,0.02,0.44,726346000,829521000,0.138,829521000,726346000,573654000,1.41,1.4,1.41,1223914000,1103043000,1223914000,11830554532,16,14.262,522208000,1.382,1.0,2276048000,0.378,2383998000,152692000,6203014000,6294575500,1840565000,0,0,0,5706566000,1625668000,4080898000,8152277532,141076000,-964075000,-379901000,1073213000,-167375000,511054000,-966641000,0,605607000,-8944000,539382000,539382000,539382000,-2455000,0,0.089,1500399000,775649000,761647000,0.312,6.661,15.114,15.298,692464000,0,21.57,1.352,1.352,836924000,1396116000,6028199000,6028199000,0,0.081,0.489,0.115,0.12,31780000,1500399000,1.0,377945180,377945180,,15.95,4546482000,464872000,34272000,0,12.029,1695498000
HBI,MRY,2017-12-31,2017-12-30,2017-12-30,2018-05-01,-439206000,6894775000,7117099250,3386370000,3508405000,0.909,1.882,-87008000,421566000,421566000,3980859000,61894000,1.904,9.048,3963516000,261462000,3702054000,3963516000,0,122487000,0,0.029,0.6,709608000,832095000,0.129,832095000,709608000,535173000,0.17,0.17,0.17,686202000,988438750,686202000,11219316224,15,13.483,568710000,1.56,1.0,2490551000,0.385,2569864000,174435000,6088116000,6460702750,1874990000,0,0,0,6208573000,1778745000,4429828000,7623455224,-38679000,-21964000,-400017000,90952000,-219903000,-585768000,-104513000,0,655718000,-4116000,61894000,61894000,61894000,2097000,0,0.01,1739631000,750920000,867649000,3.529,11.11,123.17,123.0,623991000,0,20.91,1.178,1.178,903318000,850345000,6471410000,6471410000,0,0.009,0.063,0.11,0.11,23582000,1739631000,1.0,364584181,364584181,,17.75,4324911000,234932000,473279000,0,11.863,1607625000
