ticker,dimension,calendardate,datekey,reportperiod,lastupdated,accoci,assets,assetsavg,assetsc,assetsnc,assetturnover,bvps,capex,cashneq,cashnequsd,cor,consolinc,currentratio,de,debt,debtc,debtnc,debtusd,deferredrev,depamor,deposits,divyield,dps,ebit,ebitda,ebitdamargin,ebitdausd,ebitusd,ebt,eps,epsdil,epsusd,equity,equityavg,equityusd,ev,evebit,evebitda,fcf,fcfps,fxusd,gp,grossmargin,intangibles,intexp,invcap,invcapavg,inventory,investments,investmentsc,investmentsnc,liabilities,liabilitiesc,liabilitiesnc,marketcap,ncf,ncfbus,ncfcommon,ncfdebt,ncfdiv,ncff,ncfi,ncfinv,ncfo,ncfx,netinc,netinccmn,netinccmnusd,netincdis,netincnci,netmargin,opex,opinc,payables,payoutratio,pb,pe,pe1,ppnenet,prefdivis,price,ps,ps1,receivables,retearn,revenue,revenueusd,rnd,roa,roe,roic,ros,sbcomp,sgna,sharefactor,sharesbas,shareswa,shareswadil,sps,tangibles,taxassets,taxexp,taxliabilities,tbvps,workingcapital
HBNK,MRY,2011-12-31,2011-06-30,2011-06-30,2017-04-15,1757000,573326000,571819000,,,0.033,15.022,-1088000,31147000,31147000,0,1314000,,5.131,54711000,,,54711000,0,776000,417255000,0.011,0.15,1873000,2649000,0.14,2649000,1873000,1873000,0.21,0.21,0.21,93516000,93196000,93516000,107514716,57,40.587,6463000,1.035,1.0,18952000,1.0,0,0,596890000,593902750,0,515260000,,,479810000,,,90222716,1114000,0,-3252000,-10291000,-768000,-16989000,10552000,11640000,7551000,0,1314000,1314000,1314000,0,0,0.069,17079000,1873000,0,0.714,0.965,68.663,63.19,5409000,0,13.27,4.761,4.374,0,30327000,18952000,18952000,0,0.002,0.014,0.003,0.099,1469000,16468000,1.0,6798999,6247438,6392198,3.034,573326000,4904000,559000,0,92.095,
HBNK,MRY,2012-12-31,2012-06-30,2012-06-30,2017-04-15,2117000,615957000,590432500,,,0.037,15.658,-514000,27923000,27923000,0,3016000,,6.067,86976000,,,86976000,0,764000,434832000,0.011,0.14,4799000,5563000,0.254,5563000,4799000,4799000,0.52,0.51,0.52,87160000,88381250,87160000,121032923,25,21.757,3978000,0.685,1.0,21884000,1.0,0,0,675010000,626622500,0,556081000,,,528797000,,,78711923,-3224000,0,-10410000,32265000,-820000,38734000,-46450000,-40936000,4492000,0,3016000,3016000,3016000,0,0,0.138,17085000,4799000,0,0.269,0.903,26.098,24.885,5159000,0,12.94,3.597,3.434,0,32473000,21884000,21884000,0,0.005,0.034,0.008,0.219,1414000,16734000,1.0,6082838,5806977,5888591,3.769,615957000,3402000,1783000,0,110.655,
HBNK,MRY,2013-12-31,2013-06-30,2013-06-30,2017-04-15,346000,652962000,653585000,,,0.034,15.573,-585000,25618000,25618000,0,2974000,,6.805,86992000,,,86992000,0,734000,474798000,0.012,0.18,4751000,5485000,0.245,5485000,4751000,4751000,0.55,0.54,0.55,83659000,85983000,83659000,135461527,28,24.697,6155000,1.137,1.0,22390000,1.0,0,0,714336000,710760500,0,595443000,,,569303000,,,86270527,-2305000,0,-4928000,16000,-997000,34252000,-43297000,-42490000,6740000,0,2974000,2974000,2974000,0,0,0.133,17639000,4751000,0,0.327,1.031,29.008,27.109,5010000,0,14.91,3.853,3.606,0,34450000,22390000,22390000,0,0.005,0.035,0.007,0.212,1011000,17307000,1.0,5786085,5414851,5548151,4.135,652962000,4584000,1777000,0,121.549,
HBNK,MRY,2014-12-31,2014-06-30,2014-06-30,2017-04-15,158000,701497000,702398000,,,0.033,16.358,-329000,12667000,12667000,0,4515000,,7.048,116446000,,,116446000,0,671000,491732000,0.014,0.24,7059000,7730000,0.33,7730000,7059000,7059000,0.85,0.83,0.85,87159000,85405750,87159000,183269732,25,23.709,5804000,1.094,1.0,23430000,1.0,0,0,805276000,799350750,0,657851000,,,614338000,,,95328732,-12951000,0,-291000,29454000,-1268000,44914000,-63998000,-63669000,6133000,0,4515000,4515000,4515000,0,0,0.193,16371000,7059000,0,0.282,1.094,21.114,19.835,4668000,0,16.86,4.069,3.817,0,37697000,23430000,23430000,0,0.006,0.053,0.009,0.301,730000,15973000,1.0,5654136,5304151,5435761,4.417,701497000,4182000,2544000,0,131.655,
