ticker,dimension,calendardate,datekey,reportperiod,lastupdated,accoci,assets,assetsavg,assetsc,assetsnc,assetturnover,bvps,capex,cashneq,cashnequsd,cor,consolinc,currentratio,de,debt,debtc,debtnc,debtusd,deferredrev,depamor,deposits,divyield,dps,ebit,ebitda,ebitdamargin,ebitdausd,ebitusd,ebt,eps,epsdil,epsusd,equity,equityavg,equityusd,ev,evebit,evebitda,fcf,fcfps,fxusd,gp,grossmargin,intangibles,intexp,invcap,invcapavg,inventory,investments,investmentsc,investmentsnc,liabilities,liabilitiesc,liabilitiesnc,marketcap,ncf,ncfbus,ncfcommon,ncfdebt,ncfdiv,ncff,ncfi,ncfinv,ncfo,ncfx,netinc,netinccmn,netinccmnusd,netincdis,netincnci,netmargin,opex,opinc,payables,payoutratio,pb,pe,pe1,ppnenet,prefdivis,price,ps,ps1,receivables,retearn,revenue,revenueusd,rnd,roa,roe,roic,ros,sbcomp,sgna,sharefactor,sharesbas,shareswa,shareswadil,sps,tangibles,taxassets,taxexp,taxliabilities,tbvps,workingcapital
HELE,MRY,2011-12-31,2011-02-28,2011-02-28,2018-04-30,-7850000,1240524000,976246500,460451000,780073000,0.796,22.29,-4551000,27193000,27193000,427797000,93305000,1.358,0.81,302000000,124000000,178000000,302000000,0,18502000,0,0.0,0.0,112321000,130823000,0.168,130823000,112321000,102628000,3.04,2.98,3.04,685549000,643802000,685549000,918219662,8,7.019,82879000,2.702,1.0,349246000,0.449,660947000,9693000,515443000,424687750,217230000,1233000,1233000,0,554975000,338941000,216034000,857842662,-83015000,-336240000,5795000,164102000,0,169996000,-340441000,350000,87430000,0,93305000,93305000,93305000,0,0,0.12,237502000,111744000,73321000,0.0,1.251,9.194,9.188,82487000,0,27.93,1.104,1.102,188404000,560300000,777043000,777043000,0,0.096,0.145,0.264,0.145,2017000,235341000,1.0,30714023,30669000,31355000,25.336,579577000,21242000,9323000,23216000,18.844,121510000
HELE,MRY,2012-12-31,2012-02-29,2012-02-29,2018-04-30,-5589000,1435723000,1314750750,488536000,947187000,0.899,25.195,-13712000,21846000,21846000,703192000,110374000,1.289,0.802,349100000,174100000,175000000,349100000,0,30178000,0,0.0,0.0,139009000,169187000,0.143,169187000,139009000,126092000,3.52,3.48,3.52,796729000,749469000,796729000,1239941425,8,7.329,90168000,2.877,1.0,478484000,0.405,829500000,12917000,554588000,544902000,246142000,0,0,0,638994000,378889000,260105000,1027360425,-5347000,-160000000,8688000,46601000,0,42797000,-152024000,21688000,103880000,0,110374000,110374000,110374000,0,0,0.093,339098000,139386000,69845000,0.0,1.289,9.308,9.233,100690000,0,32.5,0.869,0.862,195283000,648144000,1181676000,1181676000,0,0.084,0.147,0.255,0.118,2928000,339098000,1.0,31611090,31340000,31705000,37.705,606223000,18596000,15718000,63888000,19.171,109647000
HELE,MRY,2013-12-31,2013-02-28,2013-02-28,2018-04-30,-2729000,1474004000,1487672750,545205000,928799000,0.866,29.139,-14662000,12842000,12842000,770052000,115666000,1.766,0.591,257000000,102000000,155000000,257000000,0,34425000,0,0.0,0.0,148859000,183284000,0.142,183284000,148859000,135514000,3.64,3.62,3.64,926606000,874175750,926606000,1480667422,9,8.079,72896000,2.296,1.0,518211000,0.402,808869000,13345000,600628000,603545000,280872000,0,0,0,547398000,308665000,238733000,1178389422,-9004000,0,8633000,-92128000,0,-82637000,-13925000,737000,87558000,0,115666000,115666000,115666000,0,0,0.09,369438000,148773000,72263000,0.0,1.272,10.188,10.187,101716000,0,37.08,0.915,0.914,219719000,761677000,1288263000,1288263000,0,0.078,0.132,0.247,0.116,5913000,369438000,1.0,31779650,31754000,31936000,40.57,665135000,25731000,19848000,58330000,20.917,236540000
HELE,MRY,2014-12-31,2014-02-28,2014-02-28,2018-04-30,-1091000,1533302000,1517763500,615476000,917826000,0.868,32.089,-40458000,70027000,70027000,800450000,86248000,1.869,0.489,192607000,96900000,95707000,192607000,0,33839000,0,0.0,0.0,117327000,151166000,0.115,151166000,117327000,107134000,2.69,2.66,2.69,1029487000,988588500,1029487000,2280737889,19,15.088,113707000,3.553,1.0,516703000,0.392,775550000,10193000,550978000,590111500,289255000,0,0,0,503815000,329354000,174461000,2094103889,57185000,0,8974000,-64760000,0,-56522000,-40458000,0,154165000,0,86248000,86248000,86248000,0,0,0.065,399603000,117100000,75585000,0.0,2.034,24.28,24.279,129117000,0,65.31,1.59,1.587,213054000,846490000,1317153000,1317153000,0,0.057,0.087,0.199,0.089,31683000,387554000,1.0,32064062,32007000,32386000,41.152,757752000,35566000,20886000,57169000,23.619,286122000
HELE,MRY,2015-12-31,2015-02-28,2015-02-28,2018-04-30,-76000,1653755000,1661522750,564760000,1088995000,0.87,31.822,-6521000,12295000,12295000,845572000,131164000,2.157,0.828,433207000,21900000,411307000,433207000,0,39653000,0,0.0,0.0,162236000,201889000,0.14,201889000,162236000,147214000,4.59,4.52,4.59,904565000,836292000,904565000,2712808574,16,13.437,172743000,6.044,1.0,599559000,0.415,948157000,15022000,864645000,662040750,293081000,0,0,0,749190000,261865000,487325000,2178157574,-57732000,-195943000,-265978000,236015000,0,-34532000,-202464000,0,179264000,0,131164000,131164000,131164000,0,0,0.091,437840000,161719000,98564000,0.0,2.408,16.606,16.693,126068000,0,76.62,1.507,1.515,222499000,721858000,1445131000,1445131000,0,0.079,0.157,0.245,0.112,5974000,428840000,1.0,28428055,28579000,29035000,50.566,705598000,29302000,16050000,52911000,24.822,302895000
HELE,MRY,2016-12-31,2016-02-29,2016-02-29,2018-04-30,665000,1848894000,1766372500,755088000,1093806000,0.788,33.205,-16669000,225800000,225800000,866841000,101228000,2.822,0.988,619914000,22644000,597270000,619914000,0,34889000,0,0.0,0.0,124830000,159719000,0.115,159719000,124830000,114249000,3.58,3.52,3.58,930043000,935345000,930043000,3150948998,25,19.728,169876000,6.008,1.0,525734000,0.378,958756000,10581000,1016650000,943508750,301609000,0,0,0,918851000,267602000,651249000,2697382998,213505000,-43150000,-87975000,190681000,0,90706000,-63746000,0,186545000,0,101228000,101228000,101228000,-8237000,0,0.073,409440000,116294000,103713000,0.0,2.9,26.647,26.637,130465000,0,95.36,1.937,1.936,217543000,728527000,1392575000,1392575000,0,0.057,0.108,0.132,0.09,7164000,403440000,1.0,28286315,28273000,28749000,49.255,890138000,2840000,13021000,27364000,31.78,487486000
HELE,MRY,2017-12-31,2017-02-28,2017-02-28,2018-04-30,1173000,1813096000,1849801000,556078000,1257018000,0.76,37.823,-15475000,23848000,23848000,824119000,140689000,1.922,0.776,485615000,24404000,461211000,485615000,0,36175000,0,0.0,0.0,166457000,202632000,0.144,202632000,166457000,152096000,5.11,5.04,5.11,1020766000,987231500,1020766000,3184782773,19,15.717,213026000,7.74,1.0,582557000,0.414,938324000,14361000,1047172000,989291750,280877000,0,0,0,792330000,289367000,502963000,2636660773,-202713000,-209267000,-65266000,-135499000,0,-201360000,-229854000,0,228501000,0,140689000,140689000,140689000,3621000,0,0.1,412893000,169664000,105652000,0.0,2.583,18.741,19.119,126502000,0,97.7,1.874,1.912,229416000,798130000,1406676000,1406676000,0,0.076,0.143,0.168,0.118,13861000,409993000,1.0,26987316,27522000,27891000,51.111,874772000,4197000,11407000,20091000,32.413,266711000
HELE,MRY,2018-12-31,2018-02-28,2018-02-28,2018-04-30,631000,1621320000,1742346250,555311000,1066009000,0.855,37.729,-13592000,20738000,20738000,867646000,44446000,1.869,0.598,289869000,1884000,287985000,289869000,0,33730000,0,0.0,0.0,84953000,118683000,0.08,118683000,84953000,71002000,1.64,1.63,1.64,1014459000,1015161750,1014459000,2833508883,33,23.875,210615000,7.778,1.0,622101000,0.418,905235000,13951000,688127000,807790750,251511000,0,0,0,606861000,297089000,309772000,2428474883,-2349000,0,-58137000,-197000000,0,-262190000,35634000,0,224207000,0,44446000,44446000,44446000,84436000,0,0.03,453039000,169062000,129341000,0.0,2.394,54.639,54.909,123503000,0,90.05,1.63,1.637,273168000,780494000,1489747000,1489747000,0,0.026,0.044,0.105,0.057,15054000,435735000,1.0,26968072,27077000,27254000,55.019,716085000,17003000,26556000,7096000,26.632,258222000
