ticker,dimension,calendardate,datekey,reportperiod,lastupdated,accoci,assets,assetsavg,assetsc,assetsnc,assetturnover,bvps,capex,cashneq,cashnequsd,cor,consolinc,currentratio,de,debt,debtc,debtnc,debtusd,deferredrev,depamor,deposits,divyield,dps,ebit,ebitda,ebitdamargin,ebitdausd,ebitusd,ebt,eps,epsdil,epsusd,equity,equityavg,equityusd,ev,evebit,evebitda,fcf,fcfps,fxusd,gp,grossmargin,intangibles,intexp,invcap,invcapavg,inventory,investments,investmentsc,investmentsnc,liabilities,liabilitiesc,liabilitiesnc,marketcap,ncf,ncfbus,ncfcommon,ncfdebt,ncfdiv,ncff,ncfi,ncfinv,ncfo,ncfx,netinc,netinccmn,netinccmnusd,netincdis,netincnci,netmargin,opex,opinc,payables,payoutratio,pb,pe,pe1,ppnenet,prefdivis,price,ps,ps1,receivables,retearn,revenue,revenueusd,rnd,roa,roe,roic,ros,sbcomp,sgna,sharefactor,sharesbas,shareswa,shareswadil,sps,tangibles,taxassets,taxexp,taxliabilities,tbvps,workingcapital
HIBB,MRY,2011-12-31,2012-01-28,2012-01-28,2018-03-30,0,313696000,317770750,268773000,44923000,2.306,7.703,-12894000,55138000,55138000,470237000,59060000,2.932,0.54,2245000,173000,2072000,2245000,0,13205000,0,0.0,0.0,93531000,106736000,0.146,106736000,93531000,93314000,2.19,2.15,2.19,203750000,200897000,203750000,1242488921,13,11.641,42027000,1.558,1.0,262408000,0.358,0,217000,169145000,155284250,195071000,0,0,0,109946000,91658000,18288000,1295278921,-20379000,0,-63448000,-311000,0,-61925000,-13375000,-481000,54921000,0,59060000,59060000,59060000,0,0,0.081,168877000,93531000,73735000,0.0,6.357,21.932,22.352,39596000,0,48.95,1.768,1.802,6123000,349012000,732645000,732645000,0,0.186,0.294,0.602,0.128,3619000,155672000,1.0,26461265,26978000,27506000,27.157,313696000,11218000,34254000,2899000,11.86,177115000
HIBB,MRY,2012-12-31,2013-02-02,2013-02-02,2018-03-30,0,416345000,361705750,323649000,92696000,2.263,11.772,-21788000,66227000,66227000,519818000,72582000,3.54,0.369,3211000,322000,2889000,3211000,0,13029000,0,0.0,0.0,115981000,129010000,0.158,129010000,115981000,115813000,2.78,2.72,2.78,304023000,243812000,304023000,1298710008,11,10.067,65336000,2.5,1.0,298882000,0.365,0,168000,261915000,186546000,226545000,0,0,0,112322000,91414000,20908000,1373786008,21773000,0,-46854000,-181000,0,-43033000,-22318000,-530000,87124000,0,72582000,72582000,72582000,0,0,0.089,182901000,115981000,74532000,0.0,4.519,18.927,19.144,86014000,0,53.22,1.678,1.699,8400000,492471000,818700000,818700000,0,0.201,0.298,0.622,0.142,1647000,169872000,1.0,25813341,26132000,26638000,31.329,416345000,12545000,43231000,1738000,16.121,232235000
HIBB,MRY,2013-12-31,2014-02-01,2014-02-01,2018-03-30,0,416345000,407450000,323649000,92696000,2.091,11.783,-50286000,66227000,66227000,542700000,70877000,3.54,0.369,322000,322000,0,322000,0,13847000,0,0.0,0.0,113891000,127738000,0.15,127738000,113891000,113703000,2.74,2.7,2.74,304023000,282205500,304023000,1479870084,12,11.585,3015000,0.117,1.0,309265000,0.363,0,188000,259026000,222187500,226545000,0,0,0,112322000,91414000,20908000,1549125084,-10684000,0,-17084000,-268000,0,-12995000,-50990000,-704000,53301000,0,70877000,70877000,70877000,0,0,0.083,195374000,113891000,74532000,0.0,5.095,21.857,21.901,86014000,0,60.01,1.818,1.822,0,492471000,851965000,851965000,0,0.174,0.251,0.513,0.134,1481000,181527000,1.0,25814449,25870000,26266000,32.933,416345000,0,42826000,0,16.137,232235000
HIBB,MRY,2014-12-31,2015-01-31,2015-01-31,2018-03-30,0,452397000,443658750,355498000,96899000,2.059,13.01,-22553000,88397000,88397000,586702000,73584000,3.481,0.393,3465000,436000,3029000,3465000,0,15990000,0,0.0,0.0,118146000,134136000,0.147,134136000,118146000,117853000,2.9,2.87,2.9,324781000,316831250,324781000,1104979551,9,8.238,79839000,3.147,1.0,326784000,0.358,0,293000,265340000,252931000,240408000,0,0,0,127616000,102125000,25491000,1176032551,22170000,0,-60197000,-377000,0,-57663000,-22559000,-90000,102392000,0,73584000,73584000,73584000,0,0,0.081,208638000,118146000,84439000,0.0,3.621,15.982,16.221,92981000,0,47.04,1.287,1.306,7577000,566055000,913486000,913486000,0,0.166,0.232,0.467,0.129,1557000,192648000,1.0,25000692,25369000,25620000,36.008,452397000,10126000,44269000,1457000,18.122,253373000
HIBB,MRY,2015-12-31,2016-01-30,2016-01-30,2018-03-30,0,442372000,458262750,330368000,112004000,2.058,13.64,-24849000,32274000,32274000,610389000,70528000,3.141,0.423,3627000,478000,3149000,3627000,0,17038000,0,0.0,0.0,112004000,129042000,0.137,129042000,112004000,111712000,2.95,2.92,2.95,310846000,319943000,310846000,687822694,6,5.33,33630000,1.404,1.0,332715000,0.353,0,292000,308535000,276768750,283099000,0,0,0,131526000,105190000,26336000,732808694,-56123000,0,-90479000,-346000,0,-89925000,-24677000,0,58479000,0,70528000,70528000,70528000,0,0,0.075,220711000,112004000,88456000,0.0,2.357,10.39,10.902,101389000,0,32.16,0.777,0.817,7076000,636583000,943104000,943104000,0,0.154,0.22,0.405,0.119,4298000,203673000,1.0,22786340,23947000,24129000,39.383,442372000,6657000,41184000,1355000,19.412,225178000
HIBB,MRY,2016-12-31,2017-01-28,2017-01-28,2018-03-30,0,458854000,461947000,338264000,120590000,2.106,15.246,-29579000,38958000,38958000,634364000,61075000,3.521,0.374,3452000,595000,2857000,3452000,0,19047000,0,0.0,0.0,96764000,115811000,0.119,115811000,96764000,96496000,2.75,2.72,2.75,334040000,329329250,334040000,677510898,7,5.85,49096000,2.208,1.0,338596000,0.348,0,268000,327276000,308467500,280701000,0,0,0,124814000,96072000,28742000,718160898,6684000,0,-42196000,-485000,0,-42582000,-29409000,0,78675000,0,61075000,61075000,61075000,0,0,0.063,241832000,96764000,77046000,0.0,2.15,11.759,11.891,111634000,0,32.7,0.738,0.747,8902000,697658000,972960000,972960000,0,0.132,0.185,0.314,0.099,4493000,222785000,1.0,21962107,22240000,22427000,43.748,458854000,5285000,35421000,1401000,20.943,242192000
HIBB,MRY,2017-12-31,2018-02-03,2018-02-03,2018-03-30,0,461846000,462236250,346774000,115072000,2.095,16.845,-22793000,73544000,73544000,655502000,35030000,3.001,0.445,3185000,663000,2522000,3185000,0,24207000,0,0.0,0.0,56678000,80885000,0.084,80885000,56678000,56447000,1.72,1.71,1.72,319596000,324749250,319596000,365110746,6,4.514,89133000,4.381,1.0,312717000,0.323,0,231000,275920000,288490000,253201000,0,0,0,142250000,115567000,26683000,422815746,34586000,0,-53839000,-601000,0,-54440000,-22900000,0,111926000,0,35030000,35030000,35030000,0,0,0.036,256039000,56678000,93435000,0.0,1.323,12.07,12.878,109698000,0,22.15,0.437,0.465,6599000,731901000,968219000,968219000,0,0.076,0.108,0.196,0.059,3880000,231832000,1.0,19088747,20347000,20450000,47.585,461846000,2176000,21417000,1294000,24.342,231207000
