ticker,dimension,calendardate,datekey,reportperiod,lastupdated,accoci,assets,assetsavg,assetsc,assetsnc,assetturnover,bvps,capex,cashneq,cashnequsd,cor,consolinc,currentratio,de,debt,debtc,debtnc,debtusd,deferredrev,depamor,deposits,divyield,dps,ebit,ebitda,ebitdamargin,ebitdausd,ebitusd,ebt,eps,epsdil,epsusd,equity,equityavg,equityusd,ev,evebit,evebitda,fcf,fcfps,fxusd,gp,grossmargin,intangibles,intexp,invcap,invcapavg,inventory,investments,investmentsc,investmentsnc,liabilities,liabilitiesc,liabilitiesnc,marketcap,ncf,ncfbus,ncfcommon,ncfdebt,ncfdiv,ncff,ncfi,ncfinv,ncfo,ncfx,netinc,netinccmn,netinccmnusd,netincdis,netincnci,netmargin,opex,opinc,payables,payoutratio,pb,pe,pe1,ppnenet,prefdivis,price,ps,ps1,receivables,retearn,revenue,revenueusd,rnd,roa,roe,roic,ros,sbcomp,sgna,sharefactor,sharesbas,shareswa,shareswadil,sps,tangibles,taxassets,taxexp,taxliabilities,tbvps,workingcapital
HIMX,MRY,2011-12-31,2011-12-31,2011-12-31,2018-03-28,166000,644978000,632299000,515709000,129269000,1.001,1.112,-18852000,190364000,190364000,507449000,9507000,2.102,0.635,84200000,84200000,0,84200000,0,12795000,0,0.12,0.12,18462000,31257000,0.049,31257000,18462000,18007000,0.06,0.06,0.06,393437000,399657500,393437000,78667842,4,2.517,24596000,0.07,1.0,125572000,0.198,31340000,455000,262114000,272062000,112985000,26376000,165000,26211000,249920000,245360000,4560000,177009842,9322000,0,-4627000,27200000,-21224000,-24015000,-10197000,8715000,43448000,86000,10706000,10706000,10706000,0,-1199000,0.017,108964000,16608000,134353000,2.0,0.45,16.534,16.675,57150000,0,1.0,0.28,0.559,181113000,187712000,633021000,633021000,79042000,0.017,0.027,0.068,0.029,4190000,31463000,0.5,353842764,353842764,,1.789,613638000,29866000,7301000,4480000,1.734,270349000
HIMX,MRY,2012-12-31,2012-12-31,2012-12-31,2018-03-28,-137000,674598000,659788000,567088000,107510000,1.117,1.225,-6559000,138737000,138737000,566700000,50138000,2.342,0.576,73000000,73000000,0,73000000,0,13299000,0,0.026,0.063,67696000,80995000,0.11,80995000,67696000,67344000,0.3,0.3,0.3,427943000,410690000,427943000,312971467,4,3.864,45608000,0.131,1.0,170555000,0.231,36281000,352000,330463000,296288500,116671000,87416000,74272000,13144000,246440000,242117000,4323000,419135467,32573000,546000,-8886000,-11200000,-10680000,-18931000,-695000,5431000,52167000,32000,51596000,51596000,51596000,0,-1458000,0.07,103495000,67060000,135546000,0.21,0.979,8.123,8.0,52609000,0,2.4,0.569,1.137,209005000,228628000,737255000,737255000,70913000,0.078,0.126,0.228,0.092,1936000,32582000,0.5,349279556,349279556,,2.111,638317000,19677000,15748000,10846000,1.828,324971000
HIMX,MRY,2013-12-31,2013-12-31,2013-12-31,2018-03-28,-412000,759327000,716962500,639657000,119670000,1.075,1.326,-18412000,127320000,127320000,578886000,55924000,2.105,0.683,105500000,105500000,0,105500000,0,14309000,0,0.017,0.25,81353000,95662000,0.124,95662000,81353000,80952000,0.36,0.36,0.36,449824000,438883500,449824000,2428707631,29,25.388,32711000,0.096,1.0,191853000,0.249,33372000,401000,400302000,365382500,177399000,131389000,109187000,22202000,307112000,303833000,3279000,2494444631,-11417000,-4000,0,32500000,-42394000,-32103000,-30525000,-9807000,51123000,88000,61476000,61476000,61476000,0,-5552000,0.08,117510000,74343000,151290000,0.694,5.545,40.576,40.861,60588000,0,14.71,3.236,6.473,200725000,247710000,770739000,770739000,80368000,0.086,0.14,0.223,0.106,1840000,36969000,0.5,339149508,339149508,,2.273,725955000,12109000,19476000,17645000,2.141,335824000
HIMX,MRY,2014-12-31,2014-12-31,2014-12-31,2018-03-28,-316000,832994000,796160500,729576000,103418000,1.056,1.386,-10930000,185466000,185466000,634660000,63903000,2.053,0.764,130000000,130000000,0,130000000,0,14592000,0,0.033,0.27,88707000,103299000,0.123,103299000,88707000,88189000,0.38,0.38,0.38,472624000,461224000,472624000,1352609154,15,13.094,82789000,0.243,1.0,205882000,0.245,32419000,518000,389704000,395003000,166105000,144027000,132556000,11471000,361041000,355405000,5636000,1374429154,58146000,0,0,24500000,-46042000,-46204000,10644000,21811000,93719000,-13000,66598000,66598000,66598000,0,-2695000,0.079,133157000,72725000,179328000,0.711,2.908,20.638,21.211,57271000,0,8.06,1.635,3.27,219368000,268266000,840542000,840542000,91839000,0.084,0.144,0.225,0.106,1929000,40764000,0.5,341049418,341049418,,2.465,800575000,8217000,21591000,19967000,2.347,374171000
HIMX,MRY,2015-12-31,2015-12-31,2015-12-31,2018-03-28,-1879000,802337000,817665500,697835000,104502000,0.846,1.281,-9974000,129829000,129829000,528651000,21462000,1.978,0.815,180000000,180000000,0,180000000,0,14164000,0,0.037,0.3,37114000,51278000,0.074,51278000,37114000,36600000,0.14,0.14,0.14,438704000,455664000,438704000,1348477090,36,26.297,12555000,0.037,1.0,163138000,0.236,32299000,514000,467479000,428591500,171374000,213933000,198953000,14980000,357340000,352730000,4610000,1403943090,-55637000,341000,0,50000000,-51364000,-49608000,-28342000,-18405000,22529000,-216000,25195000,25195000,25195000,0,-3733000,0.036,132466000,30672000,124423000,2.143,3.2,55.723,58.571,54461000,0,8.2,2.029,4.059,177198000,237375000,691789000,691789000,94422000,0.031,0.055,0.087,0.054,1818000,37734000,0.5,342425144,342425144,,2.02,770038000,4177000,11405000,13548000,2.249,345105000
HIMX,MRY,2016-12-31,2016-12-31,2016-12-31,2018-03-28,-2467000,799634000,800985500,702965000,96669000,1.002,1.36,-7893000,184452000,184452000,608605000,48747000,2.165,0.701,138000000,138000000,0,138000000,0,13756000,0,0.022,0.13,62216000,75972000,0.095,75972000,62216000,61583000,0.3,0.3,0.3,467733000,453218500,467733000,1088493580,17,14.328,76779000,0.223,1.0,194312000,0.242,31308000,633000,397128000,432303500,149748000,163085000,148357000,14728000,327827000,324746000,3081000,1038322580,54623000,-7150000,0,-42000000,-22348000,-22715000,-7127000,7455000,84672000,-207000,50912000,50912000,50912000,0,-2165000,0.063,135077000,59235000,142845000,0.433,2.22,20.394,20.133,48172000,0,6.04,1.293,2.586,198148000,265860000,802917000,802917000,95820000,0.064,0.112,0.144,0.077,1186000,38637000,0.5,343815424,343815424,,2.335,768326000,6115000,10671000,14759000,2.235,378219000
HIMX,MRY,2017-12-31,2017-12-31,2017-12-31,2018-03-28,-1430000,802055000,800844500,661418000,140637000,0.856,1.327,-39703000,138023000,138023000,518142000,25818000,1.962,0.752,147000000,147000000,0,147000000,0,16680000,0,0.023,0.24,33052000,49732000,0.073,49732000,33052000,32487000,0.16,0.16,0.16,456648000,462190500,456648000,1745826647,52,35.105,-10310000,-0.03,1.0,167025000,0.244,30317000,565000,443516000,420322000,135200000,172210000,157879000,14331000,343486000,337199000,6287000,1792278647,-46429000,3900000,0,9000000,-41281000,-41214000,-35088000,835000,29393000,480000,27967000,27967000,27967000,0,-2149000,0.041,158875000,8150000,142133000,1.5,3.925,64.085,65.125,86673000,0,10.42,2.616,5.232,190821000,252546000,685167000,685167000,117757000,0.035,0.061,0.079,0.048,1098000,40963000,0.5,344007418,344007418,,1.992,771738000,7688000,4520000,7317000,2.243,324219000
