ticker,dimension,calendardate,datekey,reportperiod,lastupdated,accoci,assets,assetsavg,assetsc,assetsnc,assetturnover,bvps,capex,cashneq,cashnequsd,cor,consolinc,currentratio,de,debt,debtc,debtnc,debtusd,deferredrev,depamor,deposits,divyield,dps,ebit,ebitda,ebitdamargin,ebitdausd,ebitusd,ebt,eps,epsdil,epsusd,equity,equityavg,equityusd,ev,evebit,evebitda,fcf,fcfps,fxusd,gp,grossmargin,intangibles,intexp,invcap,invcapavg,inventory,investments,investmentsc,investmentsnc,liabilities,liabilitiesc,liabilitiesnc,marketcap,ncf,ncfbus,ncfcommon,ncfdebt,ncfdiv,ncff,ncfi,ncfinv,ncfo,ncfx,netinc,netinccmn,netinccmnusd,netincdis,netincnci,netmargin,opex,opinc,payables,payoutratio,pb,pe,pe1,ppnenet,prefdivis,price,ps,ps1,receivables,retearn,revenue,revenueusd,rnd,roa,roe,roic,ros,sbcomp,sgna,sharefactor,sharesbas,shareswa,shareswadil,sps,tangibles,taxassets,taxexp,taxliabilities,tbvps,workingcapital
HOFT,MRY,2011-12-31,2012-01-29,2012-01-29,2018-04-13,109000,149171000,149557250,104492000,44679000,1.488,11.811,-3680000,40355000,40355000,173642000,5057000,6.986,0.174,0,0,0,0,0,2566000,0,0.033,0.4,6945000,9511000,0.043,9511000,6945000,6945000,0.47,0.47,0.47,127113000,126973250,127113000,99303239,14,10.441,28596000,2.657,1.0,48863000,0.22,1257000,0,92601000,100179250,34136000,16217000,0,16217000,22058000,14958000,7100000,132001239,23732000,0,0,0,-4315000,-4315000,-4229000,35000,32276000,0,5057000,5057000,5057000,0,0,0.023,42190000,6673000,9233000,0.851,1.038,26.103,26.021,21669000,0,12.23,0.593,0.592,25807000,109742000,222505000,222505000,0,0.034,0.04,0.069,0.031,-38000,40375000,1.0,10793233,10762000,10790000,20.675,147914000,6126000,1888000,0,13.744,89534000
HOFT,MRY,2012-12-31,2013-02-03,2013-02-03,2018-04-13,202000,155823000,153444500,109667000,46156000,1.423,12.23,-3758000,26342000,26342000,165813000,8626000,6.279,0.189,0,0,0,0,0,2566000,0,0.034,0.5,12993000,15559000,0.071,15559000,12993000,12993000,0.8,0.8,0.8,131045000,128408500,131045000,127172440,9,8.174,-7091000,-0.66,1.0,52546000,0.241,1257000,0,110757000,96767750,49872000,17360000,0,17360000,24778000,17467000,7311000,160224440,-14013000,0,-671000,0,-5386000,-6057000,-4623000,37000,-3333000,0,8626000,8626000,8626000,0,0,0.04,39606000,12940000,11620000,0.625,1.223,18.575,18.637,22829000,0,14.91,0.734,0.734,28272000,113483000,218359000,218359000,0,0.056,0.067,0.134,0.06,465000,39606000,1.0,10746106,10745000,10775000,20.322,154566000,5991000,4367000,0,14.425,92200000
HOFT,MRY,2013-12-31,2014-02-02,2014-02-02,2018-04-13,98000,155481000,155722750,107050000,48431000,1.466,12.569,-3449000,23882000,23882000,173568000,7929000,8.294,0.153,0,0,0,0,0,2491000,659000,0.026,0.4,12468000,14959000,0.066,14959000,12468000,12468000,0.74,0.74,0.74,134803000,133402000,134803000,132961677,10,8.888,2247000,0.21,1.0,54725000,0.24,1382000,0,117310000,111912500,49016000,18891000,0,18891000,20678000,12907000,7771000,162907677,-2460000,0,0,0,-4301000,-4301000,-3855000,36000,5696000,0,7929000,7929000,7929000,0,0,0.035,42222000,12503000,7077000,0.541,1.208,20.546,20.473,23752000,0,15.15,0.714,0.712,29393000,117120000,228293000,228293000,0,0.051,0.059,0.111,0.055,338000,42222000,1.0,10752982,10722000,10752000,21.292,154099000,6397000,4539000,103000,14.368,94143000
HOFT,MRY,2014-12-31,2015-02-01,2015-02-01,2018-04-13,-335000,170755000,163857750,118234000,52521000,1.491,13.3,-2923000,38663000,38663000,181550000,12578000,6.201,0.195,0,0,0,0,0,2599000,853000,0.022,0.4,19451000,22050000,0.09,22050000,19451000,19398000,1.17,1.16,1.17,142909000,139344000,142909000,161029097,8,7.303,19845000,1.848,1.0,62800000,0.257,1382000,53000,111643000,111293750,44973000,20373000,0,20373000,27846000,19067000,8779000,194357097,14781000,0,0,0,-4306000,-4306000,-3681000,31000,22768000,0,12578000,12578000,12578000,0,0,0.051,43752000,19048000,10293000,0.342,1.36,15.452,15.419,22824000,0,18.04,0.795,0.793,32245000,125392000,244350000,244350000,0,0.077,0.09,0.175,0.08,123000,43752000,1.0,10773675,10736000,10771000,22.76,169373000,5892000,6820000,1458000,15.763,99167000
HOFT,MRY,2015-12-31,2016-01-31,2016-01-31,2018-04-13,139000,181653000,175837000,128067000,53586000,1.405,14.462,-2841000,53922000,53922000,178311000,16185000,7.713,0.164,0,0,0,0,0,2946000,797000,0.014,0.4,24523000,27469000,0.111,27469000,24523000,24459000,1.5,1.49,1.5,156061000,150809500,156061000,260924365,10,9.499,20195000,1.874,1.0,68688000,0.278,1382000,64000,109744000,111595750,43713000,21888000,0,21888000,25592000,16605000,8987000,310398365,15259000,0,0,0,-4322000,-4322000,-3455000,93000,23036000,0,16185000,16185000,16185000,0,0,0.066,44426000,24262000,9105000,0.267,1.989,19.178,19.14,22768000,0,28.71,1.257,1.253,28176000,137255000,246999000,246999000,0,0.092,0.107,0.22,0.099,829000,44426000,1.0,10811507,10779000,10807000,22.915,180271000,5350000,8274000,357000,16.706,111462000
HOFT,MRY,2016-12-31,2017-01-29,2017-01-29,2018-04-13,486000,318696000,301453750,211917000,106779000,1.915,17.151,-2452000,39792000,39792000,451098000,25287000,3.308,0.61,47589000,5817000,41772000,47589000,0,8000000,5605000,0.012,0.42,40150000,48150000,0.083,48150000,40150000,39196000,2.19,2.18,2.19,197927000,186600000,197927000,398494399,9,8.276,28788000,2.497,1.0,126121000,0.218,49110000,954000,213323000,207926000,75303000,22366000,0,22366000,120769000,64060000,56709000,392557399,-14130000,-86062000,0,47545000,-4854000,42691000,-88061000,146000,31240000,0,25287000,25287000,25287000,0,0,0.044,86901000,39220000,36552000,0.192,1.983,15.524,15.502,25803000,0,33.95,0.68,0.678,92578000,157688000,577219000,577219000,0,0.084,0.136,0.193,0.07,1157000,83767000,1.0,11562810,11531000,11563000,50.058,269586000,7264000,13909000,4323000,23.361,147857000
HOFT,MRY,2017-12-31,2018-01-28,2018-01-28,2018-04-13,368000,349716000,328918750,213149000,136567000,1.887,19.538,-3157000,30915000,30915000,485815000,28250000,3.553,0.524,53306000,7528000,45778000,53306000,0,6647000,3951000,0.013,0.5,47020000,53667000,0.086,53667000,47020000,45772000,2.42,2.42,2.42,229460000,215575750,229460000,488032275,10,9.094,24589000,2.114,1.0,134817000,0.217,78197000,1248000,233923000,219140250,84459000,23622000,0,23622000,120256000,59987000,60269000,465203275,-8877000,-32773000,0,5676000,-5816000,-140000,-36483000,120000,27746000,0,28250000,28250000,28250000,0,0,0.046,89333000,45484000,32685000,0.207,2.027,16.467,16.343,29249000,0,39.55,0.75,0.741,92461000,180122000,620632000,620632000,0,0.086,0.131,0.215,0.076,1175000,87249000,1.0,11762409,11633000,11663000,53.351,271519000,3264000,17522000,3711000,23.12,153162000
