ticker,dimension,calendardate,datekey,reportperiod,lastupdated,accoci,assets,assetsavg,assetsc,assetsnc,assetturnover,bvps,capex,cashneq,cashnequsd,cor,consolinc,currentratio,de,debt,debtc,debtnc,debtusd,deferredrev,depamor,deposits,divyield,dps,ebit,ebitda,ebitdamargin,ebitdausd,ebitusd,ebt,eps,epsdil,epsusd,equity,equityavg,equityusd,ev,evebit,evebitda,fcf,fcfps,fxusd,gp,grossmargin,intangibles,intexp,invcap,invcapavg,inventory,investments,investmentsc,investmentsnc,liabilities,liabilitiesc,liabilitiesnc,marketcap,ncf,ncfbus,ncfcommon,ncfdebt,ncfdiv,ncff,ncfi,ncfinv,ncfo,ncfx,netinc,netinccmn,netinccmnusd,netincdis,netincnci,netmargin,opex,opinc,payables,payoutratio,pb,pe,pe1,ppnenet,prefdivis,price,ps,ps1,receivables,retearn,revenue,revenueusd,rnd,roa,roe,roic,ros,sbcomp,sgna,sharefactor,sharesbas,shareswa,shareswadil,sps,tangibles,taxassets,taxexp,taxliabilities,tbvps,workingcapital
HOME,MRY,2013-12-31,2014-01-25,2014-01-25,2018-03-23,,,,,,,,-12064000,,,272021000,-22283000,,,,,,,,13132000,,,0.0,18928000,32060000,0.079,32060000,18928000,-22224000,-0.44,-0.44,-0.44,,,,,,,23631000,0.465,1.0,131945000,0.327,,41152000,,,,,,,,,,,1353000,0,0,-4032000,0,-4032000,-30310000,0,35695000,0,-22283000,-22283000,-22283000,0,0,-0.055,113017000,18928000,,0.0,,,,,0,,,,,,403966000,403966000,0,,,,0.047,4373000,74255000,,,50836727,50836727,7.946,,,59000,,,
HOME,MRY,2014-12-31,2015-01-31,2015-01-31,2018-03-23,0,968315000,,155761000,812554000,,7.1,-100231000,21966000,21966000,335617000,-436000,0.974,1.683,457831000,68158000,389673000,457831000,0,23317000,0,,0.0,46303000,69620000,0.14,69620000,46303000,3921000,-0.01,-0.01,-0.01,360916000,,360916000,,,,-84910000,-1.67,1.0,162116000,0.326,570585000,42382000,673662000,,142256000,0,0,0,607399000,159933000,447466000,,-265000,0,0,84512000,0,84512000,-100098000,0,15321000,0,-436000,-436000,-436000,0,0,-0.001,115813000,46303000,31638000,0.0,,,,220084000,0,,,,0,-44675000,497733000,497733000,0,,,,0.093,4251000,110503000,1.0,,50836727,50836727,9.791,397730000,2418000,4357000,515000,7.824,-4172000
HOME,MRY,2015-12-31,2016-01-30,2016-01-30,2018-03-23,0,1054810000,1011562500,191396000,863414000,0.615,7.262,-56942000,5454000,5454000,421750000,3574000,1.122,1.857,522016000,80389000,441627000,522016000,0,28694000,0,,0.0,26173000,54867000,0.088,54867000,26173000,-10586000,0.07,0.07,0.07,369153000,365034500,369153000,,,,-42029000,-0.827,1.0,200411000,0.322,570604000,36759000,830250000,751956000,176388000,0,0,0,685657000,170518000,515139000,,722000,0,0,25536000,0,25536000,-39727000,0,14913000,0,3574000,3574000,3574000,0,0,0.006,138192000,62219000,31139000,0.0,,,,272776000,0,,,,0,-41101000,622161000,622161000,0,0.004,0.01,0.035,0.042,4663000,135716000,1.0,,50836727,51732752,12.238,484206000,14726000,-14160000,0,9.525,20878000
HOME,MRY,2016-12-31,2017-01-28,2017-01-28,2018-03-23,0,1213393000,1157021000,258877000,954516000,0.662,8.86,-62132000,7574000,7574000,518155000,27066000,1.025,1.269,424809000,105266000,319543000,424809000,0,36925000,0,0.0,0.0,69962000,106887000,0.14,106887000,69962000,42788000,0.49,0.48,0.49,534870000,453140500,534870000,1306912867,18,12.227,-18634000,-0.336,1.0,247480000,0.323,571190000,27174000,806961000,819694500,243795000,0,0,0,678523000,252477000,426046000,913952867,1664000,0,132944000,-111604000,0,21340000,-63174000,0,43498000,0,27066000,27066000,27066000,0,0,0.035,174803000,72677000,58425000,0.0,1.709,33.768,30.898,340358000,0,15.14,1.194,1.096,0,-14035000,765635000,765635000,0,0.023,0.06,0.085,0.091,9384000,170556000,1.0,60366768,55414037,56892183,13.817,642203000,40735000,15722000,7265000,10.638,6400000
HOME,MRY,2017-12-31,2018-01-27,2018-01-27,2018-03-23,0,1373289000,1337642750,299981000,1073308000,0.711,9.716,-170276000,8525000,8525000,643570000,31812000,0.875,1.324,475066000,165474000,309592000,475066000,0,48777000,0,0.0,0.0,87361000,136138000,0.143,136138000,87361000,65657000,0.53,0.5,0.53,590879000,567016250,590879000,2535712447,29,18.626,-64258000,-1.062,1.0,306958000,0.323,571190000,21704000,925919000,902045500,269844000,0,0,0,782410000,342721000,439689000,2038676447,1433000,0,10433000,54776000,0,65209000,-169794000,0,106018000,0,31812000,31812000,31812000,0,0,0.033,219597000,87361000,79628000,0.0,3.45,64.085,63.642,466263000,0,33.73,2.145,2.147,0,17777000,950528000,950528000,0,0.024,0.056,0.097,0.092,13764000,211057000,1.0,60441045,60503860,63712003,15.71,802099000,33561000,33845000,0,13.189,-42740000
