ticker,dimension,calendardate,datekey,reportperiod,lastupdated,accoci,assets,assetsavg,assetsc,assetsnc,assetturnover,bvps,capex,cashneq,cashnequsd,cor,consolinc,currentratio,de,debt,debtc,debtnc,debtusd,deferredrev,depamor,deposits,divyield,dps,ebit,ebitda,ebitdamargin,ebitdausd,ebitusd,ebt,eps,epsdil,epsusd,equity,equityavg,equityusd,ev,evebit,evebitda,fcf,fcfps,fxusd,gp,grossmargin,intangibles,intexp,invcap,invcapavg,inventory,investments,investmentsc,investmentsnc,liabilities,liabilitiesc,liabilitiesnc,marketcap,ncf,ncfbus,ncfcommon,ncfdebt,ncfdiv,ncff,ncfi,ncfinv,ncfo,ncfx,netinc,netinccmn,netinccmnusd,netincdis,netincnci,netmargin,opex,opinc,payables,payoutratio,pb,pe,pe1,ppnenet,prefdivis,price,ps,ps1,receivables,retearn,revenue,revenueusd,rnd,roa,roe,roic,ros,sbcomp,sgna,sharefactor,sharesbas,shareswa,shareswadil,sps,tangibles,taxassets,taxexp,taxliabilities,tbvps,workingcapital
HOV,MRY,2011-12-31,2011-10-31,2011-10-31,2018-03-09,0,1602180000,1676644500,,,0.677,-4.564,515000,328358000,328358000,1090326000,-286087000,,-4.226,1719699000,,,1719699000,0,9340000,16670000,0.0,0.0,-194419000,-185079000,-0.163,-185079000,-194419000,-291588000,-2.85,-2.85,-2.85,-496694000,-412045250,-496694000,1519548679,-7,-8.21,-206900000,-2.06,1.0,44581000,0.039,0,97169000,2993521000,3011927250,968112000,129998000,,,2098782000,,,136737679,-116440000,680000,138606000,-43430000,0,89780000,1195000,0,-207415000,0,-286087000,-286087000,-286087000,0,0,-0.252,216199000,-171618000,318150000,0.0,-0.275,-0.478,-0.505,53266000,0,1.44,0.12,0.127,52277000,-1109506000,1134907000,1134907000,0,-0.171,0.694,-0.065,-0.171,6219000,211394000,1.0,94956722,100444000,100444000,11.299,1602180000,0,-5501000,41829000,14.722,
HOV,MRY,2012-12-31,2012-10-31,2012-10-31,2018-03-09,0,1684250000,1582189750,,,0.939,-3.436,-1853000,337434000,337434000,1246869000,-66197000,,-4.468,1726957000,,,1726957000,0,6223000,23846000,0.0,0.0,-3353000,2870000,0.002,2870000,-3353000,-101248000,-0.52,-0.52,-0.52,-485575000,-464753250,-485575000,1884396627,-562,656.584,-68851000,-0.545,1.0,238484000,0.161,0,97895000,3073773000,2951984250,981466000,178107000,,,2169595000,,,568824627,22492000,353000,47221000,30205000,0,90990000,-1500000,0,-66998000,0,-66197000,-66197000,-66197000,0,0,-0.045,194524000,43960000,334119000,0.0,-1.171,-8.593,-8.269,48524000,0,4.3,0.383,0.366,61794000,-1175703000,1485353000,1485353000,0,-0.042,0.142,-0.001,-0.002,6453000,190319000,1.0,132284797,126350000,126350000,11.756,1684250000,0,-35051000,6882000,11.917,
HOV,MRY,2013-12-31,2013-10-31,2013-10-31,2018-03-09,0,1759130000,1655613250,,,1.118,-2.971,5811000,361047000,361047000,1499239000,31295000,,-5.06,1730005000,,,1730005000,0,4712000,30119000,0.0,0.0,113279000,117991000,0.064,117991000,113279000,21935000,0.22,0.22,0.22,-433226000,-465289750,-433226000,2136070714,18,18.104,15079000,0.104,1.0,352014000,0.19,0,91344000,3128088000,3046282750,1078764000,164391000,,,2191929000,,,704358714,55972000,19899000,0,8735000,0,16419000,30285000,0,9268000,0,31295000,31295000,31295000,0,0,0.017,220956000,131058000,340638000,0.0,-1.626,22.507,23.0,46211000,0,5.06,0.38,0.397,45085000,-1144408000,1851253000,1851253000,0,0.019,-0.067,0.037,0.061,6842000,220166000,1.0,139201327,145087000,162329000,12.76,1759130000,0,-9360000,3301000,12.063,
HOV,MRY,2014-12-31,2014-10-31,2014-10-31,2018-03-09,0,2289930000,1952435500,,,1.057,-0.805,-2908000,291220000,291220000,1674389000,307144000,,-20.439,1887225000,,,1887225000,0,3417000,34969000,0.0,0.0,107558000,110975000,0.054,110975000,107558000,20180000,2.05,1.87,2.05,-117799000,-370112500,-117799000,2191310797,20,19.746,-193493000,-1.323,1.0,388991000,0.189,0,87378000,3885935000,3530868750,1344310000,159221000,,,2407729000,,,548514797,-67306000,-10592000,0,130167000,0,137434000,-14155000,0,-190585000,0,307144000,307144000,307144000,0,0,0.149,259559000,129432000,393154000,0.0,-4.656,1.786,1.834,46744000,0,3.76,0.266,0.267,92546000,-837264000,2063380000,2063380000,0,0.157,-0.83,0.03,0.052,10279000,254912000,1.0,145881595,146271000,162441000,14.107,2289930000,284543000,-286964000,0,15.64,
HOV,MRY,2015-12-31,2015-10-31,2015-10-31,2018-03-09,0,2602298000,2532517750,,,0.848,-0.871,-481000,280267000,280267000,1793695000,-16100000,,-21.317,2203884000,,,2203884000,0,3388000,44218000,0.0,0.0,70070000,73458000,0.034,73458000,70070000,-21765000,-0.11,-0.11,-0.11,-128084000,-138977250,-128084000,2237491467,31,30.459,-321016000,-2.185,1.0,354785000,0.165,0,91835000,4525915000,4424137750,1644578000,191529000,,,2730382000,,,301825467,-8153000,-1595000,0,295941000,0,309910000,2472000,2993000,-320535000,0,-16100000,-16100000,-16100000,0,0,-0.007,256912000,97873000,376424000,0.0,-2.356,-18.747,-18.727,45534000,0,2.06,0.14,0.141,70349000,-853364000,2148480000,2148480000,0,-0.006,0.116,0.016,0.033,8816000,250909000,1.0,146517217,146899000,146899000,14.626,2602298000,290279000,-5665000,0,17.696,
HOV,MRY,2016-12-31,2016-10-31,2016-10-31,2018-03-09,0,2354956000,2453791000,,,1.122,-0.87,-7243000,350679000,350679000,2356201000,-2819000,,-19.325,1904364000,,,1904364000,0,3565000,37429000,0.0,0.0,93403000,96968000,0.035,96968000,93403000,2436000,-0.02,-0.02,-0.02,-128510000,-143978750,-128510000,1910909433,20,19.707,380422000,2.58,1.0,396046000,0.144,0,90967000,3908641000,4191115250,1283084000,100502000,,,2483466000,,,229783433,93020000,-44641000,0,-217060000,0,-245667000,-48978000,872000,387665000,0,-2819000,-2819000,-2819000,0,0,-0.001,257953000,138093000,369228000,0.0,-1.788,-81.512,-78.0,50332000,0,1.56,0.083,0.084,49726000,-856183000,2752247000,2752247000,0,-0.001,0.02,0.022,0.034,2921000,253079000,1.0,147297073,147451000,147451000,18.666,2354956000,283633000,5255000,0,15.949,
HOV,MRY,2017-12-31,2017-10-31,2017-10-31,2018-03-09,0,1900898000,2000527250,,,1.226,-3.112,-6208000,471397000,471397000,2068153000,-332193000,,-5.129,1848299000,,,1848299000,0,4249000,33772000,0.0,0.0,52060000,56309000,0.023,56309000,52060000,-45244000,-2.25,-2.25,-2.25,-460371000,-298429000,-460371000,1902702859,36,33.79,291345000,1.973,1.0,383512000,0.156,0,97304000,3277800000,3523518500,1009827000,115090000,,,2361269000,,,357174859,122555000,-23499000,0,-114759000,0,-147843000,-27155000,-3000,297553000,0,-332193000,-332193000,-332193000,0,0,-0.135,257205000,126307000,335057000,0.0,-0.776,-1.075,-1.076,52919000,0,2.42,0.146,0.146,58149000,-1188376000,2451665000,2451665000,0,-0.166,1.113,0.015,0.021,557000,255687000,1.0,147592917,147703000,147703000,16.599,1900898000,0,286949000,2227000,12.85,
