ticker,dimension,calendardate,datekey,reportperiod,lastupdated,accoci,assets,assetsavg,assetsc,assetsnc,assetturnover,bvps,capex,cashneq,cashnequsd,cor,consolinc,currentratio,de,debt,debtc,debtnc,debtusd,deferredrev,depamor,deposits,divyield,dps,ebit,ebitda,ebitdamargin,ebitdausd,ebitusd,ebt,eps,epsdil,epsusd,equity,equityavg,equityusd,ev,evebit,evebitda,fcf,fcfps,fxusd,gp,grossmargin,intangibles,intexp,invcap,invcapavg,inventory,investments,investmentsc,investmentsnc,liabilities,liabilitiesc,liabilitiesnc,marketcap,ncf,ncfbus,ncfcommon,ncfdebt,ncfdiv,ncff,ncfi,ncfinv,ncfo,ncfx,netinc,netinccmn,netinccmnusd,netincdis,netincnci,netmargin,opex,opinc,payables,payoutratio,pb,pe,pe1,ppnenet,prefdivis,price,ps,ps1,receivables,retearn,revenue,revenueusd,rnd,roa,roe,roic,ros,sbcomp,sgna,sharefactor,sharesbas,shareswa,shareswadil,sps,tangibles,taxassets,taxexp,taxliabilities,tbvps,workingcapital
HW,MRY,2011-12-31,2011-09-30,2011-09-30,2017-05-13,0,728237000,775679750,191806000,536431000,0.758,0.932,-26825000,50810000,50810000,442031000,-229921000,1.569,11.836,527803000,9014000,518789000,527803000,0,64230000,0,0.0,0.0,-103840000,-39610000,-0.067,-39610000,-103840000,-230092000,-3.8,-3.8,-3.8,56736000,132423750,56736000,588199546,-5,-14.85,-78539000,-1.291,1.0,145933000,0.248,280892000,126252000,802122000,855650500,33247000,0,0,0,671501000,122216000,549285000,87629546,-40174000,-2466000,719000,40493000,0,41212000,-29672000,0,-51714000,0,-229921000,-229921000,-229921000,95989000,0,-0.391,158098000,-12165000,18979000,0.0,1.545,-0.381,-0.379,164709000,0,1.44,0.149,0.149,90931000,-580861000,587964000,587964000,6451000,-0.296,-1.736,-0.121,-0.177,3658000,111358000,1.0,60853852,60853852,,9.662,447345000,3087000,-171000,15909000,7.351,69590000
HW,MRY,2012-12-31,2012-09-30,2012-09-30,2017-05-13,0,680937000,666283250,214696000,466241000,0.95,-0.051,-25186000,53782000,53782000,457720000,-62248000,1.521,-218.621,500539000,0,500539000,500539000,0,51481000,0,0.0,0.0,-8909000,42572000,0.067,42572000,-8909000,-61587000,-1.02,-1.02,-1.02,-3129000,11428750,-3129000,876236610,-98,20.582,20983000,0.343,1.0,175067000,0.277,260582000,52678000,725944000,751547500,31588000,0,0,0,684066000,141168000,542898000,402150610,2972000,1004000,635000,-37424000,0,-36789000,-6408000,0,46169000,0,-62248000,-62248000,-62248000,35819000,0,-0.098,140664000,34403000,17477000,0.0,-128.524,-6.46,-6.451,159706000,0,6.58,0.636,0.636,102006000,-643109000,632787000,632787000,0,-0.093,-5.447,-0.012,-0.014,1737000,119989000,1.0,61117114,61117114,,10.354,420355000,10873000,661000,22869000,6.878,73528000
HW,MRY,2013-12-31,2013-09-30,2013-09-30,2017-05-13,0,724009000,707446750,243883000,480126000,0.993,1.154,-28328000,75316000,75316000,510094000,7137000,1.641,7.577,456973000,7553000,449420000,456973000,0,52317000,0,0.0,0.0,53627000,105944000,0.151,105944000,53627000,11061000,0.1,0.1,0.1,84410000,72372750,84410000,1081378919,20,10.207,30235000,0.413,1.0,192482000,0.274,276995000,42566000,680097000,701471750,37383000,0,0,0,639599000,148574000,491025000,657398919,21534000,-38437000,78699000,-47355000,0,31344000,-68373000,0,58563000,0,7137000,7137000,7137000,1148000,0,0.01,138071000,54411000,21810000,0.0,7.788,92.111,89.9,159619000,0,8.99,0.936,0.936,109868000,-635972000,702576000,702576000,0,0.01,0.099,0.076,0.076,1703000,117841000,1.0,73125575,73125575,,9.608,447014000,14036000,3924000,24757000,6.113,95309000
HW,MRY,2014-12-31,2014-09-30,2014-09-30,2017-05-13,0,896306000,870808500,344117000,552189000,0.909,1.394,-34894000,152542000,152542000,565754000,16058000,2.524,7.62,592458000,0,592458000,592458000,0,55134000,0,0.0,0.0,65187000,120321000,0.152,120321000,65187000,18858000,0.2,0.2,0.2,102442000,79616750,102442000,1406714401,21,11.691,30149000,0.41,1.0,225693000,0.285,335449000,46329000,864447000,863230250,50633000,0,0,0,780612000,136326000,644286000,921639401,77226000,-97479000,759000,138858000,0,138667000,-126484000,7445000,65043000,0,15284000,15284000,15284000,415000,774000,0.019,158969000,66724000,27026000,0.0,8.997,60.301,62.7,181298000,0,12.54,1.164,1.164,119330000,-620688000,791447000,791447000,0,0.018,0.192,0.076,0.082,2165000,137650000,1.0,73495965,73495965,,10.769,560857000,11076000,3574000,23610000,7.631,207791000
HW,MRY,2015-12-31,2015-09-30,2015-09-30,2017-05-13,0,979019000,875755750,344211000,634808000,1.022,3.22,-35944000,142597000,142597000,625442000,131668000,2.571,3.064,562330000,4250000,558080000,562330000,0,53973000,0,0.0,0.0,100560000,154533000,0.173,154533000,100560000,36341000,1.78,1.73,1.78,237851000,135690000,237851000,1852306581,18,11.986,45764000,0.619,1.0,269891000,0.301,321917000,64219000,942954000,892486000,55074000,0,0,0,728737000,133881000,594856000,1388866581,-9945000,-5775000,804000,-35124000,0,-52787000,-38866000,3450000,81708000,0,130799000,130799000,130799000,460000,869000,0.146,167784000,102107000,25306000,0.0,5.839,10.618,10.562,185718000,0,18.8,1.551,1.551,134384000,-489889000,895333000,895333000,0,0.149,0.964,0.113,0.112,1283000,149623000,1.0,73875882,73875882,,12.119,657102000,93181000,-94458000,0,8.895,210330000
HW,MRY,2016-12-31,2016-09-30,2016-09-30,2017-05-13,0,1238443000,1044900250,304754000,933689000,0.933,3.913,-43654000,65298000,65298000,686606000,49763000,2.071,3.225,754501000,7785000,746716000,754501000,0,62518000,0,0.0,0.0,113276000,175794000,0.18,175794000,113276000,70852000,0.65,0.64,0.65,289987000,266949000,289987000,1723469533,15,9.804,76649000,1.034,1.0,288201000,0.296,609665000,42424000,1170834000,999989750,72668000,0,0,0,935093000,147147000,787946000,1253924533,-77299000,-342362000,873000,188318000,0,183784000,-381386000,273000,120303000,0,48096000,48096000,48096000,-84000,1667000,0.049,177491000,110710000,30211000,0.0,4.324,26.071,26.031,206792000,0,16.92,1.286,1.286,152084000,-441793000,974807000,974807000,0,0.046,0.18,0.113,0.116,2458000,156898000,1.0,74109015,74109015,,13.154,628778000,69246000,22756000,0,8.485,157607000
