ticker,dimension,calendardate,datekey,reportperiod,lastupdated,accoci,assets,assetsavg,assetsc,assetsnc,assetturnover,bvps,capex,cashneq,cashnequsd,cor,consolinc,currentratio,de,debt,debtc,debtnc,debtusd,deferredrev,depamor,deposits,divyield,dps,ebit,ebitda,ebitdamargin,ebitdausd,ebitusd,ebt,eps,epsdil,epsusd,equity,equityavg,equityusd,ev,evebit,evebitda,fcf,fcfps,fxusd,gp,grossmargin,intangibles,intexp,invcap,invcapavg,inventory,investments,investmentsc,investmentsnc,liabilities,liabilitiesc,liabilitiesnc,marketcap,ncf,ncfbus,ncfcommon,ncfdebt,ncfdiv,ncff,ncfi,ncfinv,ncfo,ncfx,netinc,netinccmn,netinccmnusd,netincdis,netincnci,netmargin,opex,opinc,payables,payoutratio,pb,pe,pe1,ppnenet,prefdivis,price,ps,ps1,receivables,retearn,revenue,revenueusd,rnd,roa,roe,roic,ros,sbcomp,sgna,sharefactor,sharesbas,shareswa,shareswadil,sps,tangibles,taxassets,taxexp,taxliabilities,tbvps,workingcapital
IBA,MRY,2011-12-31,2011-12-31,2011-12-31,2018-04-28,64387000,24717320000,22957544500,10909248000,13808072000,1.208,28.911,-623587000,2625661000,188182316,24797037000,1179443000,2.45,0.423,1837363000,1452993000,384370000,131684640,0,745837000,0,0.027,0.515,1211467000,1957304000,0.071,140280866,86826390,1140827000,23.521,23.521,1.686,17341701000,16870902000,1242887585,676265040,7,4.821,-801518000,-1.336,13.953,2937953000,0.106,300848000,70640000,19175197000,17292205000,3230987000,0,0,0,7337492000,4452977000,2884515000,953461860,-1463652000,-1326741000,-209000,1147008000,-299926000,818592000,-2104313000,-7596000,-177931000,154879000,1179443000,1179443000,84531215,0,0,0.043,2974733000,-36780000,2921441000,0.306,0.767,11.279,11.312,12112945000,0,19.07,0.48,5.754,2235152000,15614760000,27734990000,1987779327,0,0.051,0.07,0.07,0.044,0,2974733000,0.083,600000000,599822448,599822448,3.314,24416472000,0,-38616000,2400107000,40.706,6456271000
IBA,MRY,2012-12-31,2012-12-31,2012-12-31,2018-04-28,-26916000,28040184000,26378752000,14381789000,13658395000,1.492,31.808,-870169000,4179541000,322249359,33318207000,2191771000,3.04,0.47,2723658000,1197056000,1526602000,209998429,0,837807000,0,0.016,0.451,2898791000,3736598000,0.095,288097738,223501466,2793791000,43.802,43.802,3.377,19051991000,18196846000,1468939267,1335274453,5,4.635,1384794000,2.312,12.97,6049224000,0.154,300848000,105000000,21553113000,20364155000,4599355000,0,0,0,8951495000,4730340000,4221155000,1395944160,1562106000,0,10993000,938982000,-299175000,443770000,-1136627000,-329184000,2254963000,-101623000,2191771000,2191771000,168989082,0,0,0.056,3396655000,2652569000,3445245000,0.134,0.95,8.261,8.267,11949516000,0,27.92,0.46,5.51,2220638000,17405360000,39367431000,3035292493,0,0.083,0.12,0.142,0.074,0,3396655000,0.083,600000000,598959882,598959882,5.068,27739336000,0,602020000,2597940000,46.313,9651449000
IBA,MRY,2013-12-31,2013-12-31,2013-12-31,2018-04-28,-148057000,28889677000,28464930500,15397494000,13492183000,1.395,33.52,-517616000,6716894000,514931406,33176599000,2041805000,3.465,0.434,2067802000,557592000,1510210000,158522107,0,816673000,0,0.037,1.478,3618610000,4435283000,0.112,340018245,277410353,3392244000,40.802,40.802,3.128,20111845000,19581918000,1541816892,1893946463,6,5.57,4336197000,7.227,13.044,6534127000,0.165,344259000,226366000,19452381000,20502747000,2738222000,1004106000,1004106000,0,8738531000,4443945000,4294586000,2013419460,2573760000,-135450000,127000,-673466000,-950400000,-1850885000,-429168000,272107000,4853813000,-36407000,2041805000,2041805000,156529122,0,0,0.051,3291006000,3243121000,3429696000,0.473,1.306,12.863,12.874,11652449000,0,40.27,0.661,7.937,2321771000,18586228000,39710726000,3044308871,0,0.072,0.104,0.176,0.091,0,3291006000,0.083,600000000,599992952,599992952,5.074,28545418000,34940000,1350439000,3192788000,47.576,10953549000
IBA,MRY,2014-12-31,2014-12-31,2014-12-31,2018-04-28,129072000,34843128000,31866402500,20851971000,13991157000,1.311,40.532,-1226178000,11036062000,748416642,32494974000,3932666000,3.687,0.431,2450452000,797982000,1652470000,166178756,0,805650000,0,0.0,0.0,5709095000,6514745000,0.156,441801031,387165431,5588776000,78.603,78.603,5.331,24317404000,22214624500,1649098188,2139311422,5,4.842,3759866000,6.267,14.746,9284113000,0.222,349764000,120319000,20252242000,19852311500,2968061000,925584000,925584000,0,10481078000,5655512000,4825566000,2493900240,4234496000,-139655000,1504000,355475000,0,238494000,-990042000,425886000,4986044000,76664000,3932666000,3932666000,266695917,0,0,0.094,3781326000,5502787000,4097548000,0.0,1.512,9.351,9.357,12054754000,0,49.88,0.88,10.562,2976507000,22513154000,41779087000,2833271869,0,0.123,0.177,0.288,0.137,0,3781326000,0.083,600000000,599955240,599955240,4.722,34493364000,49378000,1656110000,3842179000,57.493,15196459000
IBA,MRY,2015-12-31,2015-12-31,2015-12-31,2018-04-28,613243000,40446578000,37644853000,24721988000,15724590000,1.228,46.243,-1838344000,14046262000,814885450,36847508000,3819520000,3.722,0.457,4127010000,1631883000,2495127000,239426005,0,769270000,0,0.023,1.152,5647372000,6416642000,0.139,372257630,327628893,5500080000,76.323,76.323,4.428,27728930000,26023167000,1608677213,1902905787,5,5.112,2289838000,3.819,17.237,9381541000,0.203,454295000,147292000,23430212000,21841227000,3404269000,1242614000,1242614000,0,12667200000,6642819000,6024381000,2461401540,2639552000,-379670000,13677000,1671604000,-899162000,637949000,-2126579000,172904000,4128182000,352885000,3819520000,3819520000,221587157,0,0,0.083,4323374000,5058167000,4762731000,0.26,1.53,11.108,11.118,13188131000,0,49.23,0.918,11.007,2727949000,24749616000,46229049000,2681950502,0,0.101,0.147,0.259,0.122,0,4323374000,0.083,600000000,599631383,599631383,4.473,39992283000,54127000,1680560000,3617241000,66.695,18079169000
IBA,MRY,2016-12-31,2016-12-31,2016-12-31,2018-04-28,1378883000,45090466000,42768522000,26930355000,18160111000,1.216,52.772,-2513912000,14681204000,708128533,42635071000,3951163000,3.238,0.422,4047937000,3097525000,950412000,195246908,0,925748000,0,0.018,0.872,5766750000,6692498000,0.129,322803823,278151588,5594596000,78.963,78.963,3.809,31662311000,29695620500,1527189857,1874782740,6,5.808,496704000,0.828,20.732,9385232000,0.18,484877000,172154000,25656036000,24543124000,3970688000,970292000,970292000,0,13374292000,8316286000,5058006000,2450901960,143085000,0,1067000,-349974000,-779960000,-1302135000,-1565396000,963169000,3010616000,498392000,3951163000,3951163000,190579141,0,0,0.076,4847858000,4537374000,4735143000,0.229,1.605,12.86,12.871,15081105000,0,49.02,0.977,11.722,3777999000,28244970000,52020303000,2509130780,0,0.092,0.133,0.235,0.111,0,4847858000,0.083,600000000,599979844,599979844,4.182,44605589000,60132000,1643433000,4396193000,74.345,18614069000
IBA,MRY,2017-12-31,2017-12-31,2017-12-31,2018-04-28,1169083000,50557389000,47823927500,28225033000,22332356000,1.214,59.365,-2091186000,16112268000,819112371,47502959000,4954435000,3.058,0.418,5249024000,3695051000,1553973000,266848869,0,1075788000,0,0.014,0.811,6378970000,7454758000,0.128,378983548,324292846,6038879000,99.004,99.004,5.033,35618953000,33640632000,1810789460,2291978480,7,6.048,3388208000,5.647,19.67,10547066000,0.182,2671136000,340091000,27793865000,26724950500,4727333000,1127841000,1127841000,0,14879461000,9229144000,5650317000,2864885400,1809472000,-2494862000,-1800000,1132815000,-780000000,93937000,-3763859000,844122000,5479394000,-383230000,4954435000,4954435000,251872610,0,0,0.085,5423379000,5123687000,4795618000,0.161,1.582,11.374,11.385,17320041000,0,57.3,0.971,11.65,3627204000,32367912000,58050025000,2951135970,0,0.104,0.147,0.239,0.11,0,5423379000,0.083,600000000,599997696,599997696,4.919,47886253000,80670000,1084444000,4575033000,79.811,18995889000
