ticker,dimension,calendardate,datekey,reportperiod,lastupdated,accoci,assets,assetsavg,assetsc,assetsnc,assetturnover,bvps,capex,cashneq,cashnequsd,cor,consolinc,currentratio,de,debt,debtc,debtnc,debtusd,deferredrev,depamor,deposits,divyield,dps,ebit,ebitda,ebitdamargin,ebitdausd,ebitusd,ebt,eps,epsdil,epsusd,equity,equityavg,equityusd,ev,evebit,evebitda,fcf,fcfps,fxusd,gp,grossmargin,intangibles,intexp,invcap,invcapavg,inventory,investments,investmentsc,investmentsnc,liabilities,liabilitiesc,liabilitiesnc,marketcap,ncf,ncfbus,ncfcommon,ncfdebt,ncfdiv,ncff,ncfi,ncfinv,ncfo,ncfx,netinc,netinccmn,netinccmnusd,netincdis,netincnci,netmargin,opex,opinc,payables,payoutratio,pb,pe,pe1,ppnenet,prefdivis,price,ps,ps1,receivables,retearn,revenue,revenueusd,rnd,roa,roe,roic,ros,sbcomp,sgna,sharefactor,sharesbas,shareswa,shareswadil,sps,tangibles,taxassets,taxexp,taxliabilities,tbvps,workingcapital
IBIO,MRY,2011-12-31,2011-06-30,2011-06-30,2018-05-11,0,7335829,7601450,4300178,3035651,0.068,0.006,-94088,2843300,2843300,0,-12142451,0.602,36.306,0,0,0,0,0,376810,0,0.0,0.0,-12091950,-11715140,-22.526,-11715140,-12091950,-12142451,-0.39,-0.39,-0.39,196642,538941,196642,88776649,-7,-7.578,-5432276,-0.175,1.0,520080,1.0,3027239,50501,-5673897,-6292826,0,0,0,0,7139187,7139187,0,92612791,1933368,0,7365644,0,0,7365644,-94088,0,-5338188,0,-12142451,-12142451,-12142451,0,0,-23.347,10174085,-9654005,2895359,0.0,470.972,-7.627,-7.333,8412,0,2.86,178.074,170.302,344085,-25661943,520080,520080,3083517,-1.597,-22.53,1.922,-23.25,3897319,7090568,1.0,32382095,30968798,30968798,0.017,4308590,0,0,0,0.133,-2839009
IBIO,MRY,2012-12-31,2012-06-30,2012-06-30,2018-05-11,0,9765000,7754435,6900000,2865000,0.165,0.156,-245000,5624000,5624000,0,-5676000,1.919,0.583,0,0,0,0,0,330000,0,0.0,0.0,-5613000,-5283000,-4.137,-5283000,-5613000,-5676000,-0.14,-0.14,-0.14,6169000,3553778,6169000,29578896,-5,-5.599,-6255000,-0.158,1.0,1277000,1.0,2862000,63000,-2317000,-3036021,0,0,0,0,3596000,3596000,0,36302992,2781000,0,9036000,0,0,9036000,-245000,0,-6010000,0,-5676000,-5676000,-5676000,0,0,-4.445,10604000,-9327000,2846000,0.0,5.885,-6.396,-5.429,3000,0,0.76,28.428,23.512,351000,-31338000,1277000,1277000,4981000,-0.732,-1.597,1.849,-4.395,2683000,5623000,1.0,47767095,39506000,39506000,0.032,6903000,0,0,0,0.175,3304000
IBIO,MRY,2013-12-31,2013-06-30,2013-06-30,2018-05-11,0,9354000,7282857,6635000,2719000,0.138,0.093,-195000,4414000,4414000,0,-6198000,1.548,0.846,0,0,0,0,0,338000,0,0.0,0.0,-6108000,-5770000,-5.73,-5770000,-6108000,-6198000,-0.13,-0.13,-0.13,5068000,3913439,5068000,22284098,-3,-3.862,-5044000,-0.102,1.0,1007000,1.0,2713000,90000,-2059000,-2126026,0,0,0,0,4286000,4286000,0,23810679,-1210000,0,4284000,0,0,3834000,-195000,0,-4849000,0,-6198000,-6198000,-6198000,0,0,-6.155,7674000,-6667000,2401000,0.0,4.698,-3.842,-3.231,6000,0,0.42,23.645,20.596,1007000,-37536000,1007000,1007000,3431000,-0.851,-1.584,2.873,-6.066,1263000,4243000,1.0,56692095,49381000,49381000,0.02,6641000,0,0,0,0.122,2349000
IBIO,MRY,2014-12-31,2014-06-30,2014-06-30,2018-05-11,0,6494000,7915250,3913000,2581000,0.026,0.093,-259000,3590000,3590000,0,-3666000,9.906,0.065,0,0,0,0,0,361000,0,0.0,0.0,-3544000,-3183000,-15.527,-3183000,-3544000,-3666000,-0.06,-0.06,-0.06,6099000,6684000,6099000,23276065,-6,-7.313,-4375000,-0.069,1.0,205000,1.0,2575000,122000,-66000,-229250,0,0,0,0,395000,395000,0,27609065,-824000,0,3580000,0,0,3551000,-259000,0,-4116000,0,-3666000,-3666000,-3666000,0,0,-17.883,4045000,-3840000,297000,0.0,4.527,-7.531,-7.01,6000,0,0.421,134.678,129.192,205000,-41202000,205000,205000,-150000,-0.463,-0.548,15.459,-17.288,1075000,4195000,1.0,65642095,62968000,62968000,0.003,3919000,0,0,0,0.06,3518000
IBIO,MRY,2015-12-31,2015-06-30,2015-06-30,2018-05-11,-25000,12494000,10409750,10121000,2373000,0.178,0.147,-215000,9494000,9494000,0,-6625000,8.013,0.112,0,0,0,0,0,363000,0,0.0,0.0,-6625000,-6262000,-3.383,-6262000,-6625000,-6625000,-0.09,-0.09,-0.09,11231000,9107250,11231000,64837639,-9,-10.354,-4940000,-0.069,1.0,1851000,1.0,2360000,0,-623000,-430250,0,0,0,0,1263000,1263000,0,72917639,5904000,0,10867000,0,0,10867000,-215000,0,-4725000,-23000,-6625000,-6625000,-6625000,0,0,-3.579,8517000,-6666000,1104000,0.0,6.493,-11.006,-10.556,13000,0,0.95,39.394,36.694,445000,-47827000,1851000,1851000,3495000,-0.636,-0.727,15.398,-3.579,914000,5022000,1.0,76755410,71495000,71495000,0.026,10134000,0,0,0,0.133,8858000
IBIO,MRY,2016-12-31,2016-06-30,2016-06-30,2018-05-11,-29000,51600000,30763750,23906000,27694000,0.031,0.113,-68000,23014000,23014000,0,-10657000,10.435,2.773,25435000,170000,25265000,25435000,24000,940000,0,0.0,0.0,-8957000,-8017000,-8.457,-8017000,-8957000,-9764000,-0.12,-0.12,-0.12,9937000,8972250,9937000,67740775,-7,-8.45,-8140000,-0.101,1.0,948000,1.0,2092000,807000,49638000,24347750,22000,0,0,0,27556000,2291000,25265000,64158775,13520000,0,7229000,-565000,0,21664000,-68000,0,-8072000,-4000,-9764000,-9764000,-9764000,0,-893000,-10.3,10841000,-9893000,1177000,0.0,6.457,-6.571,-6.0,25574000,0,0.72,67.678,61.498,606000,-57591000,948000,948000,3156000,-0.317,-1.088,-0.368,-9.448,1245000,7685000,1.0,89109410,80973000,80973000,0.012,49508000,0,0,0,0.562,21615000
IBIO,MRY,2017-12-31,2017-06-30,2017-06-30,2018-05-11,-29000,36010000,42246750,8572000,27438000,0.009,0.1,-1593000,8088000,8088000,0,-16139000,4.258,3.04,25265000,183000,25082000,25265000,157000,1676000,0,0.0,0.0,-12603000,-10927000,-27.734,-10927000,-12603000,-14532000,-0.16,-0.16,-0.16,8914000,8288500,8914000,47286744,-3,-4.328,-14756000,-0.166,1.0,394000,1.0,1823000,1929000,49351000,49248000,26000,0,0,0,27095000,2013000,25082000,34399744,-14926000,0,0,-170000,0,-170000,-1593000,0,-13163000,0,-14532000,-14622000,-14622000,0,-1607000,-37.112,14668000,-14274000,749000,0.0,3.859,-2.353,-2.413,25589000,90000,0.386,87.309,87.303,175000,-72123000,394000,394000,4117000,-0.346,-1.764,-0.256,-31.987,1010000,10551000,1.0,89118510,89112000,89112000,0.004,34187000,0,0,0,0.384,6559000
