ticker,dimension,calendardate,datekey,reportperiod,lastupdated,accoci,assets,assetsavg,assetsc,assetsnc,assetturnover,bvps,capex,cashneq,cashnequsd,cor,consolinc,currentratio,de,debt,debtc,debtnc,debtusd,deferredrev,depamor,deposits,divyield,dps,ebit,ebitda,ebitdamargin,ebitdausd,ebitusd,ebt,eps,epsdil,epsusd,equity,equityavg,equityusd,ev,evebit,evebitda,fcf,fcfps,fxusd,gp,grossmargin,intangibles,intexp,invcap,invcapavg,inventory,investments,investmentsc,investmentsnc,liabilities,liabilitiesc,liabilitiesnc,marketcap,ncf,ncfbus,ncfcommon,ncfdebt,ncfdiv,ncff,ncfi,ncfinv,ncfo,ncfx,netinc,netinccmn,netinccmnusd,netincdis,netincnci,netmargin,opex,opinc,payables,payoutratio,pb,pe,pe1,ppnenet,prefdivis,price,ps,ps1,receivables,retearn,revenue,revenueusd,rnd,roa,roe,roic,ros,sbcomp,sgna,sharefactor,sharesbas,shareswa,shareswadil,sps,tangibles,taxassets,taxexp,taxliabilities,tbvps,workingcapital
IDT,MRY,2011-12-31,2011-07-31,2011-07-31,2018-03-12,3027000,568166000,562615750,427220000,140946000,2.402,10.187,-13200000,228096000,228096000,1119606000,23371000,1.329,1.743,31876000,2312000,29564000,31876000,78852000,20952000,1467000,0.018,0.43,17122000,38074000,0.028,38074000,17122000,13424000,1.3,1.19,1.3,209095000,209644750,209095000,311867201,18,8.191,37249000,1.811,1.0,231810000,0.172,17673000,3698000,32853000,14388000,0,21160000,198000,20962000,364376000,321420000,42956000,554754201,22548000,0,-6030000,-9423000,-15178000,-32641000,-7607000,2069000,50449000,1512000,26812000,26812000,26812000,0,-3441000,0.02,224425000,7385000,40802000,0.331,2.653,20.691,18.562,90471000,0,24.13,0.41,0.367,100146000,-219992000,1351416000,1351416000,2834000,0.048,0.128,1.19,0.013,4081000,202410000,1.0,22990228,20565000,22482000,65.714,550493000,0,-13388000,6038000,26.819,105800000
IDT,MRY,2012-12-31,2012-07-31,2012-07-31,2018-03-12,202000,451114000,409818750,288658000,162456000,3.675,4.875,-10830000,161541000,161541000,1269386000,38785000,0.958,3.408,30276000,560000,29716000,30276000,84364000,16648000,10524000,0.955,9.66,-1149000,15499000,0.01,15499000,-1149000,-4134000,1.87,1.75,1.87,102230000,77817250,102230000,97502682,-84,6.291,23693000,1.144,1.0,236897000,0.157,16521000,2985000,1963000,-15989250,0,16599000,0,16599000,348389000,301365000,47024000,230367682,-94798000,0,-2683000,-2113000,-15014000,-125633000,-4361000,6469000,34523000,-2335000,38648000,38648000,38648000,0,137000,0.026,243993000,-7096000,39844000,5.166,2.253,5.961,5.412,85567000,0,10.12,0.153,0.139,83017000,-196358000,1506283000,1506283000,4569000,0.094,0.497,0.072,-0.001,3325000,206906000,1.0,22763605,20717000,22060000,72.708,434593000,36886000,-42782000,1317000,20.725,-12707000
IDT,MRY,2013-12-31,2013-07-31,2013-07-31,2018-03-12,2341000,435407000,444661500,294944000,140463000,3.645,4.227,-15487000,186588000,186588000,1355573000,13444000,0.884,3.908,28221000,21597000,6624000,28221000,91227000,14910000,28663000,0.031,0.64,28303000,43213000,0.027,43213000,28303000,27479000,0.56,0.52,0.56,88603000,95074500,88603000,320704177,11,7.421,41709000,1.998,1.0,265044000,0.164,16197000,824000,-72826000,-44587000,0,22056000,9684000,12372000,346271000,333669000,12602000,473323177,-6606000,-1219000,-4000,-242000,-17123000,-36418000,-25637000,-8838000,57196000,1241000,11607000,11607000,11607000,4634000,1837000,0.007,235653000,29391000,39323000,1.143,5.342,40.779,36.911,80742000,0,20.67,0.292,0.266,65078000,-203711000,1620617000,1620617000,7166000,0.026,0.122,-0.635,0.017,5875000,218469000,1.0,22899041,20876000,22315000,77.631,419210000,21689000,15872000,761000,19.998,-38725000
IDT,MRY,2014-12-31,2014-07-31,2014-07-31,2018-03-12,3668000,480931000,454541250,338865000,142066000,3.633,4.407,-16771000,219529000,219529000,1367266000,21010000,0.921,3.789,19624000,13271000,6353000,19624000,101165000,16318000,62685000,0.243,3.79,22914000,39232000,0.024,39232000,22914000,22766000,0.85,0.82,0.85,100239000,95642000,100239000,181637639,7,4.63,28950000,1.315,1.0,284275000,0.172,16572000,148000,-103530000,-89275000,0,25644000,12873000,12771000,379767000,367984000,11783000,361994639,2223000,-175000,-396000,-8318000,-13635000,-25370000,-18922000,-2297000,45721000,794000,18784000,18784000,18784000,0,2226000,0.011,254435000,29840000,42135000,4.459,3.611,19.271,18.341,81760000,0,15.59,0.219,0.208,69330000,-196725000,1651541000,1651541000,10018000,0.041,0.196,-0.257,0.014,5382000,228934000,1.0,23219669,22009000,22937000,75.039,464359000,19201000,3982000,732000,20.414,-29119000
IDT,MRY,2015-12-31,2015-07-31,2015-07-31,2018-03-12,771000,485682000,487995000,340345000,145337000,3.272,5.816,-28556000,201396000,201396000,1328363000,86115000,0.975,2.621,6353000,6353000,0,6353000,86302000,18418000,84454000,0.119,2.03,90737000,109155000,0.068,109155000,90737000,90578000,3.69,3.63,3.69,133831000,146296500,133831000,223570266,2,2.048,1978000,0.086,1.0,268414000,0.168,15665000,159000,-73938000,-65482750,0,52631000,40287000,12344000,350742000,348912000,1830000,405547266,-43462000,59678000,-7278000,-13271000,-47594000,-70193000,2882000,-28240000,30534000,-6685000,84490000,84490000,84490000,0,1625000,0.053,250676000,17738000,29140000,0.55,3.03,4.8,4.612,91316000,0,17.02,0.254,0.244,67014000,-159829000,1596777000,1596777000,1656000,0.173,0.578,-1.386,0.057,5185000,222239000,1.0,23827689,22903000,23247000,69.719,470017000,13324000,6088000,391000,20.426,-8567000
IDT,MRY,2016-12-31,2016-07-31,2016-07-31,2018-03-12,-3744000,469658000,466028750,339053000,130605000,3.211,5.456,-18370000,104001000,104001000,1246594000,25358000,0.986,2.79,0,0,0,0,85700000,20535000,0,0.049,0.75,26408000,46943000,0.031,46943000,26408000,27624000,1.03,1.03,1.03,123797000,129143750,123797000,150441585,5,3.205,30684000,1.348,1.0,249667000,0.167,11218000,-1216000,10619000,-52327250,0,66973000,52949000,14024000,345455000,343820000,1635000,351422585,-824000,15154000,-4773000,-6353000,-17358000,-27575000,-16482000,-13266000,49054000,-5821000,23514000,23514000,23514000,0,1844000,0.016,231700000,17967000,29797000,0.728,2.839,14.945,14.816,87334000,0,15.26,0.235,0.232,47230000,-153673000,1496261000,1496261000,0,0.05,0.182,-0.505,0.018,2680000,204655000,1.0,23029003,22765000,22815000,65.726,458440000,9554000,4110000,0,20.204,-4767000
IDT,MRY,2017-12-31,2017-07-31,2017-07-31,2018-03-12,-2343000,518963000,483705250,371117000,147846000,3.105,6.024,-22949000,90344000,90344000,1275708000,9641000,1.023,2.5,0,0,0,0,76451000,21704000,0,0.038,0.57,4902000,26606000,0.018,26606000,4902000,6156000,0.35,0.35,0.35,145734000,141103500,145734000,203133214,41,7.635,-3935000,-0.17,1.0,226021000,0.151,11326000,-1254000,54517000,-8416500,0,85166000,58272000,26894000,364406000,362776000,1630000,367835214,-13477000,-1827000,23928000,0,-17874000,6822000,-39605000,-14829000,19014000,292000,8177000,8177000,8177000,0,1464000,0.005,209997000,16024000,40989000,1.629,2.524,44.984,42.314,88994000,0,14.81,0.245,0.229,64979000,-163370000,1501729000,1501729000,0,0.017,0.058,-0.582,0.003,3740000,188293000,1.0,24836949,23182000,23309000,64.78,507637000,11841000,-2021000,0,20.983,8341000
