ticker,dimension,calendardate,datekey,reportperiod,lastupdated,accoci,assets,assetsavg,assetsc,assetsnc,assetturnover,bvps,capex,cashneq,cashnequsd,cor,consolinc,currentratio,de,debt,debtc,debtnc,debtusd,deferredrev,depamor,deposits,divyield,dps,ebit,ebitda,ebitdamargin,ebitdausd,ebitusd,ebt,eps,epsdil,epsusd,equity,equityavg,equityusd,ev,evebit,evebitda,fcf,fcfps,fxusd,gp,grossmargin,intangibles,intexp,invcap,invcapavg,inventory,investments,investmentsc,investmentsnc,liabilities,liabilitiesc,liabilitiesnc,marketcap,ncf,ncfbus,ncfcommon,ncfdebt,ncfdiv,ncff,ncfi,ncfinv,ncfo,ncfx,netinc,netinccmn,netinccmnusd,netincdis,netincnci,netmargin,opex,opinc,payables,payoutratio,pb,pe,pe1,ppnenet,prefdivis,price,ps,ps1,receivables,retearn,revenue,revenueusd,rnd,roa,roe,roic,ros,sbcomp,sgna,sharefactor,sharesbas,shareswa,shareswadil,sps,tangibles,taxassets,taxexp,taxliabilities,tbvps,workingcapital
IDTI,MRY,2011-12-31,2011-04-03,2011-04-03,2018-02-06,1807000,727460000,734763750,471960000,255500000,0.824,3.851,-12510000,104680000,104680000,276447000,69651000,4.134,0.222,0,0,0,0,12853000,37918000,0,0.0,0.0,50379000,88297000,0.146,88297000,50379000,50379000,0.45,0.45,0.45,595261000,586088000,595261000,1014210397,20,11.486,61881000,0.4,1.0,328942000,0.543,155041000,0,353573000,369370000,67041000,194512000,194512000,0,132199000,114166000,18033000,1107568397,-15846000,-7407000,-92311000,0,0,-90824000,-423000,19494000,74391000,1010000,69651000,69651000,69651000,24175000,0,0.115,258085000,70857000,35419000,0.0,1.861,15.902,16.311,67754000,0,7.34,1.83,1.873,81798000,-840596000,605389000,605389000,154465000,0.095,0.119,0.136,0.083,15042000,103620000,1.0,150894877,154511000,155918000,3.918,572419000,3687000,-19272000,4449000,3.703,357794000
IDTI,MRY,2012-12-31,2012-04-01,2012-04-01,2018-02-06,1363000,717634000,723760750,481532000,236102000,0.728,4.379,-22396000,134924000,134924000,246190000,58460000,6.057,0.159,0,0,0,0,14263000,35307000,0,0.0,0.0,58728000,94035000,0.179,94035000,58728000,58728000,0.41,0.4,0.41,619388000,608698250,619388000,900539722,15,9.577,11381000,0.079,1.0,280506000,0.533,136640000,0,366576000,372750250,71780000,190535000,190535000,0,98246000,79494000,18752000,1010953722,30244000,68285000,-51184000,0,0,-50622000,47487000,6598000,33777000,-398000,58460000,58460000,58460000,-20507000,0,0.111,259026000,21480000,25211000,0.0,1.632,17.293,17.439,69984000,0,7.15,1.919,1.954,60609000,-782136000,526696000,526696000,158749000,0.081,0.096,0.158,0.112,16233000,100277000,1.0,141392129,143958000,145848000,3.659,580994000,596000,268000,2679000,4.107,402038000
IDTI,MRY,2013-12-31,2013-03-31,2013-03-31,2018-02-06,1486000,728579000,734149750,440505000,288074000,0.66,4.326,-27854000,130837000,130837000,214728000,-20172000,5.911,0.156,0,0,0,0,14539000,40635000,0,0.0,0.0,-22292000,18343000,0.038,18343000,-22292000,-22292000,-0.14,-0.14,-0.14,630026000,627521750,630026000,974908464,-43,53.149,16220000,0.113,1.0,269724000,0.557,193526000,0,329691000,347119500,56555000,166333000,166333000,0,98553000,74525000,24028000,1087710464,-4087000,-61920000,17395000,0,0,17395000,-65791000,23983000,44074000,235000,-20172000,-20172000,-20172000,22883000,0,-0.042,277119000,-7395000,23244000,0.0,1.726,-53.922,-53.357,74988000,0,7.47,2.245,2.221,62083000,-802308000,484452000,484452000,159471000,-0.027,-0.032,-0.064,-0.046,13272000,117648000,1.0,145610504,144014000,145678000,3.364,535053000,863000,-2120000,3006000,3.674,365980000
IDTI,MRY,2014-12-31,2014-03-30,2014-03-30,2018-02-06,1609000,830960000,811726750,585375000,245585000,0.597,4.847,-17448000,91211000,91211000,211877000,88364000,7.636,0.132,0,0,0,0,14006000,45665000,0,0.0,0.0,89366000,135031000,0.279,135031000,89366000,89345000,0.59,0.58,0.59,733855000,714380250,733855000,1685567721,18,12.483,58181000,0.389,1.0,272902000,0.563,154385000,21000,508702000,458644000,49622000,362604000,362604000,0,97105000,76662000,20443000,1790195721,-39626000,102299000,2061000,0,0,-3069000,-112120000,-196971000,75629000,-66000,88364000,88364000,88364000,22949000,0,0.182,241947000,30955000,25442000,0.0,2.439,20.259,20.237,69827000,0,11.94,3.693,3.682,68904000,-713944000,484779000,484779000,140799000,0.109,0.124,0.195,0.184,13352000,101148000,1.0,149932640,149480000,153369000,3.243,676575000,957000,981000,3106000,4.468,508713000
IDTI,MRY,2015-12-31,2015-03-29,2015-03-29,2018-02-06,-2181000,913659000,866726250,680129000,233530000,0.661,5.314,-17765000,116945000,116945000,227601000,93909000,6.396,0.159,0,0,0,0,15694000,25381000,0,0.0,0.0,95293000,120674000,0.211,120674000,95293000,95266000,0.63,0.61,0.63,788254000,755048250,788254000,2806096184,29,23.254,154007000,1.036,1.0,345304000,0.603,141179000,27000,549203000,518647000,45410000,438115000,438115000,0,125405000,106332000,19073000,2933883184,25734000,16326000,-58178000,0,0,-59778000,-81842000,-80403000,171772000,-4418000,93909000,93909000,93909000,20672000,0,0.164,234157000,111147000,28006000,0.0,3.722,31.242,31.405,65508000,0,19.785,5.121,5.136,63618000,-620035000,572905000,572905000,127688000,0.108,0.124,0.184,0.166,22259000,106469000,1.0,148288258,148714000,153983000,3.852,772480000,735000,1357000,2869000,5.208,573797000
IDTI,MRY,2016-12-31,2016-04-03,2016-04-03,2018-02-06,-3714000,1099189000,988095750,498101000,601088000,0.706,5.013,-16286000,203231000,203231000,275722000,194737000,4.65,0.624,272221000,0,272221000,272221000,7006000,33700000,0,0.0,0.0,140345000,174045000,0.25,174045000,140345000,133302000,1.37,1.32,1.37,676695000,728198250,676695000,2925033439,20,16.806,176316000,1.235,1.0,421654000,0.605,433494000,7043000,627578000,602788500,54243000,151233000,151233000,0,422494000,107107000,315387000,2808994439,86286000,-276438000,-345693000,259602000,0,-81616000,-25513000,278011000,192602000,813000,194737000,194737000,194737000,562000,0,0.279,285015000,136639000,39858000,0.0,4.151,14.425,15.146,73877000,0,20.75,4.028,4.248,74386000,-425298000,697376000,697376000,148507000,0.197,0.267,0.233,0.201,29650000,136508000,1.0,135373226,142783000,147652000,4.884,665695000,60929000,-61435000,21902000,4.932,390994000
IDTI,MRY,2017-12-31,2017-04-02,2017-04-02,2018-02-06,-6785000,1183634000,1148302000,560700000,622934000,0.634,5.804,-27055000,214554000,214554000,307605000,110482000,6.173,0.53,285541000,0,285541000,285541000,1985000,44483000,0,0.0,0.0,117461000,161944000,0.222,161944000,117461000,100583000,0.83,0.8,0.83,773663000,738170000,773663000,3322865647,28,20.519,141919000,1.061,1.0,420638000,0.578,415743000,16878000,748044000,763492250,52288000,191492000,191492000,0,409971000,90834000,319137000,3158041647,11323000,-1297000,-75999000,-1507000,0,-77506000,-78463000,-45215000,168974000,-1682000,110482000,110482000,110482000,-1298000,0,0.152,310297000,110341000,42020000,0.0,4.082,28.584,28.518,80961000,0,23.67,4.337,4.349,89312000,-289019000,728243000,728243000,165104000,0.096,0.15,0.154,0.161,39869000,145193000,1.0,133419588,133817000,137440000,5.442,767891000,85831000,-9899000,14702000,5.76,469866000
