ticker,dimension,calendardate,datekey,reportperiod,lastupdated,accoci,assets,assetsavg,assetsc,assetsnc,assetturnover,bvps,capex,cashneq,cashnequsd,cor,consolinc,currentratio,de,debt,debtc,debtnc,debtusd,deferredrev,depamor,deposits,divyield,dps,ebit,ebitda,ebitdamargin,ebitdausd,ebitusd,ebt,eps,epsdil,epsusd,equity,equityavg,equityusd,ev,evebit,evebitda,fcf,fcfps,fxusd,gp,grossmargin,intangibles,intexp,invcap,invcapavg,inventory,investments,investmentsc,investmentsnc,liabilities,liabilitiesc,liabilitiesnc,marketcap,ncf,ncfbus,ncfcommon,ncfdebt,ncfdiv,ncff,ncfi,ncfinv,ncfo,ncfx,netinc,netinccmn,netinccmnusd,netincdis,netincnci,netmargin,opex,opinc,payables,payoutratio,pb,pe,pe1,ppnenet,prefdivis,price,ps,ps1,receivables,retearn,revenue,revenueusd,rnd,roa,roe,roic,ros,sbcomp,sgna,sharefactor,sharesbas,shareswa,shareswadil,sps,tangibles,taxassets,taxexp,taxliabilities,tbvps,workingcapital
IEC,MRY,2011-12-31,2011-09-30,2011-09-30,2018-05-09,0,85820000,87982000,41213000,44607000,1.515,3.495,-4879000,0,0,107539000,6760000,1.723,1.548,35109000,6896000,28213000,35109000,0,3257000,332000,0.0,0.0,11417000,14674000,0.11,14674000,11417000,9816000,0.71,0.68,0.71,33686000,30242500,33686000,95160024,8,6.485,7927000,0.838,1.0,25757000,0.193,19774000,1601000,77234000,90182750,16093000,0,0,0,52134000,23921000,28213000,49783024,0,-24383000,370000,16211000,0,16456000,-29262000,0,12806000,0,6760000,6760000,6760000,0,0,0.051,15368000,10389000,12750000,0.0,1.478,7.364,7.155,17886000,0,5.08,0.373,0.361,19423000,-7647000,133296000,133296000,0,0.077,0.224,0.127,0.086,526000,15368000,1.0,9799808,9461240,9967702,14.089,66046000,10631000,3056000,0,6.853,17292000
IEC,MRY,2012-12-31,2012-09-30,2012-09-30,2018-05-09,0,87898000,87928500,45318000,42580000,1.649,4.223,-3034000,2662000,2662000,118657000,6694000,1.743,1.155,27637000,6533000,21104000,27637000,0,4297000,146000,0.0,0.0,11591000,15888000,0.11,15888000,11591000,10364000,0.69,0.67,0.69,40796000,38166500,40796000,97702352,8,6.149,9936000,1.028,1.0,26306000,0.181,19321000,1227000,67554000,72830500,17697000,0,0,0,47102000,25998000,21104000,67181352,2662000,0,198000,-7472000,0,-7274000,-3034000,0,12970000,0,6694000,6694000,6694000,0,0,0.046,15765000,10541000,15697000,0.0,1.647,10.036,9.826,17120000,0,6.78,0.463,0.452,23193000,-953000,144963000,144963000,0,0.076,0.175,0.159,0.08,632000,15765000,1.0,9908754,9663865,9969071,15.001,68577000,7383000,3670000,0,7.099,19320000
IEC,MRY,2013-12-31,2013-09-30,2013-09-30,2018-05-09,0,88935000,89534250,54340000,34595000,1.574,3.285,-5082000,2499000,2499000,123269000,-9530000,2.389,1.78,36804000,2778000,34026000,36804000,0,4795000,187000,0.0,0.0,-13882000,-9087000,-0.064,-9087000,-13882000,-15052000,-0.98,-0.98,-0.98,31994000,38357750,31994000,66973037,-4,-7.37,-9420000,-0.97,1.0,17677000,0.125,4652000,1170000,95840000,83513750,21904000,0,0,0,56941000,22748000,34193000,36668037,-163000,0,158000,9128000,0,9257000,-5082000,0,-4338000,0,-9530000,-9530000,-9530000,0,0,-0.068,31512000,-13835000,16508000,0.0,1.146,-3.848,-3.745,17946000,0,3.67,0.26,0.253,27945000,-10483000,140946000,140946000,0,-0.106,-0.248,-0.166,-0.098,599000,15453000,1.0,9991291,9711549,9711549,14.513,84283000,13034000,-5522000,0,8.654,31592000
IEC,MRY,2014-12-31,2014-09-30,2014-09-30,2018-05-09,0,72996000,81544000,50450000,22546000,1.482,1.766,-3957000,1980000,1980000,107148000,-15071000,1.911,3.194,31387000,2908000,28479000,31387000,0,4103000,1553000,0.0,0.0,-401000,3702000,0.031,3702000,-401000,-2195000,-1.53,-1.53,-1.53,17405000,27404000,17405000,79156254,-197,21.382,5145000,0.524,1.0,13689000,0.113,274000,1794000,75725000,88124000,20480000,0,0,0,55591000,26404000,29187000,45349254,-519000,0,19000,-5419000,0,-5479000,-4142000,0,9102000,0,-15071000,-15071000,-15071000,423000,0,-0.125,13649000,40000,17732000,0.0,2.606,-3.009,-2.948,16530000,0,4.51,0.375,0.367,22347000,-25554000,120837000,120837000,0,-0.185,-0.55,-0.005,-0.003,542000,12513000,1.0,10055267,9827043,9827043,12.296,72722000,0,12876000,0,7.378,24046000
IEC,MRY,2015-12-31,2015-09-30,2015-09-30,2018-05-09,0,68262000,71177000,52527000,15735000,1.784,0.851,-2734000,407000,407000,110704000,-10186000,1.713,6.857,31231000,2908000,28323000,31231000,0,3859000,5761000,0.0,0.0,-8075000,-4216000,-0.033,-4216000,-8075000,-10185000,-1.01,-1.01,-1.01,8688000,11569250,8688000,71949985,-8,-17.066,-3883000,-0.385,1.0,16295000,0.128,235000,2110000,68190000,65955000,25753000,0,0,0,59574000,30661000,28913000,39224985,-1573000,0,36000,-156000,0,-724000,300000,0,-1149000,0,-10186000,-10186000,-10186000,6415000,0,-0.08,17955000,-1660000,18336000,0.0,4.515,-3.851,-3.812,15443000,0,3.85,0.309,0.306,24923000,-35740000,126999000,126999000,0,-0.143,-0.88,-0.122,-0.064,2037000,16630000,1.0,10188308,10089306,10089306,12.587,68027000,0,1000,0,6.663,21866000
IEC,MRY,2016-12-31,2016-09-30,2016-09-30,2018-05-09,0,50397000,57808750,39194000,11203000,2.197,1.358,-3256000,845000,845000,106723000,4786000,2.018,2.635,19640000,2908000,16732000,19640000,0,3154000,1756000,0.0,0.0,6248000,9402000,0.074,9402000,6248000,4856000,0.47,0.47,0.47,13864000,12364750,13864000,70013902,11,7.447,12017000,1.177,1.0,20287000,0.16,0,1392000,49770000,58399250,15384000,0,0,0,36533000,19422000,17111000,49008902,438000,0,9000,-11603000,0,-11596000,-3239000,17000,15273000,0,4786000,4786000,4786000,0,0,0.038,14039000,6248000,10864000,0.0,3.535,10.24,10.149,10994000,0,4.77,0.386,0.383,17140000,-30954000,127010000,127010000,0,0.083,0.387,0.107,0.049,443000,14039000,1.0,10274403,10211210,10211210,12.438,50397000,0,70000,0,4.935,19772000
IEC,MRY,2017-12-31,2017-09-30,2017-09-30,2018-05-09,0,52447000,49720500,34510000,17937000,1.94,1.415,-3528000,0,0,85198000,81000,1.993,2.635,20587000,1202000,19385000,20587000,0,2609000,1611000,0.0,0.0,1060000,3669000,0.038,3669000,1060000,143000,0.01,0.01,0.01,14429000,13478750,14429000,72493665,68,19.758,-1769000,-0.174,1.0,11257000,0.117,0,917000,55718000,53151500,15605000,0,0,0,38018000,17316000,20702000,50879665,-845000,0,27000,-4850000,0,-4826000,2222000,5750000,1759000,0,81000,81000,81000,0,0,0.001,10197000,1060000,13046000,0.0,3.526,628.144,493.0,17777000,0,4.93,0.527,0.52,17887000,-30873000,96455000,96455000,0,0.002,0.006,0.02,0.011,460000,10197000,1.0,10320419,10181868,10181868,9.473,52447000,0,62000,0,5.143,17194000
