ticker,dimension,calendardate,datekey,reportperiod,lastupdated,accoci,assets,assetsavg,assetsc,assetsnc,assetturnover,bvps,capex,cashneq,cashnequsd,cor,consolinc,currentratio,de,debt,debtc,debtnc,debtusd,deferredrev,depamor,deposits,divyield,dps,ebit,ebitda,ebitdamargin,ebitdausd,ebitusd,ebt,eps,epsdil,epsusd,equity,equityavg,equityusd,ev,evebit,evebitda,fcf,fcfps,fxusd,gp,grossmargin,intangibles,intexp,invcap,invcapavg,inventory,investments,investmentsc,investmentsnc,liabilities,liabilitiesc,liabilitiesnc,marketcap,ncf,ncfbus,ncfcommon,ncfdebt,ncfdiv,ncff,ncfi,ncfinv,ncfo,ncfx,netinc,netinccmn,netinccmnusd,netincdis,netincnci,netmargin,opex,opinc,payables,payoutratio,pb,pe,pe1,ppnenet,prefdivis,price,ps,ps1,receivables,retearn,revenue,revenueusd,rnd,roa,roe,roic,ros,sbcomp,sgna,sharefactor,sharesbas,shareswa,shareswadil,sps,tangibles,taxassets,taxexp,taxliabilities,tbvps,workingcapital
IEX,MRY,2011-12-31,2011-12-31,2011-12-31,2018-04-30,-55469000,2836107000,2779645750,789161000,2046946000,0.661,18.319,-22524000,230259000,230259000,1099778000,193857000,3.055,0.874,808810000,2444000,806366000,808810000,0,72386000,0,0.018,0.66,303213000,375599000,0.204,375599000,303213000,273881000,2.34,2.32,2.34,1513135000,1500798000,1513135000,3694559661,12,9.836,194717000,2.37,1.0,738673000,0.402,1813588000,29332000,1342792000,1227679500,254258000,0,0,0,1322972000,258278000,1064694000,3096421661,-4877000,-443634000,33064000,273781000,-54613000,253412000,-469537000,0,217241000,-5993000,193857000,193857000,193857000,0,0,0.105,434017000,304656000,110977000,0.282,2.046,15.973,15.859,213717000,0,37.11,1.684,1.658,252845000,1142412000,1838451000,1838451000,0,0.07,0.129,0.247,0.165,6778000,421703000,1.0,83439010,82145000,83543000,22.381,1022519000,0,80024000,142482000,12.379,530883000
IEX,MRY,2012-12-31,2012-12-31,2012-12-31,2018-04-30,-43403000,2785390000,2869688250,881865000,1903525000,0.681,17.802,-35807000,318864000,318864000,1150558000,37630000,3.026,0.901,786576000,7335000,779241000,786576000,0,78312000,0,0.017,0.77,128454000,206766000,0.106,206766000,128454000,86204000,0.45,0.45,0.45,1464998000,1563414750,1464998000,4373506535,34,21.152,290373000,3.512,1.0,803700000,0.411,1663099000,42250000,1298576000,1318323000,234950000,0,0,0,1320392000,291427000,1028965000,3846089535,88605000,-68930000,-43792000,-29346000,-64087000,-136485000,-105266000,0,326180000,4176000,37630000,37630000,37630000,0,0,0.019,675482000,128218000,117341000,1.711,2.625,102.208,103.4,219161000,0,46.53,1.968,1.969,256095000,1113541000,1954258000,1954258000,0,0.013,0.024,0.097,0.066,8628000,444490000,1.0,82658275,82689000,83641000,23.634,1122291000,0,48574000,121349000,13.637,590438000
IEX,MRY,2013-12-31,2013-12-31,2013-12-31,2018-04-30,-3305000,2887577000,2846802500,990953000,1896624000,0.711,19.472,-30969000,439629000,439629000,1150766000,255215000,3.253,0.836,773876000,1871000,772005000,773876000,0,79334000,0,0.012,0.89,395335000,474669000,0.235,474669000,395335000,353129000,3.11,3.09,3.11,1572989000,1512163000,1572989000,6375290671,16,13.431,370553000,4.546,1.0,873364000,0.431,1660683000,42206000,1256532000,1296428500,230967000,0,0,0,1314588000,304609000,1009979000,5990673671,120765000,-36849000,-132197000,-16377000,-72905000,-219045000,-68162000,0,401522000,6450000,255215000,255215000,255215000,0,0,0.126,477851000,395513000,133312000,0.286,3.808,23.473,23.746,213488000,0,73.85,2.96,2.974,253226000,1293740000,2024130000,2024130000,0,0.09,0.169,0.305,0.195,8433000,477851000,1.0,81119481,81517000,82489000,24.831,1226894000,0,97914000,144908000,15.188,686344000
IEX,MRY,2014-12-31,2014-12-31,2014-12-31,2018-04-30,-92278000,2903463000,2946398500,1075791000,1827672000,0.729,18.895,-46537000,509137000,509137000,1198452000,279386000,2.611,0.953,859345000,98946000,760399000,859345000,0,76907000,0,0.014,1.07,434335000,511242000,0.238,511242000,434335000,392440000,3.48,3.45,3.48,1486451000,1580059000,1486451000,6516580637,15,12.747,321424000,4.032,1.0,949315000,0.442,1592441000,41895000,1249262000,1262465500,237631000,0,0,0,1417012000,411968000,1005044000,6180223637,69508000,-25443000,-202732000,103063000,-85726000,-184072000,-72260000,0,367961000,-42121000,279386000,279386000,279386000,0,0,0.13,518091000,431224000,127462000,0.307,4.158,22.121,22.368,219543000,0,77.84,2.878,2.889,256040000,1483821000,2147767000,2147767000,0,0.095,0.177,0.344,0.202,14442000,504419000,1.0,79396501,79715000,80728000,26.943,1311022000,0,113054000,130368000,16.665,663823000
IEX,MRY,2015-12-31,2015-12-31,2015-12-31,2018-04-30,-146498000,2805443000,2862079250,862684000,1942759000,0.706,18.938,-42882000,328018000,328018000,1116353000,282807000,2.786,0.944,840794000,1087000,839707000,840794000,0,78120000,0,0.016,1.24,433981000,512101000,0.253,512101000,433981000,392345000,3.65,3.62,3.65,1443291000,1444421000,1443291000,6408859482,14,12.515,317439000,4.116,1.0,904315000,0.448,1684366000,41636000,1324256000,1383947750,239124000,0,0,0,1362152000,309597000,1052555000,5862090482,-181119000,-167336000,-191605000,-9757000,-96172000,-295528000,-210491000,0,360321000,-35421000,282807000,282807000,282807000,0,0,0.14,467325000,436990000,128911000,0.34,4.062,20.728,20.989,240945000,0,76.61,2.901,2.924,260000000,1666680000,2020668000,2020668000,0,0.099,0.196,0.314,0.215,14783000,474156000,1.0,76518607,77126000,77972000,26.2,1121077000,0,109538000,110483000,14.71,553087000
IEX,MRY,2016-12-31,2016-12-31,2016-12-31,2018-04-30,-201653000,3154944000,3167265500,822721000,2332223000,0.667,20.327,-38193000,235964000,235964000,1182276000,271109000,2.661,1.043,1015281000,1046000,1014235000,1015281000,0,86892000,0,0.015,1.34,414128000,501020000,0.237,501020000,414128000,368512000,3.57,3.53,3.57,1543894000,1522119250,1543894000,7727751584,18,15.424,361724000,4.772,1.0,930767000,0.44,2068096000,45616000,1557007000,1644165750,252859000,0,0,0,1611050000,309158000,1301892000,6866376584,-92054000,-470937000,-27032000,181158000,-102650000,46548000,-509199000,0,399917000,-29320000,271109000,271109000,271109000,0,0,0.128,518370000,412397000,128933000,0.375,4.447,25.327,25.227,247816000,0,90.06,3.25,3.231,272813000,1834739000,2113043000,2113043000,0,0.086,0.178,0.252,0.196,20326000,492398000,1.0,76242245,75803000,76758000,27.875,1086848000,0,97403000,166427000,14.309,513563000
IEX,MRY,2017-12-31,2017-12-31,2017-12-31,2018-04-30,-89507000,3399628000,3276334750,1004043000,2395585000,0.698,24.731,-37847000,375950000,375950000,1260634000,337257000,2.781,0.802,859046000,258000,858788000,859046000,0,84216000,0,0.011,1.45,500162000,584378000,0.255,584378000,500162000,455273000,4.41,4.36,4.41,1886542000,1766292500,1886542000,10654660484,21,18.232,394906000,5.18,1.0,1026678000,0.449,2118904000,44889000,1402845000,1473825250,259724000,0,0,0,1513086000,360975000,1152111000,10082751484,139986000,-16366000,-6139000,-167618000,-111172000,-277421000,-54746000,0,432753000,39400000,337257000,337257000,337257000,0,0,0.147,524122000,502556000,147067000,0.329,5.345,29.896,29.925,258350000,0,131.97,4.408,4.398,294166000,2057915000,2287312000,2287312000,0,0.103,0.191,0.339,0.219,24405000,524940000,1.0,76401845,76232000,77333000,30.005,1280724000,0,118016000,137638000,16.789,643068000
