ticker,dimension,calendardate,datekey,reportperiod,lastupdated,accoci,assets,assetsavg,assetsc,assetsnc,assetturnover,bvps,capex,cashneq,cashnequsd,cor,consolinc,currentratio,de,debt,debtc,debtnc,debtusd,deferredrev,depamor,deposits,divyield,dps,ebit,ebitda,ebitdamargin,ebitdausd,ebitusd,ebt,eps,epsdil,epsusd,equity,equityavg,equityusd,ev,evebit,evebitda,fcf,fcfps,fxusd,gp,grossmargin,intangibles,intexp,invcap,invcapavg,inventory,investments,investmentsc,investmentsnc,liabilities,liabilitiesc,liabilitiesnc,marketcap,ncf,ncfbus,ncfcommon,ncfdebt,ncfdiv,ncff,ncfi,ncfinv,ncfo,ncfx,netinc,netinccmn,netinccmnusd,netincdis,netincnci,netmargin,opex,opinc,payables,payoutratio,pb,pe,pe1,ppnenet,prefdivis,price,ps,ps1,receivables,retearn,revenue,revenueusd,rnd,roa,roe,roic,ros,sbcomp,sgna,sharefactor,sharesbas,shareswa,shareswadil,sps,tangibles,taxassets,taxexp,taxliabilities,tbvps,workingcapital
ILMN,MRY,2011-12-31,2012-01-01,2012-01-01,2018-04-25,2117000,2195840000,2180758500,1544619000,651221000,0.484,8.846,-79550000,302978000,302978000,346437000,86628000,6.807,1.042,807369000,0,807369000,807369000,0,69192000,0,0.0,0.0,167835000,237027000,0.225,237027000,167835000,133045000,0.7,0.62,0.7,1075215000,1085821250,1075215000,4270493437,25,18.017,278590000,2.258,1.0,709098000,0.672,428328000,34790000,2044982000,1949745000,128781000,886590000,886590000,0,1120625000,226921000,893704000,3701469437,54031000,-58302000,-508468000,553618000,0,97016000,-400999000,-263147000,358140000,-126000,86628000,86628000,86628000,0,0,0.082,509637000,199461000,49806000,0.0,3.443,42.728,43.543,143483000,0,30.48,3.507,3.563,173886000,-68707000,1055535000,1055535000,196913000,0.04,0.08,0.086,0.159,45738000,261843000,1.0,121439286,123399000,138937000,8.554,1767512000,42863000,46417000,0,14.542,1317698000
ILMN,MRY,2012-12-31,2012-12-30,2012-12-30,2018-04-25,2123000,2566085000,2413570000,1787048000,779037000,0.476,10.702,-81009000,433981000,433981000,374988000,151254000,5.867,0.946,842373000,36967000,805406000,842373000,0,65319000,0,0.0,0.0,260387000,325706000,0.284,325706000,260387000,222608000,1.23,1.13,1.23,1318581000,1220437500,1318581000,7245646608,27,22.246,210864000,1.714,1.0,773528000,0.674,499523000,37779000,2170383000,2144271000,158718000,916223000,916223000,0,1247504000,304571000,942933000,6755266608,131003000,-83156000,-28164000,0,0,-10755000,-150012000,14153000,291873000,-103000,151254000,151254000,151254000,0,0,0.132,572776000,200752000,65727000,0.0,5.123,44.662,44.512,166167000,0,54.75,5.882,5.863,214975000,82547000,1148516000,1148516000,231025000,0.063,0.124,0.121,0.227,73541000,285991000,1.0,123383865,122999000,133693000,9.338,2066562000,70634000,71354000,0,16.773,1482477000
ILMN,MRY,2013-12-31,2013-12-29,2013-12-29,2018-04-25,1234000,3019006000,2851023000,1617535000,1401471000,0.498,12.1,-90559000,711637000,711637000,509291000,125308000,5.022,0.969,868593000,29288000,839305000,868593000,0,97925000,0,0.0,0.0,199004000,296929000,0.209,296929000,199004000,159314000,1.0,0.9,1.0,1533202000,1402021250,1533202000,14119259999,70,47.551,295862000,2.365,1.0,911887000,0.642,1054234000,39690000,1799665000,1700847750,154099000,453966000,453966000,0,1485804000,322063000,1163741000,13951595999,277656000,-523501000,44440000,-10852000,0,-38719000,-69649000,544411000,386421000,-397000,125308000,125308000,125308000,0,0,0.088,777780000,134107000,73655000,0.0,9.1,111.338,110.38,202666000,0,110.38,9.817,9.714,238946000,207855000,1421178000,1421178000,276743000,0.044,0.089,0.117,0.14,49148000,381040000,1.0,126396050,125076000,139936000,11.363,1964772000,124556000,34006000,0,15.506,1295472000
ILMN,MRY,2014-12-31,2014-12-28,2014-12-28,2018-04-25,-1080000,3339640000,3176617750,1889603000,1450037000,0.586,10.277,-142216000,636154000,636154000,563648000,353351000,2.617,1.283,1291036000,304256000,986780000,1291036000,0,112574000,0,0.0,0.0,490486000,603060000,0.324,603060000,490486000,448758000,2.61,2.37,2.61,1462798000,1347790000,1462798000,27175460000,55,45.063,359055000,2.649,1.0,1297710000,0.697,1039404000,41728000,2232960000,1807434000,191144000,702217000,702217000,0,1876842000,722158000,1154684000,26724400000,-75483000,-3285000,-140855000,-142334000,0,-166748000,-406624000,-261123000,501271000,-3382000,353351000,353351000,353351000,0,0,0.19,782999000,514711000,82626000,0.0,18.269,75.631,72.107,265264000,0,188.2,14.357,13.706,289458000,561206000,1861358000,1861358000,388055000,0.111,0.262,0.271,0.264,26072000,466283000,1.0,142000000,135553000,148977000,13.732,2300236000,90634000,95407000,0,16.16,1167445000
ILMN,MRY,2015-12-31,2016-01-03,2016-01-03,2018-04-25,36000,3687747000,3655878250,2096823000,1590924000,0.607,12.604,-143000000,768770000,768770000,671000000,458000000,3.435,0.995,1090578000,74929000,1015649000,1090578000,0,127000000,0,0.0,0.0,630000000,757000000,0.341,757000000,630000000,587000000,3.19,3.1,3.19,1848553000,1800589500,1848553000,28659320000,45,37.859,643000000,4.434,1.0,1549000000,0.698,1026250000,43000000,2372811000,2561388500,270777000,617450000,617450000,0,1839194000,610494000,1228700000,28100748000,133000000,-37000000,-202000000,-245000000,0,-545000000,-107000000,73000000,786000000,-1000000,462000000,462000000,462000000,0,-4000000,0.208,936000000,613000000,139226000,0.0,15.201,60.824,60.171,342694000,0,191.945,12.658,12.537,385529000,1022765000,2220000000,2220000000,401000000,0.126,0.257,0.246,0.284,133000000,516000000,1.0,146400000,145000000,149000000,15.31,2661497000,134515000,125000000,0,18.148,1486329000
ILMN,MRY,2016-12-31,2017-01-01,2017-01-01,2018-04-25,-1000000,4281000000,4071905750,2318000000,1963000000,0.589,14.946,-271000000,735000000,735000000,732000000,428000000,3.288,0.915,1058000000,2000000,1056000000,1058000000,0,141000000,0,0.0,0.0,629000000,770000000,0.321,770000000,629000000,596000000,3.09,3.07,3.09,2197000000,2121006750,2197000000,19056394000,30,24.749,508000000,3.456,1.0,1666000000,0.695,1019000000,33000000,2880000000,2667170500,300000000,824000000,824000000,0,2011000000,705000000,1306000000,18809076000,-34000000,-18000000,-202000000,-61000000,0,-296000000,-515000000,-226000000,779000000,-2000000,463000000,454000000,454000000,0,-35000000,0.189,1079000000,587000000,138000000,0.0,8.561,41.43,41.437,713000000,9000000,128.04,7.844,7.849,381000000,1485000000,2398000000,2398000000,504000000,0.111,0.214,0.236,0.262,129000000,584000000,1.0,146900000,147000000,148000000,16.313,3262000000,123000000,133000000,0,22.19,1613000000
ILMN,MRY,2017-12-31,2017-12-31,2017-12-31,2018-04-25,-1000000,5257000000,4939750000,2980000000,2277000000,0.557,18.829,-312000000,1225000000,1225000000,926000000,678000000,3.995,0.912,1192000000,10000000,1182000000,1192000000,0,156000000,0,0.0,0.0,1128000000,1284000000,0.467,1284000000,1128000000,1091000000,4.96,4.92,4.96,2749000000,2717500000,2749000000,31727540000,28,24.71,563000000,3.856,1.0,1826000000,0.664,946000000,37000000,3532000000,3230750000,333000000,920000000,920000000,0,2508000000,746000000,1762000000,31899540000,490000000,226000000,-180000000,-4000000,0,-176000000,-214000000,-128000000,875000000,5000000,726000000,725000000,725000000,0,-48000000,0.263,1220000000,606000000,160000000,0.0,11.604,43.999,44.05,931000000,1000000,218.49,11.591,11.591,411000000,2256000000,2752000000,2752000000,546000000,0.147,0.267,0.349,0.41,164000000,674000000,1.0,146000000,146000000,148000000,18.849,4311000000,88000000,365000000,0,29.527,2234000000
