ticker,dimension,calendardate,datekey,reportperiod,lastupdated,accoci,assets,assetsavg,assetsc,assetsnc,assetturnover,bvps,capex,cashneq,cashnequsd,cor,consolinc,currentratio,de,debt,debtc,debtnc,debtusd,deferredrev,depamor,deposits,divyield,dps,ebit,ebitda,ebitdamargin,ebitdausd,ebitusd,ebt,eps,epsdil,epsusd,equity,equityavg,equityusd,ev,evebit,evebitda,fcf,fcfps,fxusd,gp,grossmargin,intangibles,intexp,invcap,invcapavg,inventory,investments,investmentsc,investmentsnc,liabilities,liabilitiesc,liabilitiesnc,marketcap,ncf,ncfbus,ncfcommon,ncfdebt,ncfdiv,ncff,ncfi,ncfinv,ncfo,ncfx,netinc,netinccmn,netinccmnusd,netincdis,netincnci,netmargin,opex,opinc,payables,payoutratio,pb,pe,pe1,ppnenet,prefdivis,price,ps,ps1,receivables,retearn,revenue,revenueusd,rnd,roa,roe,roic,ros,sbcomp,sgna,sharefactor,sharesbas,shareswa,shareswadil,sps,tangibles,taxassets,taxexp,taxliabilities,tbvps,workingcapital
IMMU,MRY,2011-12-31,2011-06-30,2011-06-30,2018-05-10,394669,34324773,36181892,30257618,4067155,0.407,0.369,-605988,27097610,27097610,419352,-14412365,5.453,0.24,0,0,0,0,0,1477639,0,0.0,0.0,-14128499,-12650860,-0.86,-12650860,-14128499,-14128499,-0.19,-0.19,-0.19,27815949,29954688,27815949,283251287,-20,-22.39,-12792005,-0.17,1.0,14290127,0.971,0,0,1678845,7105845,289604,0,0,0,6682810,5548318,1134492,306953010,-2435620,0,147401,0,0,147401,9218022,9545000,-12186017,384974,-14238379,-14238379,-14238379,0,-173986,-0.968,32201737,-17911610,5548318,0.0,11.035,-21.558,-21.421,3456150,0,4.07,20.868,20.839,1711311,-217898394,14709479,14709479,24536544,-0.394,-0.475,-1.988,-0.961,1966899,7944203,1.0,75418430,75313349,75313349,0.195,34324773,0,109880,0,0.455,24709300
IMMU,MRY,2012-12-31,2012-06-30,2012-06-30,2018-05-10,80161,38635221,41436833,35479433,3155788,0.79,0.456,-568133,32838096,32838096,427035,1264835,11.211,0.13,0,0,0,0,182631,1496783,0,0.0,0.0,1588194,3084977,0.094,3084977,1588194,1588194,0.02,0.02,0.02,34456922,35549634,34456922,230051740,144,74.572,4340190,0.058,1.0,32306792,0.987,0,0,2632478,9347670,415876,0,0,0,4465859,3164647,1301212,269102375,5740486,0,171815,0,0,1655437,-568133,0,4908323,-255141,1378409,1378409,1378409,0,-113574,0.042,30864168,1442624,2982016,0.0,7.81,195.227,178.0,2527500,0,3.56,8.221,8.209,1048960,-214658289,32733827,32733827,24255567,0.033,0.039,0.17,0.049,2059939,6608601,1.0,75590555,75481007,76174377,0.434,38635221,0,209785,0,0.511,32314786
IMMU,MRY,2013-12-31,2013-06-30,2013-06-30,2018-05-10,161830,47927353,40123981,45215610,2711743,0.124,0.486,-595446,41326000,41326000,392722,-11486284,6.717,0.202,0,0,0,0,2780309,1036035,0,0.0,0.0,-11337453,-10301418,-2.076,-10301418,-11337453,-11337453,-0.15,-0.15,-0.15,40180467,32389547,40180467,402203373,-35,-39.043,-6495004,-0.083,1.0,4569275,0.921,0,0,-129822,-604336,1030480,0,0,0,8131903,6731175,1400728,450001059,8487904,0,15051464,0,0,14765243,-457567,0,-5899558,79786,-11381523,-11381523,-11381523,0,-104761,-2.294,15984612,-11415337,3950866,0.0,11.199,-39.538,-36.267,2086911,0,5.44,90.69,85.558,1250587,-226039812,4961997,4961997,28381184,-0.284,-0.351,18.76,-2.285,2265460,6980589,1.0,82720783,78040005,78040005,0.064,47927353,0,44070,0,0.579,38484435
IMMU,MRY,2014-12-31,2014-06-30,2014-06-30,2018-05-10,261837,47486482,36933638,45384897,2101585,0.245,0.441,-378006,6961494,6961494,1527742,-35531178,6.368,0.219,0,0,0,0,240158,569442,0,0.0,0.0,-35418035,-34848593,-3.854,-34848593,-35418035,-35418035,-0.42,-0.42,-0.42,39349767,31180999,39349767,299810210,-8,-8.603,-31068394,-0.367,1.0,7513863,0.831,0,0,33398148,23842932,778989,34871120,34871120,0,8627084,7126840,1500244,304799849,-34364506,0,31608801,0,0,31277069,-35069907,-35091901,-30690388,118720,-35425826,-35425826,-35425826,0,-105352,-3.918,43094104,-35580241,6886682,0.0,7.746,-8.604,-8.69,1895475,0,3.65,33.711,34.165,977719,-261465638,9041605,9041605,33680158,-0.959,-1.136,-1.485,-3.917,3218050,9413946,1.0,83506808,84631567,84631567,0.107,47486482,0,7791,0,0.533,38258057
IMMU,MRY,2015-12-31,2015-06-30,2015-06-30,2018-05-10,-161092,105779606,70554138,103487202,2292404,0.08,-0.042,-924429,13452775,13452775,264915,-48123971,8.567,-28.192,96624577,0,96624577,96624577,271667,578066,0,0.0,0.0,-45853387,-45275321,-8.009,-45275321,-45853387,-47944137,-0.51,-0.51,-0.51,-3912647,11318820,-3912647,459844682,-10,-10.157,-39920638,-0.428,1.0,5388176,0.953,0,2090750,176871518,99393851,584424,86165532,86165532,0,110304227,12079890,98224337,379465719,6491281,0,2959930,96342785,0,98716990,-52740347,-51815918,-38996209,-489153,-48002366,-48002366,-48002366,0,-121605,-8.491,51607685,-46219509,11808223,0.0,-96.984,-7.905,-7.961,2241838,0,4.06,67.125,67.018,1202695,-309468004,5653091,5653091,41735888,-0.68,-4.241,-0.461,-8.111,2788677,9871797,1.0,93464463,93314872,93314872,0.061,105779606,0,58229,0,1.129,91407312
IMMU,MRY,2016-12-31,2016-06-30,2016-06-30,2018-05-10,-132226,56950268,74586751,52951105,3999163,0.043,-0.598,-2226256,13203625,13203625,1159173,-59135716,3.433,-2.015,97354398,0,97354398,97354398,235372,737661,0,0.0,0.0,-58610962,-57873301,-17.899,-57873301,-58610962,-64090783,-0.62,-0.62,-0.62,-56816227,-37666724,-56816227,305908099,-5,-5.286,-50688056,-0.535,1.0,2074074,0.641,0,5479821,125677480,145005087,350524,37424221,37424221,0,114477235,15423561,99053674,219945465,-249150,0,2732962,0,0,2363978,45874715,48100971,-48461800,-26043,-59036950,-59036950,-59036950,0,-98766,-18.259,61082165,-59008091,15188189,0.0,-3.871,-3.726,-3.742,3969163,0,2.32,68.026,68.002,750760,-368504954,3233247,3233247,53492471,-0.792,1.567,-0.404,-18.128,3740526,7589694,1.0,94804080,94770172,94770172,0.034,56950268,0,-5053833,0,0.599,37527544
IMMU,MRY,2017-12-31,2017-06-30,2017-06-30,2018-05-10,-302710,162573392,77249052,157298162,5275230,0.04,-0.534,-1837167,43393570,43393570,482657,-153266286,1.287,-3.783,98084219,0,98084219,98084219,170967,923348,0,0.0,0.0,-147705257,-146781909,-47.483,-146781909,-147705257,-153185078,-1.47,-1.47,-1.47,-58692167,-84132397,-58692167,1043807896,-7,-7.111,-64087311,-0.613,1.0,2608593,0.844,0,5479821,95019892,92762644,580016,111508225,111508225,0,222036640,122244149,99792491,967804600,30189945,0,47568576,0,0,168803496,-76263679,-74426512,-62250144,-99728,-153205945,-153205945,-153205945,0,-60341,-49.561,81758326,-79149733,31366976,0.0,-16.49,-6.317,-6.007,5245230,0,8.83,313.079,298.601,488723,-521710899,3091250,3091250,51776395,-1.983,1.821,-1.592,-47.782,4333430,29981931,1.0,109604145,104535577,104535577,0.03,162573392,0,20867,0,1.48,35054013
