ticker,dimension,calendardate,datekey,reportperiod,lastupdated,accoci,assets,assetsavg,assetsc,assetsnc,assetturnover,bvps,capex,cashneq,cashnequsd,cor,consolinc,currentratio,de,debt,debtc,debtnc,debtusd,deferredrev,depamor,deposits,divyield,dps,ebit,ebitda,ebitdamargin,ebitdausd,ebitusd,ebt,eps,epsdil,epsusd,equity,equityavg,equityusd,ev,evebit,evebitda,fcf,fcfps,fxusd,gp,grossmargin,intangibles,intexp,invcap,invcapavg,inventory,investments,investmentsc,investmentsnc,liabilities,liabilitiesc,liabilitiesnc,marketcap,ncf,ncfbus,ncfcommon,ncfdebt,ncfdiv,ncff,ncfi,ncfinv,ncfo,ncfx,netinc,netinccmn,netinccmnusd,netincdis,netincnci,netmargin,opex,opinc,payables,payoutratio,pb,pe,pe1,ppnenet,prefdivis,price,ps,ps1,receivables,retearn,revenue,revenueusd,rnd,roa,roe,roic,ros,sbcomp,sgna,sharefactor,sharesbas,shareswa,shareswadil,sps,tangibles,taxassets,taxexp,taxliabilities,tbvps,workingcapital
INTC,MRY,2011-12-31,2011-12-31,2011-12-31,2018-04-27,-781000000,71119000000,68327750000,25872000000,45247000000,0.79,9.05,-10764000000,5065000000,5065000000,20242000000,12942000000,2.151,0.549,7331000000,247000000,7084000000,7331000000,1929000000,6064000000,0,0.032,0.782,17589000000,23653000000,0.438,23653000000,17589000000,17781000000,2.46,2.39,2.46,45911000000,47025000000,45911000000,123566000000,7,5.224,10199000000,1.94,1.0,33757000000,0.625,15521000000,-192000000,45836000000,40598750000,4096000000,11223000000,9772000000,1451000000,25208000000,12028000000,13180000000,123481000000,-433000000,-8671000000,-12295000000,5171000000,-4127000000,-11100000000,-10301000000,8830000000,20963000000,5000000,12942000000,12942000000,12942000000,0,0,0.24,16280000000,17477000000,2956000000,0.318,2.69,9.541,9.858,23627000000,0,24.25,2.287,2.36,3650000000,29656000000,53999000000,53999000000,8350000000,0.189,0.275,0.433,0.326,1016000000,7670000000,1.0,5092000000,5256000000,5411000000,10.274,55598000000,1700000000,4839000000,2617000000,10.96,13844000000
INTC,MRY,2012-12-31,2012-12-29,2012-12-29,2018-04-27,-399000000,84351000000,75740250000,31358000000,52993000000,0.704,10.311,-11027000000,8478000000,8478000000,20190000000,11005000000,2.431,0.647,13448000000,312000000,13136000000,13448000000,1932000000,7522000000,0,0.043,0.87,14779000000,22301000000,0.418,22301000000,14779000000,14873000000,2.2,2.13,2.2,51203000000,49002750000,51203000000,104300480000,7,4.677,7857000000,1.573,1.0,33151000000,0.621,15945000000,-94000000,60478000000,51640750000,4734000000,14601000000,9684000000,4917000000,33148000000,12898000000,20250000000,100664480000,3413000000,-33000000,-2654000000,6189000000,-4350000000,-1408000000,-14060000000,-2840000000,18884000000,-3000000,11005000000,11005000000,11005000000,0,0,0.206,18513000000,14638000000,3023000000,0.395,1.966,9.147,9.195,27983000000,0,20.23,1.887,1.895,3833000000,32138000000,53341000000,53341000000,10148000000,0.145,0.225,0.286,0.277,960000000,8057000000,1.0,4976000000,4996000000,5160000000,10.677,68406000000,2117000000,3868000000,3412000000,13.775,18460000000
INTC,MRY,2013-12-31,2013-12-28,2013-12-28,2018-04-27,1243000000,92358000000,87913250000,32084000000,60274000000,0.6,11.714,-10711000000,5674000000,5674000000,21187000000,9620000000,2.365,0.585,13446000000,281000000,13165000000,13446000000,2096000000,8032000000,0,0.035,0.9,12762000000,20794000000,0.395,20794000000,12762000000,12611000000,1.94,1.89,1.94,58256000000,54685500000,58256000000,135883600000,10,6.535,10065000000,2.025,1.0,31521000000,0.598,15663000000,151000000,70899000000,67959250000,4172000000,22107000000,14413000000,7694000000,34102000000,13568000000,20534000000,127257600000,-2804000000,-925000000,-559000000,-31000000,-4479000000,-5498000000,-18073000000,-6854000000,20776000000,-9000000,9620000000,9620000000,9620000000,0,0,0.183,19230000000,12291000000,2969000000,0.464,2.184,13.228,13.196,31428000000,0,25.6,2.414,2.414,3582000000,35477000000,52708000000,52708000000,10611000000,0.109,0.176,0.188,0.242,1069000000,8088000000,1.0,4971000000,4970000000,5097000000,10.605,76695000000,2594000000,2991000000,4397000000,15.422,18516000000
INTC,MRY,2014-12-31,2014-12-27,2014-12-27,2018-04-27,666000000,91900000000,91560250000,27730000000,64170000000,0.61,11.714,-10105000000,2561000000,2561000000,20261000000,11704000000,1.732,0.645,13655000000,1596000000,12059000000,13655000000,2205000000,8549000000,0,0.024,0.9,15758000000,24307000000,0.435,24307000000,15758000000,15801000000,2.39,2.31,2.39,55865000000,57305750000,55865000000,191678250000,12,7.886,10313000000,2.104,1.0,35609000000,0.637,15307000000,-43000000,71676000000,72044250000,4273000000,20613000000,11493000000,9120000000,36035000000,16011000000,20024000000,181554250000,-3113000000,-934000000,-9132000000,235000000,-4409000000,-13611000000,-9905000000,522000000,20418000000,-15000000,11704000000,11704000000,11704000000,0,0,0.209,20262000000,15347000000,2748000000,0.377,3.25,15.512,15.711,33238000000,0,37.55,3.25,3.294,4427000000,33418000000,55870000000,55870000000,11537000000,0.128,0.204,0.219,0.282,1026000000,8136000000,1.0,4835000000,4901000000,5056000000,11.4,76593000000,1958000000,4097000000,3775000000,16.061,11719000000
INTC,MRY,2015-12-31,2015-12-26,2015-12-26,2018-04-27,60000000,101459000000,95017250000,38320000000,63139000000,0.583,12.939,-7326000000,15308000000,15308000000,20676000000,11420000000,2.449,0.661,22670000000,2634000000,20036000000,22670000000,2188000000,8711000000,0,0.027,0.96,14317000000,23028000000,0.416,23028000000,14317000000,14212000000,2.41,2.33,2.41,61085000000,57700250000,61085000000,179193620000,12,7.782,11692000000,2.466,1.0,34679000000,0.626,15265000000,105000000,77910000000,74870000000,5167000000,17856000000,10005000000,7851000000,40374000000,15646000000,24728000000,165070620000,12747000000,-913000000,-2135000000,9476000000,-4556000000,1912000000,-8183000000,-125000000,19018000000,0,11420000000,11420000000,11420000000,0,0,0.206,20677000000,14002000000,2063000000,0.398,2.702,14.455,14.515,31858000000,0,34.98,2.982,2.997,4787000000,37614000000,55355000000,55355000000,12128000000,0.12,0.198,0.191,0.259,1305000000,7930000000,1.0,4719000000,4742000000,4894000000,11.673,86194000000,0,2792000000,954000000,18.258,22674000000
INTC,MRY,2016-12-31,2016-12-31,2016-12-31,2018-04-27,106000000,113327000000,110210500000,35508000000,77819000000,0.539,13.984,-9625000000,5560000000,5560000000,23196000000,10316000000,1.749,0.711,25283000000,4634000000,20649000000,25283000000,1718000000,7790000000,0,0.029,1.04,13380000000,21170000000,0.356,21170000000,13380000000,12936000000,2.18,2.12,2.18,66226000000,62970500000,66226000000,194747530000,14,9.199,12183000000,2.576,1.0,36191000000,0.609,23593000000,444000000,89155000000,87738250000,5553000000,22435000000,11539000000,10896000000,47101000000,20302000000,26799000000,171883530000,-9748000000,-15470000000,-1479000000,1234000000,-4925000000,-5739000000,-25817000000,-2056000000,21808000000,0,10316000000,10316000000,10316000000,0,0,0.174,23317000000,12874000000,2475000000,0.477,2.595,16.662,16.638,36171000000,0,36.27,2.894,2.889,4690000000,40747000000,59387000000,59387000000,12740000000,0.094,0.164,0.152,0.225,1444000000,8397000000,1.0,4739000000,4730000000,4875000000,12.555,89734000000,0,2620000000,1730000000,18.947,15206000000
INTC,MRY,2017-12-31,2017-12-30,2017-12-30,2018-04-27,862000000,123249000000,122023000000,29500000000,93749000000,0.514,14.738,-11778000000,3433000000,3433000000,23692000000,9601000000,1.693,0.786,26813000000,1776000000,25037000000,26813000000,1656000000,8129000000,0,0.023,1.078,20587000000,28716000000,0.458,28716000000,20587000000,20352000000,2.04,1.99,2.04,69019000000,68856000000,69019000000,238593800000,11,8.309,10332000000,2.198,1.0,39069000000,0.623,37134000000,235000000,92074000000,94037250000,6983000000,22860000000,10569000000,12291000000,54230000000,17421000000,36809000000,216028800000,-2127000000,-11375000000,-2845000000,-364000000,-5072000000,-8475000000,-15762000000,6575000000,22110000000,0,9601000000,9601000000,9601000000,0,0,0.153,21133000000,17936000000,2928000000,0.528,3.13,22.501,22.627,41109000000,0,46.16,3.442,3.458,5607000000,42083000000,62761000000,62761000000,13098000000,0.079,0.139,0.219,0.328,1358000000,7474000000,1.0,4680000000,4701000000,4835000000,13.351,86115000000,0,10751000000,7115000000,18.389,12079000000
