ticker,dimension,calendardate,datekey,reportperiod,lastupdated,accoci,assets,assetsavg,assetsc,assetsnc,assetturnover,bvps,capex,cashneq,cashnequsd,cor,consolinc,currentratio,de,debt,debtc,debtnc,debtusd,deferredrev,depamor,deposits,divyield,dps,ebit,ebitda,ebitdamargin,ebitdausd,ebitusd,ebt,eps,epsdil,epsusd,equity,equityavg,equityusd,ev,evebit,evebitda,fcf,fcfps,fxusd,gp,grossmargin,intangibles,intexp,invcap,invcapavg,inventory,investments,investmentsc,investmentsnc,liabilities,liabilitiesc,liabilitiesnc,marketcap,ncf,ncfbus,ncfcommon,ncfdebt,ncfdiv,ncff,ncfi,ncfinv,ncfo,ncfx,netinc,netinccmn,netinccmnusd,netincdis,netincnci,netmargin,opex,opinc,payables,payoutratio,pb,pe,pe1,ppnenet,prefdivis,price,ps,ps1,receivables,retearn,revenue,revenueusd,rnd,roa,roe,roic,ros,sbcomp,sgna,sharefactor,sharesbas,shareswa,shareswadil,sps,tangibles,taxassets,taxexp,taxliabilities,tbvps,workingcapital
INTL,MRY,2011-12-31,2011-09-30,2011-09-30,2018-05-08,-6000000,2635700000,2442900000,,,29.838,17.1,-10100000,340000000,340000000,72583100000,34700000,,7.891,468300000,,,468300000,0,4700000,0,0.0,0.0,55700000,60400000,0.001,60400000,55700000,55700000,1.93,1.83,1.93,296300000,275475000,296300000,613572485,11,10.158,198900000,11.29,1.0,308200000,0.004,56100000,0,2707900000,2646925000,160600000,249400000,,,2338100000,,,378272485,138700000,-9300000,1400000,-40400000,0,-48400000,-21500000,-2100000,209000000,-400000,34800000,34800000,34800000,-200000,-100000,0.0,252800000,55400000,1865200000,0.0,1.277,10.87,10.756,15000000,0,20.76,0.005,0.005,1751600000,97000000,72891300000,72891300000,0,0.014,0.126,0.021,0.001,2300000,205000000,1.0,18221218,17618085,18567454,4137.3,2579600000,29500000,20900000,4600000,148.872,
INTL,MRY,2012-12-31,2012-09-30,2012-09-30,2018-05-08,-2200000,2953000000,2658400000,,,25.088,17.14,-8700000,593800000,593800000,66387200000,12700000,,8.428,393600000,,,393600000,0,7200000,0,0.0,0.0,18300000,25500000,0.0,25500000,18300000,18300000,0.67,0.64,0.67,313200000,306000000,313200000,-69607053,-3,-2.73,-100800000,-5.513,1.0,306200000,0.005,55800000,0,2697000000,2288275000,131600000,275700000,,,2639800000,,,362892946,15700000,-11300000,-2100000,140500000,0,129000000,-20000000,0,-92100000,-1200000,12800000,12800000,12800000,4300000,-100000,0.0,283700000,22500000,2199300000,0.0,1.159,28.351,28.448,18900000,0,19.06,0.005,0.005,1805500000,106100000,66693400000,66693400000,0,0.005,0.042,0.008,0.0,5900000,231200000,1.0,19039504,18282939,19156899,3647.849,2897200000,37400000,5500000,7500000,158.552,
INTL,MRY,2013-12-31,2013-09-30,2013-09-30,2018-05-08,-6400000,2848000000,2963850000,,,14.337,17.994,-4900000,605500000,605500000,42183700000,19300000,,7.491,286400000,,,286400000,0,8000000,0,0.0,0.0,21900000,29900000,0.001,29900000,21900000,21900000,1.01,0.97,1.01,335400000,330975000,335400000,211870679,9,7.086,40000000,2.169,1.0,309700000,0.007,59100000,0,2469800000,2674250000,59000000,195900000,,,2512600000,,,393570679,-80200000,200000,-2400000,-115400000,0,-129700000,5100000,9800000,44900000,-500000,19300000,19300000,19300000,-700000,0,0.0,288500000,21200000,2205800000,0.0,1.173,20.392,20.248,17500000,0,20.45,0.009,0.009,1838200000,125400000,42493400000,42493400000,0,0.007,0.058,0.008,0.001,9300000,233500000,1.0,19245510,18443233,19068497,2304.01,2788900000,41000000,2600000,3400000,149.627,
INTL,MRY,2014-12-31,2014-09-30,2014-09-30,2018-05-08,-11600000,3039700000,2995700000,,,11.357,18.738,-4300000,679300000,679300000,33700400000,19300000,,7.801,332000000,,,332000000,0,7300000,0,0.0,0.0,25700000,33000000,0.001,33000000,25700000,25700000,1.01,0.98,1.01,345400000,340125000,345400000,205501322,7,6.227,128300000,6.925,1.0,322000000,0.009,58000000,0,2634400000,2651500000,40000000,263100000,,,2694300000,,,327001322,75200000,0,-8300000,-38800000,0,-48800000,-4300000,0,132600000,-4300000,19300000,19300000,19300000,300000,0,0.001,296000000,26000000,2342800000,0.0,0.947,16.943,17.149,15900000,0,17.32,0.01,0.009,1910000000,144700000,34022400000,34022400000,0,0.006,0.057,0.01,0.001,4300000,239000000,1.0,18879984,18528302,19132302,1836.239,2981700000,42800000,6400000,7600000,161.759,
INTL,MRY,2015-12-31,2015-09-30,2015-09-30,2018-05-08,-17500000,5070000000,4286650000,,,8.093,21.604,-9100000,1025000000,1025000000,34261400000,55700000,,11.768,1662700000,,,1662700000,0,7200000,0,0.0,0.0,78100000,85300000,0.002,85300000,78100000,78100000,2.94,2.87,2.94,397100000,376000000,397100000,1061817774,13,12.448,28800000,1.555,1.0,431800000,0.012,58100000,0,5649600000,4554850000,32800000,1825600000,,,4672900000,,,469617774,36800000,-7800000,-2200000,18900000,0,15000000,-15500000,1400000,37900000,-600000,55700000,55700000,55700000,0,0,0.002,353700000,78100000,2738300000,0.0,1.183,8.431,8.398,19700000,0,24.69,0.014,0.013,2028400000,200400000,34693200000,34693200000,0,0.013,0.148,0.017,0.002,3600000,287600000,1.0,19020566,18525374,18932235,1872.74,5011900000,38800000,22400000,9000000,272.673,
INTL,MRY,2016-12-31,2016-09-30,2016-09-30,2018-05-08,-24600000,5950300000,5722850000,,,2.578,23.758,-15400000,1452500000,1452500000,14311000000,54700000,,12.717,2233800000,,,2233800000,0,7800000,0,0.0,0.0,72700000,80500000,0.005,80500000,72700000,72700000,2.94,2.9,2.94,433800000,415300000,433800000,1941783822,26,24.122,-43200000,-2.346,1.0,443900000,0.03,56600000,0,6675000000,6704825000,123800000,2234600000,,,5516500000,,,715383822,48100000,-20000000,-16000000,139100000,0,121000000,-35500000,-100000,-27800000,-9600000,54700000,54700000,54700000,0,0,0.004,371200000,72700000,3015500000,0.0,1.649,13.078,13.214,29400000,0,38.85,0.048,0.048,194500000,255100000,14754900000,14754900000,0,0.01,0.132,0.011,0.005,5100000,302700000,1.0,18413998,18410561,18625372,801.437,5893700000,35600000,18000000,7100000,322.782,
INTL,MRY,2017-12-31,2017-09-30,2017-09-30,2018-05-08,-24500000,6243400000,6314650000,,,4.66,24.337,-16100000,833700000,833700000,28931000000,6400000,,12.877,2452000000,,,2452000000,0,9800000,0,0.0,0.0,15200000,25000000,0.001,25000000,15200000,15200000,0.32,0.31,0.32,449900000,454325000,449900000,2326432696,153,93.057,-2200000,-0.12,1.0,492600000,0.017,59400000,0,7802300000,7815875000,124800000,2235600000,,,5793500000,,,717332696,-1300000,-6000000,3400000,1600000,0,5700000,-22300000,-200000,13900000,1400000,6400000,6400000,6400000,0,0,0.0,477400000,15200000,3334200000,0.0,1.594,112.083,119.75,38700000,0,38.32,0.024,0.024,232700000,261500000,29423600000,29423600000,0,0.001,0.014,0.002,0.001,6300000,339400000,1.0,18719538,18395987,18687354,1599.458,6184000000,43000000,8800000,7300000,334.521,
