ticker,dimension,calendardate,datekey,reportperiod,lastupdated,accoci,assets,assetsavg,assetsc,assetsnc,assetturnover,bvps,capex,cashneq,cashnequsd,cor,consolinc,currentratio,de,debt,debtc,debtnc,debtusd,deferredrev,depamor,deposits,divyield,dps,ebit,ebitda,ebitdamargin,ebitdausd,ebitusd,ebt,eps,epsdil,epsusd,equity,equityavg,equityusd,ev,evebit,evebitda,fcf,fcfps,fxusd,gp,grossmargin,intangibles,intexp,invcap,invcapavg,inventory,investments,investmentsc,investmentsnc,liabilities,liabilitiesc,liabilitiesnc,marketcap,ncf,ncfbus,ncfcommon,ncfdebt,ncfdiv,ncff,ncfi,ncfinv,ncfo,ncfx,netinc,netinccmn,netinccmnusd,netincdis,netincnci,netmargin,opex,opinc,payables,payoutratio,pb,pe,pe1,ppnenet,prefdivis,price,ps,ps1,receivables,retearn,revenue,revenueusd,rnd,roa,roe,roic,ros,sbcomp,sgna,sharefactor,sharesbas,shareswa,shareswadil,sps,tangibles,taxassets,taxexp,taxliabilities,tbvps,workingcapital
INXN,MRY,2011-12-31,2011-12-31,2011-12-31,2018-04-30,7386000,744281000,645521500,210543000,533738000,0.378,7.453,-153614000,142669000,184688614,101766000,25572000,1.574,1.252,258070000,803000,257267000,334078116,0,35552000,0,0.0,0.0,60383000,95935000,0.393,124190274,78167314,35309000,0.4,0.39,0.518,330561000,242915000,427919542,833113231,10,6.708,-63566000,-1.433,0.772,142544000,0.583,12542000,25074000,713341000,651203500,0,0,0,0,413720000,133799000,279921000,596539780,43554000,0,146426000,-3041000,0,140330000,-161011000,0,90048000,192000,25572000,25572000,33103598,0,0,0.105,84938000,57606000,137933000,0.0,1.394,18.02,25.975,477798000,0,13.45,1.886,1.886,0,-149604000,244310000,316265450,0,0.04,0.105,0.093,0.247,2736000,84938000,1.0,44352400,44352400,,7.131,731739000,39557000,9737000,2249000,16.498,76744000
INXN,MRY,2012-12-31,2012-12-31,2012-12-31,2018-04-30,9403000,819224000,781752500,143546000,675678000,0.354,5.679,-172036000,68692000,90611334,113082000,31631000,1.07,1.181,288137000,52000,288085000,380080332,0,43993000,0,0.0,0.0,66066000,110059000,0.397,145178374,87147389,47413000,0.47,0.46,0.62,375574000,353067500,495418120,1724081861,19,11.876,-60335000,-0.912,0.758,164039000,0.592,18638000,18653000,885922000,799631500,0,774000,0,774000,443650000,134109000,309541000,1571233664,-73977000,0,7956000,7927000,0,15883000,-179105000,-774000,111701000,163000,31631000,31631000,41724322,0,0,0.114,99343000,64696000,138972000,0.0,3.172,37.658,38.324,620931000,0,23.76,4.298,4.298,0,-117973000,277121000,365549172,0,0.04,0.09,0.083,0.238,5488000,99343000,1.0,66129363,66129363,,5.528,800586000,30376000,15782000,2301000,12.106,9437000
INXN,MRY,2013-12-31,2013-12-31,2013-12-31,2018-04-30,6757000,910775000,864999500,142393000,768382000,0.355,5.69,-140251000,45690000,62831415,124141000,6824000,1.016,1.348,363992000,1783000,362209000,500550067,0,57670000,0,0.0,0.0,70843000,128513000,0.418,176726935,97421010,12906000,0.1,0.1,0.138,387902000,381738000,533430328,1895470878,19,10.725,-37580000,-0.551,0.727,182970000,0.596,17878000,57937000,1071074000,978498000,0,774000,0,774000,522873000,140125000,382748000,1609643647,-23002000,0,4500000,43411000,0,47911000,-143381000,0,102671000,-95000,6824000,6824000,9384144,0,0,0.022,112952000,70018000,143630000,0.0,3.018,171.528,171.688,698748000,0,23.61,3.811,3.811,0,-111149000,307111000,422329149,0,0.008,0.018,0.072,0.231,4149000,112952000,1.0,68176351,68176351,,6.195,892897000,34446000,6082000,2229000,13.097,2268000
INXN,MRY,2014-12-31,2014-12-31,2014-12-31,2018-04-30,10440000,1173103000,1041939000,217451000,955652000,0.327,6.333,-212938000,94637000,114505682,139075000,35060000,1.238,1.69,561592000,21062000,540530000,679496129,0,62177000,0,0.0,0.0,79275000,141452000,0.415,171149315,95918488,50509000,0.51,0.5,0.617,436145000,412023500,527712003,2320277576,24,13.557,-77520000,-1.126,0.826,201549000,0.592,18996000,28766000,1445365000,1258219500,0,2424000,1650000,774000,736958000,175697000,561261000,1882824818,53025000,0,3324000,164950000,0,167628000,-219135000,-2858000,135418000,114000,35060000,35060000,42420715,0,0,0.103,123435000,78114000,146502000,0.0,3.568,44.385,44.306,895184000,0,27.34,4.568,4.568,0,-76089000,340624000,412136728,0,0.034,0.085,0.063,0.233,6576000,123435000,1.0,68867038,68867038,,5.985,1154107000,30064000,15449000,4690000,16.758,41754000
INXN,MRY,2015-12-31,2015-12-31,2015-12-31,2018-04-30,20865000,1252064000,1212583500,195622000,1056442000,0.319,7.32,-186115000,53686000,58309664,151613000,46680000,1.138,1.468,555763000,4951000,550812000,603627654,0,78229000,0,0.0,0.0,96921000,175150000,0.453,190234657,105268245,64605000,0.67,0.66,0.728,507417000,471781000,551117893,2592021639,24,13.625,-16727000,-0.241,0.921,234947000,0.608,23194000,32316000,1559112000,1502238500,0,0,0,0,744647000,171835000,572812000,2089908424,-40951000,0,5686000,12504000,0,18190000,-187505000,5131000,169388000,1294000,46680000,46680000,50700278,0,0,0.121,162608000,72339000,162629000,0.0,3.792,41.221,41.432,999072000,0,30.15,4.978,4.978,0,-30043000,386560000,419852178,0,0.038,0.099,0.065,0.251,8404000,162608000,1.0,69317029,69317029,,6.057,1228870000,23024000,17925000,2738000,17.728,23787000
INXN,MRY,2016-12-31,2016-12-31,2016-12-31,2018-04-30,9988000,1482665000,1367364500,263714000,1218951000,0.308,7.849,-241958000,115893000,121966954,162568000,38336000,1.398,1.702,735457000,11482000,723975000,774002315,0,89835000,0,0.0,0.0,92261000,182096000,0.432,191639654,97096400,54786000,0.54,0.54,0.568,548769000,528093000,577529993,3014883771,31,15.732,-58570000,-0.838,0.95,259220000,0.615,28694000,37475000,1884960000,1722036000,0,1942000,0,1942000,933896000,188575000,745321000,2452067887,62207000,0,6332000,165402000,0,173959000,-251400000,-522000,183388000,251000,38336000,38336000,40345190,0,0,0.091,168498000,90722000,171399000,0.0,4.246,60.777,61.71,1156031000,0,35.07,5.524,5.524,0,8293000,421788000,443893917,0,0.028,0.073,0.054,0.219,7652000,168498000,1.0,69919244,69919244,,6.349,1453971000,20370000,16450000,5694000,20.795,75139000
INXN,MRY,2017-12-31,2017-12-31,2017-12-31,2018-04-30,2948000,1702071000,1592368000,218270000,1483801000,0.307,8.452,-247228000,38484000,46182647,190471000,39067000,0.633,1.852,832812000,108760000,724052000,999414376,0,108252000,0,0.0,0.0,99684000,207936000,0.425,249533181,119625585,53906000,0.55,0.55,0.66,596728000,572748500,716102244,4827092368,40,19.344,-38215000,-0.541,0.833,298831000,0.611,99493000,45778000,2052031000,1968495500,0,3693000,0,3693000,1105343000,344875000,760468000,4160607858,-77409000,-77517000,6969000,97628000,0,104597000,-335620000,-2088000,209013000,-1632000,39067000,39067000,46882275,0,0,0.08,200655000,98176000,229878000,0.0,5.81,88.746,89.284,1342471000,0,58.93,7.086,7.086,0,47360000,489302000,587185887,0,0.025,0.068,0.051,0.204,8889000,200655000,1.0,70602543,70602543,,8.317,1602578000,24470000,14839000,6237000,22.699,-126605000
