ticker,dimension,calendardate,datekey,reportperiod,lastupdated,accoci,assets,assetsavg,assetsc,assetsnc,assetturnover,bvps,capex,cashneq,cashnequsd,cor,consolinc,currentratio,de,debt,debtc,debtnc,debtusd,deferredrev,depamor,deposits,divyield,dps,ebit,ebitda,ebitdamargin,ebitdausd,ebitusd,ebt,eps,epsdil,epsusd,equity,equityavg,equityusd,ev,evebit,evebitda,fcf,fcfps,fxusd,gp,grossmargin,intangibles,intexp,invcap,invcapavg,inventory,investments,investmentsc,investmentsnc,liabilities,liabilitiesc,liabilitiesnc,marketcap,ncf,ncfbus,ncfcommon,ncfdebt,ncfdiv,ncff,ncfi,ncfinv,ncfo,ncfx,netinc,netinccmn,netinccmnusd,netincdis,netincnci,netmargin,opex,opinc,payables,payoutratio,pb,pe,pe1,ppnenet,prefdivis,price,ps,ps1,receivables,retearn,revenue,revenueusd,rnd,roa,roe,roic,ros,sbcomp,sgna,sharefactor,sharesbas,shareswa,shareswadil,sps,tangibles,taxassets,taxexp,taxliabilities,tbvps,workingcapital
IRIX,MRY,2011-12-31,2011-12-31,2011-12-31,2018-05-09,-35000,32149000,30548750,29506000,2643000,1.085,2.193,-203000,10789000,10789000,16869000,2610000,3.31,0.434,0,0,0,0,1014000,410000,0,0.0,0.0,3203000,3613000,0.109,3613000,3203000,2907000,0.29,0.26,0.29,22426000,21272500,22426000,23944855,7,6.627,2048000,0.2,1.0,16290000,0.491,1278000,296000,11169000,10536000,6659000,0,0,0,9723000,8913000,810000,33479855,2442000,-75000,-327000,0,0,-327000,-278000,0,2251000,-1000,2610000,2610000,2610000,-469000,0,0.079,13556000,2734000,1580000,0.0,1.493,12.828,12.897,325000,0,3.74,1.01,1.153,5551000,-18590000,33159000,33159000,3913000,0.085,0.123,0.304,0.097,480000,11717000,1.0,8951833,10225000,8958000,3.243,30871000,0,297000,0,3.019,20593000
IRIX,MRY,2012-12-31,2012-12-29,2012-12-29,2018-05-09,0,28912000,30390500,27055000,1857000,1.114,2.484,-394000,11901000,11901000,17513000,1438000,4.249,0.32,0,0,0,0,1004000,427000,0,0.0,0.0,1548000,1975000,0.058,1975000,1548000,1338000,0.16,0.16,0.16,21905000,23673500,21905000,20004746,12,10.129,-1532000,-0.171,1.0,16346000,0.483,1087000,210000,9557000,9617750,8035000,0,0,0,7007000,6367000,640000,33738746,1112000,-328000,-2390000,0,0,-2390000,-722000,0,-1138000,35000,1438000,1438000,1438000,-1608000,0,0.042,16406000,-60000,2105000,0.0,1.54,23.462,23.5,483000,0,3.76,0.996,0.992,5480000,-17152000,33859000,33859000,4385000,0.047,0.061,0.161,0.046,388000,12821000,1.0,8973071,8935000,8935000,3.789,27825000,0,-100000,0,3.155,20688000
IRIX,MRY,2013-12-31,2013-12-28,2013-12-28,2018-05-09,0,33677000,31559250,31970000,1707000,1.213,2.625,-380000,13444000,13444000,19686000,2231000,4.343,0.303,0,0,0,0,1133000,490000,0,0.0,0.0,2262000,2752000,0.072,2752000,2262000,2262000,0.24,0.22,0.24,25854000,24571250,25854000,80721307,35,29.332,387000,0.042,1.0,18587000,0.486,861000,0,12010000,10950750,10605000,0,0,0,7823000,7362000,461000,94810307,1543000,-383000,1069000,0,0,1029000,-763000,0,767000,0,2231000,2231000,2231000,0,0,0.058,15954000,2633000,2278000,0.0,3.667,42.497,40.292,543000,0,9.67,2.477,2.336,7345000,-14921000,38273000,38273000,3684000,0.071,0.091,0.207,0.059,689000,12743000,1.0,9804582,9245000,10104000,4.14,32816000,0,31000,0,3.332,24608000
IRIX,MRY,2014-12-31,2015-01-03,2015-01-03,2018-05-09,0,41818000,34910500,32894000,8924000,1.226,3.438,-568000,13303000,13303000,21409000,10038000,4.673,0.24,0,0,0,0,1179000,420000,0,0.0,0.0,1332000,1752000,0.041,1752000,1332000,1332000,1.01,0.97,1.01,33736000,27911000,33736000,71695458,53,40.922,3446000,0.348,1.0,21405000,0.5,817000,0,20659000,14337750,9119000,0,0,0,8082000,7039000,1043000,84737458,-141000,-459000,-3164000,0,0,-3128000,-1027000,0,4014000,0,10038000,10038000,10038000,0,0,0.234,18818000,2587000,1758000,0.0,2.512,8.442,8.525,735000,0,8.61,1.979,1.989,8337000,-4883000,42814000,42814000,4629000,0.288,0.36,0.093,0.031,936000,14189000,1.0,9841749,9892000,10357000,4.328,41001000,8776000,-8706000,0,4.178,25855000
IRIX,MRY,2015-12-31,2016-01-02,2016-01-02,2018-05-09,0,41823000,41472750,30769000,11054000,1.007,3.376,-875000,9995000,9995000,21804000,474000,4.141,0.241,0,0,0,0,1311000,522000,0,0.0,0.0,291000,813000,0.019,813000,291000,291000,0.05,0.05,0.05,33688000,33437250,33688000,82183667,282,101.087,-1468000,-0.147,1.0,19953000,0.478,801000,0,23596000,22071250,11106000,0,0,0,8135000,7431000,704000,92396667,-3308000,-423000,-536000,0,0,-1417000,-1298000,0,-593000,0,474000,474000,474000,0,0,0.011,19665000,288000,2223000,0.0,2.743,194.93,185.8,1104000,0,9.29,2.213,2.216,9282000,-4409000,41757000,41757000,5214000,0.011,0.014,0.013,0.007,895000,14451000,1.0,9945820,9962000,10128000,4.192,41022000,8985000,-183000,0,4.11,23338000
IRIX,MRY,2016-12-31,2016-12-31,2016-12-31,2018-05-09,0,48144000,44241500,45865000,2279000,1.043,3.75,-1062000,23747000,23747000,25319000,-11713000,5.615,0.229,0,0,0,0,1383000,648000,0,0.0,0.0,-2656000,-2008000,-0.044,-2008000,-2656000,-2656000,-1.15,-1.15,-1.15,39160000,35604250,39160000,133105426,-50,-66.288,-1206000,-0.119,1.0,20839000,0.451,665000,0,15564000,21663500,11643000,0,0,0,8984000,8168000,816000,142682426,13752000,-406000,15463000,0,0,15364000,-1468000,0,-144000,0,-11713000,-11713000,-11713000,0,0,-0.254,23404000,-2565000,1994000,0.0,3.644,-12.182,-12.226,1534000,0,14.06,3.091,3.099,10025000,-16122000,46158000,46158000,5365000,-0.265,-0.329,-0.123,-0.058,1821000,17919000,1.0,10148110,10173000,10173000,4.537,47479000,0,9057000,0,4.546,37697000
IRIX,MRY,2017-12-31,2017-12-30,2017-12-30,2018-05-09,0,41646000,44617500,39451000,2195000,0.932,2.634,-400000,21707000,21707000,26090000,-12867000,3.796,0.364,0,0,0,0,2520000,858000,0,0.0,0.0,-12995000,-12137000,-0.292,-12137000,-12995000,-12995000,-1.11,-1.11,-1.11,30522000,35764500,30522000,65487205,-5,-5.396,-3965000,-0.343,1.0,15503000,0.373,649000,0,8898000,12478250,9381000,0,0,0,11124000,10392000,732000,88238205,-2040000,-382000,2640000,0,0,2307000,-782000,0,-3565000,0,-12867000,-12867000,-12867000,0,0,-0.309,28391000,-12888000,1724000,0.0,2.891,-6.858,-6.865,1403000,0,7.62,2.121,2.117,7863000,-28989000,41593000,41593000,5730000,-0.288,-0.36,-1.041,-0.312,1922000,22801000,1.0,11579817,11555000,11555000,3.6,40997000,0,-128000,0,3.538,29059000
