ticker,dimension,calendardate,datekey,reportperiod,lastupdated,accoci,assets,assetsavg,assetsc,assetsnc,assetturnover,bvps,capex,cashneq,cashnequsd,cor,consolinc,currentratio,de,debt,debtc,debtnc,debtusd,deferredrev,depamor,deposits,divyield,dps,ebit,ebitda,ebitdamargin,ebitdausd,ebitusd,ebt,eps,epsdil,epsusd,equity,equityavg,equityusd,ev,evebit,evebitda,fcf,fcfps,fxusd,gp,grossmargin,intangibles,intexp,invcap,invcapavg,inventory,investments,investmentsc,investmentsnc,liabilities,liabilitiesc,liabilitiesnc,marketcap,ncf,ncfbus,ncfcommon,ncfdebt,ncfdiv,ncff,ncfi,ncfinv,ncfo,ncfx,netinc,netinccmn,netinccmnusd,netincdis,netincnci,netmargin,opex,opinc,payables,payoutratio,pb,pe,pe1,ppnenet,prefdivis,price,ps,ps1,receivables,retearn,revenue,revenueusd,rnd,roa,roe,roic,ros,sbcomp,sgna,sharefactor,sharesbas,shareswa,shareswadil,sps,tangibles,taxassets,taxexp,taxliabilities,tbvps,workingcapital
ISLE,MRY,2011-12-31,2011-04-24,2011-04-24,2017-05-09,-2235000,1733888000,1741680750,148359000,1585529000,0.513,8.11,-58600000,87988000,87988000,412000000,4500000,0.964,4.611,1192594000,5373000,1187221000,1192594000,0,89040000,0,0.0,0.0,100100000,189140000,0.212,189140000,100100000,8200000,0.13,0.13,0.13,309028000,260314750,309028000,1547540996,15,8.182,65084000,1.911,1.0,481100000,0.539,427510000,91900000,2257106000,2312687750,0,22173000,22173000,0,1424860000,153878000,1270982000,377987996,7109000,-76167000,51250000,-23140000,0,28110000,-144637000,-9870000,123684000,-48000,4500000,4500000,4500000,-5600000,0,0.005,387300000,93800000,26013000,0.0,1.223,83.997,76.077,1113549000,0,9.89,0.423,0.377,9601000,103095000,893100000,893100000,0,0.003,0.017,0.043,0.112,7595000,258600000,1.0,38219211,34066159,34066159,26.217,1306378000,15963000,3700000,50653000,34.285,-5519000
ISLE,MRY,2012-12-31,2012-04-29,2012-04-29,2017-05-09,-855000,1574970000,1686525000,202283000,1372687000,0.553,4.708,-75333000,107012000,107012000,431300000,-129700000,1.296,7.577,1154431000,5393000,1149038000,1154431000,0,83526000,0,0.0,0.0,-26700000,56826000,0.061,56826000,-26700000,-114600000,-3.35,-3.35,-3.35,183620000,278733750,183620000,1331410066,-49,23.43,42726000,1.103,1.0,501700000,0.538,387489000,87900000,2078784000,2193126250,0,24943000,24943000,0,1391350000,156116000,1235234000,250656066,19283000,14940000,13000,-38740000,0,-38727000,-60049000,344000,118059000,0,-129700000,-129700000,-129700000,104100000,0,-0.139,425500000,76200000,23536000,0.0,1.365,-1.933,-1.919,950014000,0,6.43,0.269,0.267,14438000,-26658000,933000000,933000000,0,-0.077,-0.465,-0.012,-0.029,7710000,265200000,1.0,38982281,38753098,38753098,24.075,1187481000,2788000,15100000,55579000,30.448,46167000
ISLE,MRY,2013-12-31,2013-04-28,2013-04-28,2017-05-09,-247000,1553599000,1591948250,132300000,1421299000,0.58,3.604,-153245000,79886000,79886000,439100000,-47600000,0.849,9.909,1156884000,415000,1156469000,1156884000,0,73419000,0,0.0,0.0,48500000,121919000,0.132,121919000,48500000,-40900000,-1.21,-1.21,-1.21,142410000,176747750,142410000,1350956664,27,11.081,-37203000,-0.946,1.0,484300000,0.524,341551000,89400000,2133247000,2118585000,0,25520000,25520000,0,1411189000,155799000,1255390000,278489664,-25992000,33253000,668000,-19253000,0,-18585000,-123449000,1543000,116042000,0,-47600000,-47600000,-47600000,-4900000,0,-0.052,441900000,42400000,34533000,0.0,1.956,-5.851,-5.826,1034026000,0,7.05,0.302,0.3,11077000,-74227000,923400000,923400000,0,-0.03,-0.269,0.023,0.053,5093000,260300000,1.0,39502080,39340325,39340325,23.472,1212048000,6362000,6700000,64444000,30.67,-23499000
ISLE,MRY,2014-12-31,2014-04-27,2014-04-27,2017-05-09,0,1290074000,1481060500,132439000,1157635000,0.631,0.487,-38149000,79637000,79637000,455589000,-127686000,1.036,65.554,1066301000,230000,1066071000,1066301000,0,82245000,0,0.0,0.0,-64838000,17407000,0.019,17407000,-64838000,-146180000,-3.21,-3.21,-3.21,19384000,116676000,19384000,1337432944,-20,76.833,48600000,1.223,1.0,478820000,0.512,163881000,81342000,1984994000,2103982500,0,27289000,27289000,0,1270690000,127863000,1142827000,268846944,1361000,49881000,0,-91499000,0,-91499000,6111000,1879000,86749000,0,-127686000,-127686000,-127686000,10883000,0,-0.137,533522000,-54702000,20869000,0.0,13.87,-2.106,-2.103,955604000,0,6.75,0.288,0.287,12615000,-201913000,934409000,934409000,0,-0.086,-1.094,-0.031,-0.069,4413000,252466000,1.0,39829177,39731766,39731766,23.518,1126193000,4179000,-18494000,56230000,28.276,4576000
ISLE,MRY,2015-12-31,2015-04-26,2015-04-26,2017-05-09,0,1227762000,1259730500,119672000,1108090000,0.776,0.586,-41686000,75630000,75630000,475388000,5177000,0.896,51.33,992882000,170000,992712000,992882000,0,78875000,0,0.0,0.0,90419000,169294000,0.173,169294000,90419000,6288000,0.13,0.13,0.13,23462000,20936500,23462000,1539021830,17,9.091,83882000,2.099,1.0,501657000,0.513,163043000,84131000,1848360000,1911449500,6509000,19517000,19517000,0,1204300000,133611000,1070689000,594412830,-3393000,73000,74000,-87762000,0,-87688000,-41273000,340000,125568000,0,5177000,5177000,5177000,2113000,0,0.005,395737000,105920000,19690000,0.0,25.335,114.818,114.231,902226000,0,14.85,0.608,0.607,11171000,-199072000,977045000,977045000,0,0.004,0.247,0.047,0.093,3413000,252945000,1.0,40027800,39955735,39955735,24.453,1064719000,4626000,1111000,57915000,26.596,-13939000
ISLE,MRY,2016-12-31,2016-04-24,2016-04-24,2017-05-09,0,1194224000,1209933000,112895000,1081329000,0.809,1.855,-70262000,72406000,72406000,469930000,46204000,0.821,14.793,911768000,80000,911688000,911768000,0,82451000,0,0.0,0.0,118407000,200858000,0.205,200858000,118407000,50382000,1.14,1.12,1.14,75618000,48831250,75618000,1492081599,12,7.429,65650000,1.613,1.0,508662000,0.52,112013000,68025000,1784026000,1804959750,5580000,19338000,19338000,0,1118606000,137547000,981059000,609925599,-4311000,11496000,869000,-81901000,0,-81032000,-59191000,-425000,135912000,0,46204000,46204000,46204000,2085000,0,0.047,385515000,123147000,27432000,0.0,8.066,13.201,13.132,810450000,0,14.97,0.623,0.622,12484000,-152868000,978592000,978592000,0,0.038,0.946,0.066,0.121,5083000,249146000,1.0,40743193,40690929,40690929,24.049,1082211000,1144000,4178000,56839000,26.554,-24652000
