ticker,dimension,calendardate,datekey,reportperiod,lastupdated,accoci,assets,assetsavg,assetsc,assetsnc,assetturnover,bvps,capex,cashneq,cashnequsd,cor,consolinc,currentratio,de,debt,debtc,debtnc,debtusd,deferredrev,depamor,deposits,divyield,dps,ebit,ebitda,ebitdamargin,ebitdausd,ebitusd,ebt,eps,epsdil,epsusd,equity,equityavg,equityusd,ev,evebit,evebitda,fcf,fcfps,fxusd,gp,grossmargin,intangibles,intexp,invcap,invcapavg,inventory,investments,investmentsc,investmentsnc,liabilities,liabilitiesc,liabilitiesnc,marketcap,ncf,ncfbus,ncfcommon,ncfdebt,ncfdiv,ncff,ncfi,ncfinv,ncfo,ncfx,netinc,netinccmn,netinccmnusd,netincdis,netincnci,netmargin,opex,opinc,payables,payoutratio,pb,pe,pe1,ppnenet,prefdivis,price,ps,ps1,receivables,retearn,revenue,revenueusd,rnd,roa,roe,roic,ros,sbcomp,sgna,sharefactor,sharesbas,shareswa,shareswadil,sps,tangibles,taxassets,taxexp,taxliabilities,tbvps,workingcapital
ISSC,MRY,2011-12-31,2011-09-30,2011-09-30,2018-05-11,0,58257604,58531696,50572834,7684770,0.44,3.24,-255454,42625854,42625854,11945184,716590,15.605,0.074,13189,13189,0,13189,232630,672196,0,0.0,0.0,901859,1574055,0.061,1574055,901859,900350,0.04,0.04,0.04,54260787,54242429,54260787,38600076,42,24.523,2020712,0.12,1.0,13792468,0.536,0,1509,12404215,12618598,3508595,0,0,0,3996817,3240724,756093,81165126,1709508,0,-298926,-12278,0,-311204,-255454,0,2276166,0,716590,716590,716590,0,0,0.028,13184561,607907,443516,0.0,1.496,113.266,120.75,7476362,0,4.83,3.154,3.149,3124114,26626242,25737652,25737652,5500924,0.012,0.013,0.071,0.035,377111,7683637,1.0,16804374,16782223,16824621,1.534,58257604,438635,183760,566963,3.478,47332110
ISSC,MRY,2012-12-31,2012-09-30,2012-09-30,2018-05-11,0,62597231,60053685,54377366,8219865,0.409,3.442,-217533,42977501,42977501,14067933,2978994,10.28,0.097,0,0,0,0,1426552,529325,0,0.0,0.0,582529,1111854,0.045,1111854,582529,581931,0.18,0.18,0.18,57080403,54740540,57080403,24436571,41,21.978,1163298,0.07,1.0,10510265,0.428,0,598,14329902,12592977,3801547,0,0,0,5516828,5289828,227000,66240345,351647,0,-798462,-13189,0,-811651,-217533,0,1380831,0,2978994,2978994,2978994,0,0,0.121,10093753,416512,1139464,0.0,1.16,22.236,22.111,7214378,0,3.98,2.695,2.695,5573948,29605236,24578198,24578198,2693554,0.05,0.054,0.046,0.024,639083,7400199,1.0,16643303,16641895,16641900,1.477,62597231,2435049,-2397063,128998,3.775,49087538
ISSC,MRY,2013-12-31,2013-09-30,2013-09-30,2018-05-11,0,42630511,40674046,34437485,8193026,0.776,2.138,-586801,16386207,16386207,18942737,1886917,5.304,0.184,0,0,0,0,447525,545620,0,0.377,3.0,2006759,2552379,0.081,2552379,2006759,2006759,0.11,0.11,0.11,35994247,34813384,35994247,117152165,58,45.899,-2739118,-0.163,1.0,12624570,0.4,0,0,19751733,18442904,4377513,0,0,0,6636264,6492571,143693,133760015,-26591294,0,1155343,0,-25007519,-23852176,-586801,0,-2152317,0,1886917,1886917,1886917,0,0,0.06,10697105,1927465,2372137,27.273,3.716,70.888,72.364,7320495,0,7.96,4.237,4.224,11028876,6484634,31567307,31567307,2578034,0.046,0.054,0.109,0.064,879102,8119071,1.0,16804022,16753068,16855854,1.884,42630511,2653677,119842,132202,2.532,27944914
ISSC,MRY,2014-12-31,2014-09-30,2014-09-30,2018-05-11,0,44162510,45142451,36526292,7636218,0.977,2.183,-718922,15214584,15214584,30508823,200268,5.213,0.193,0,0,0,0,526320,576478,0,0.0,0.0,-83354,493124,0.011,493124,-83354,-83354,0.01,0.01,0.01,37011524,37858905,37011524,74028603,-888,150.122,-1431128,-0.085,1.0,13586200,0.308,0,0,21941664,22823363,5470786,0,0,0,7150986,7006262,144724,88421931,-1171623,0,259505,0,0,259505,-718922,0,-712206,0,200268,200268,200268,0,0,0.005,13729068,-142868,2402652,0.0,2.389,441.518,521.5,7467663,0,5.215,2.005,2.002,11845591,6684902,44095023,44095023,2618054,0.004,0.005,-0.004,-0.002,557503,11111014,1.0,16955308,16927879,17149106,2.605,44162510,3302930,-283622,132999,2.604,29520030
ISSC,MRY,2015-12-31,2015-09-30,2015-09-30,2018-05-11,0,36106569,39579193,28415976,7690593,0.507,1.854,-118964,16282039,16282039,13135349,-5866134,5.968,0.152,0,0,0,0,756745,570314,0,0.0,0.0,-3562656,-2992342,-0.149,-2992342,-3562656,-3562656,-0.35,-0.35,-0.35,31342486,35001686,31342486,30011402,-8,-10.029,1282625,0.076,1.0,6931735,0.345,0,0,15063273,19718248,4597316,0,0,0,4764083,4761257,2826,45770918,1067455,0,-215170,0,0,-215170,-118964,0,1401589,0,-5866134,-5866134,-5866134,0,0,-0.292,10552478,-3620743,1435981,0.0,1.46,-7.803,-7.743,7095330,0,2.71,2.281,2.286,6314904,818768,20067084,20067084,2705208,-0.148,-0.168,-0.181,-0.178,412266,7847270,1.0,16889638,16924189,16924189,1.186,36106569,426315,2303478,0,2.136,23654719
ISSC,MRY,2016-12-31,2016-09-30,2016-09-30,2018-05-11,0,36488969,37759998,29369459,7119510,0.741,1.94,-351654,18767661,18767661,11482323,1986801,8.219,0.111,0,0,0,0,179585,493361,0,0.0,0.0,2555131,3048492,0.109,3048492,2555131,2555131,0.12,0.12,0.12,32848004,32500245,32848004,36409018,14,11.943,3210399,0.19,1.0,16487380,0.589,0,0,14148044,15459954,3645828,0,0,0,3640965,3573264,67701,53939228,2485622,0,-724777,0,0,-724777,-351654,0,3562053,0,1986801,1986801,1986801,0,0,0.071,14044193,2443187,1503771,0.0,1.642,27.149,26.583,6962562,0,3.19,1.928,1.931,6108763,2805569,27969703,27969703,4873328,0.053,0.061,0.165,0.091,243495,9170865,1.0,16908849,16927055,17039296,1.652,36488969,0,568330,67701,2.155,25796195
ISSC,MRY,2017-12-31,2017-09-30,2017-09-30,2018-05-11,0,41037764,39960464,34181438,6856326,0.42,2.244,-153038,24680301,24680301,8668348,4568627,10.168,0.091,0,0,0,0,280354,449189,0,0.0,0.0,4816547,5265736,0.314,5265736,4816547,4816547,0.27,0.27,0.27,37608380,36207760,37608380,36109248,7,6.857,5912640,0.353,1.0,8118326,0.484,0,0,12995821,13396573,4179654,0,0,0,3429384,3361642,67742,61090589,5912640,0,0,0,0,0,-153038,0,6065678,0,4568627,4568627,4568627,0,0,0.272,8195891,-77565,1321251,0.0,1.624,13.372,13.481,6669011,0,3.64,3.639,3.63,4229419,7374196,16786674,16786674,4456657,0.114,0.126,0.36,0.287,191749,3739234,1.0,16783129,16742461,16855644,1.003,41037764,0,247920,67742,2.448,30819796
