ticker,dimension,calendardate,datekey,reportperiod,lastupdated,accoci,assets,assetsavg,assetsc,assetsnc,assetturnover,bvps,capex,cashneq,cashnequsd,cor,consolinc,currentratio,de,debt,debtc,debtnc,debtusd,deferredrev,depamor,deposits,divyield,dps,ebit,ebitda,ebitdamargin,ebitdausd,ebitusd,ebt,eps,epsdil,epsusd,equity,equityavg,equityusd,ev,evebit,evebitda,fcf,fcfps,fxusd,gp,grossmargin,intangibles,intexp,invcap,invcapavg,inventory,investments,investmentsc,investmentsnc,liabilities,liabilitiesc,liabilitiesnc,marketcap,ncf,ncfbus,ncfcommon,ncfdebt,ncfdiv,ncff,ncfi,ncfinv,ncfo,ncfx,netinc,netinccmn,netinccmnusd,netincdis,netincnci,netmargin,opex,opinc,payables,payoutratio,pb,pe,pe1,ppnenet,prefdivis,price,ps,ps1,receivables,retearn,revenue,revenueusd,rnd,roa,roe,roic,ros,sbcomp,sgna,sharefactor,sharesbas,shareswa,shareswadil,sps,tangibles,taxassets,taxexp,taxliabilities,tbvps,workingcapital
IX,MRY,2011-12-31,2011-03-31,2011-03-31,2017-07-06,-96180000000,8581582000000,8160691000000,,,0.115,1196.899,-416769000000,855340000000,10318925169,328104000000,71353000000,,5.462,5009901000000,,,60440051356,0,163546000000,1065175000000,0.011,0.05,212822000000,376368000000,0.4,4540549054,2567510337,90694000000,307.1,259.15,3.705,1319341000000,1309012500000,15916689331,42714696866,16,9.407,-204389000000,-185.421,82.89,612902000000,0.651,0,122128000000,12736143000000,12084328500000,108410000000,6478919000000,,,7206652000000,,,1026681735,93040000000,7698000000,0,-503159000000,-8061000000,-363590000000,251598000000,681304000000,212380000000,-7348000000,66021000000,66021000000,796485325,-6394000000,5332000000,0.07,397560000000,215342000000,304354000000,0.013,0.065,1.289,1.257,337833000000,0,4.657,0.09,0.452,182013000000,1141559000000,941006000000,11352410150,0,0.008,0.05,0.018,0.226,0,202046000000,0.2,1102299480,1102299480,,10.299,8581582000000,0,24673000000,182501000000,7785.164,
IX,MRY,2012-12-31,2012-03-31,2012-03-31,2017-07-06,-96056000000,8332830000000,8457206000000,,,0.114,1252.415,-446203000000,934257000000,11261049456,334609000000,85901000000,,4.979,4725453000000,,,56958160268,0,164185000000,1103514000000,0.01,0.05,237989000000,402174000000,0.417,4847596864,2868596006,128117000000,388.4,325.15,4.682,1380736000000,1350038500000,16642675818,52787002346,18,10.889,-113209000000,-102.688,82.964,630170000000,0.653,0,109872000000,12124026000000,12430084500000,79654000000,6323301000000,,,6874726000000,,,1063872413,54765000000,18974000000,0,-353739000000,-8599000000,-318477000000,41757000000,491915000000,332994000000,-1509000000,83509000000,83509000000,1006574185,-2994000000,2392000000,0.087,381830000000,248340000000,290466000000,0.011,0.064,1.057,1.031,329447000000,0,4.825,0.091,0.457,188108000000,1202450000000,964779000000,11628945818,0,0.01,0.062,0.019,0.247,0,194956000000,0.2,1102458460,1102458460,,10.548,8332830000000,0,44608000000,98127000000,7558.407,
IX,MRY,2013-12-31,2013-03-31,2013-03-31,2017-07-06,-36263000000,8439710000000,8386270000000,,,0.126,1490.73,-573411000000,941571000000,9995497535,525528000000,119058000000,,4.083,4482260000000,,,47582623914,0,177280000000,1078587000000,0.009,0.06,266557000000,443837000000,0.422,4711669793,2829706773,165591000000,514.35,436.85,5.46,1643596000000,1512166000000,17448030755,48940354640,17,10.387,-182107000000,-165.17,94.2,526949000000,0.501,0,100966000000,11980399000000,12052212500000,41489000000,6392220000000,,,6710516000000,,,1401995230,39404000000,-59320000000,0,-445296000000,-9676000000,-467193000000,105657000000,729726000000,391304000000,9636000000,111909000000,111909000000,1187999772,-168000000,7149000000,0.106,252292000000,274657000000,312922000000,0.011,0.08,1.18,1.164,342015000000,0,6.358,0.125,0.627,196626000000,1305044000000,1052477000000,11172849694,0,0.013,0.074,0.022,0.253,0,226329000000,0.2,1102544220,1102544220,,10.134,8439710000000,0,53682000000,143057000000,7654.759,
IX,MRY,2014-12-31,2014-03-31,2014-03-31,2017-07-06,38000000,9066961000000,8753335500000,,,0.157,1537.057,-655859000000,905074000000,8797016537,748178000000,195287000000,,3.604,4160999000000,,,40443518445,0,206670000000,1206413000000,0.014,1.0,368885000000,575555000000,0.418,5594202079,3585438809,285917000000,738.75,716.0,7.18,1919346000000,1781471000000,18655401107,53838339229,15,9.624,-177853000000,-142.429,102.884,627114000000,0.456,0,82968000000,12322886000000,12151642500000,106031000000,6216350000000,,,6917419000000,,,17599385827,-8257000000,-124241000000,0,-396389000000,-15878000000,-277704000000,-215314000000,575882000000,478006000000,6755000000,187364000000,187364000000,1821115407,-7501000000,7923000000,0.136,333109000000,294005000000,263823000000,0.139,0.943,9.664,9.814,423923000000,0,70.47,1.317,6.583,193369000000,1468172000000,1375292000000,13367378211,0,0.021,0.105,0.03,0.268,0,316851000000,0.2,1248714760,1248714760,,10.705,9066961000000,0,98553000000,311871000000,7261.035,
IX,MRY,2015-12-31,2015-03-31,2015-03-31,2017-07-06,30373000000,11443628000000,10255294500000,,,0.212,1627.029,-716755000000,913079000000,7614683642,1337802000000,255257000000,,4.209,4417730000000,,,36841956028,0,229583000000,1287380000000,0.0,0.0,396652000000,626235000000,0.288,5222528840,3307905993,324005000000,897.35,896.05,7.484,2152198000000,2035772000000,17948399762,50487872750,15,9.667,-459144000000,-347.106,119.91,836481000000,0.385,0,72647000000,14948279000000,13635582500000,165540000000,8142746000000,,,9058656000000,,,18608835670,9479000000,-51010000000,0,163288000000,-30117000000,213432000000,-467801000000,304040000000,257611000000,6237000000,234948000000,234948000000,1959364625,-297000000,20309000000,0.108,498008000000,338473000000,335936000000,0.0,1.037,9.497,9.399,409656000000,0,70.34,1.026,5.131,348404000000,1672585000000,2174283000000,18132579102,0,0.023,0.115,0.029,0.182,0,427816000000,0.2,1322777628,1322777628,,13.708,11443628000000,0,89057000000,345514000000,8651.211,
IX,MRY,2016-12-31,2016-03-31,2016-03-31,2017-07-06,-6222000000,10992918000000,11218273000000,,,0.211,1745.507,-842735000000,811399000000,7225518625,1559997000000,270990000000,,3.684,4286542000000,,,38171712141,0,244853000000,1398472000000,0.014,0.97,453302000000,698155000000,0.295,6217079335,4036660193,380481000000,993.65,992.6,8.848,2310431000000,2231314500000,20574418040,47196450595,11,7.591,-332173000000,-250.953,112.296,809205000000,0.342,0,72821000000,14468061000000,14708170000000,139950000000,7946956000000,,,8512632000000,,,18898996570,-97098000000,-57465000000,0,-98907000000,-76034000000,-48001000000,-552529000000,356998000000,510562000000,-7130000000,260169000000,260169000000,2316808321,0,10821000000,0.11,444128000000,365077000000,266216000000,0.11,0.919,8.157,8.068,447189000000,0,71.39,0.896,4.479,294638000000,1864241000000,2369202000000,21097774558,0,0.023,0.117,0.031,0.191,0,422692000000,0.2,1323644528,1323644528,,15.939,10992918000000,0,120312000000,358758000000,8305.038,
IX,MRY,2017-12-31,2017-03-31,2017-03-31,2017-07-06,-21270000000,11231895000000,11112406500000,,,0.241,1893.948,-668573000000,1133212000000,10228098994,1823766000000,280926000000,,3.421,4138451000000,,,37352663501,0,253677000000,1614608000000,0.028,2.1,490188000000,743865000000,0.278,6713946603,4424319006,417278000000,1044.4,1043.4,9.427,2507698000000,2409064500000,22633879090,52650784939,11,7.842,-84618000000,-63.908,110.794,854893000000,0.319,0,72910000000,14237134000000,14352597500000,117863000000,7824413000000,,,8577722000000,,,19683458537,309450000000,22049000000,0,-136050000000,-61299000000,-33459000000,-237608000000,435502000000,583955000000,-3438000000,273239000000,273239000000,2466189504,0,7687000000,0.102,446151000000,408742000000,251800000000,0.223,0.87,7.981,7.885,509717000000,0,74.33,0.814,4.071,283427000000,2077474000000,2678659000000,24176931963,0,0.025,0.113,0.034,0.183,0,418746000000,0.2,1324058828,1324058828,,18.26,11231895000000,0,144039000000,445712000000,8482.927,
