ticker,dimension,calendardate,datekey,reportperiod,lastupdated,accoci,assets,assetsavg,assetsc,assetsnc,assetturnover,bvps,capex,cashneq,cashnequsd,cor,consolinc,currentratio,de,debt,debtc,debtnc,debtusd,deferredrev,depamor,deposits,divyield,dps,ebit,ebitda,ebitdamargin,ebitdausd,ebitusd,ebt,eps,epsdil,epsusd,equity,equityavg,equityusd,ev,evebit,evebitda,fcf,fcfps,fxusd,gp,grossmargin,intangibles,intexp,invcap,invcapavg,inventory,investments,investmentsc,investmentsnc,liabilities,liabilitiesc,liabilitiesnc,marketcap,ncf,ncfbus,ncfcommon,ncfdebt,ncfdiv,ncff,ncfi,ncfinv,ncfo,ncfx,netinc,netinccmn,netinccmnusd,netincdis,netincnci,netmargin,opex,opinc,payables,payoutratio,pb,pe,pe1,ppnenet,prefdivis,price,ps,ps1,receivables,retearn,revenue,revenueusd,rnd,roa,roe,roic,ros,sbcomp,sgna,sharefactor,sharesbas,shareswa,shareswadil,sps,tangibles,taxassets,taxexp,taxliabilities,tbvps,workingcapital
JEC,MRY,2011-12-31,2011-09-30,2011-09-30,2018-05-08,-237538000,6199226000,5695698000,3180091000,3019135000,1.823,25.974,-94889000,905633000,905633000,8822171000,335221000,1.466,0.868,568073000,566031000,2042000,568073000,276739000,95370000,0,0.0,0.0,521268000,616638000,0.059,616638000,521268000,512469000,2.63,2.6,2.63,3312988000,3110749750,3312988000,3896020519,7,6.318,141601000,1.11,1.0,1559493000,0.15,1872768000,8799000,1820372000,1850534750,0,0,0,0,2875841000,2168526000,707315000,4118641519,-33209000,-711421000,45943000,504153000,0,556933000,-801836000,4474000,236490000,-24796000,331029000,331029000,331029000,0,4192000,0.032,1040575000,518918000,351299000,0.0,1.243,12.442,12.278,284633000,0,32.29,0.397,0.397,2077494000,2564281000,10381664000,10381664000,0,0.058,0.106,0.282,0.05,22247000,1040575000,1.0,127551611,127551611,,81.392,4326458000,133418000,181440000,37166000,33.919,1011565000
JEC,MRY,2012-12-31,2012-09-28,2012-09-28,2018-05-08,-281887000,6839433000,6445011250,3612077000,3227356000,1.69,28.692,-102574000,1032457000,1032457000,9166789000,390954000,2.068,0.828,528260000,0,528260000,528260000,263275000,100824000,0,0.0,0.0,593022000,693846000,0.064,693846000,593022000,581336000,2.97,2.94,2.97,3722473000,3590938000,3722473000,4859292866,8,7.003,197231000,1.52,1.0,1726989000,0.159,2010340000,11686000,2577844000,2313386000,0,0,0,0,3080544000,1747052000,1333492000,5245435866,126824000,-91575000,43568000,-48740000,0,-2724000,-181127000,-23000,299805000,10870000,378954000,378954000,378954000,0,12000000,0.035,1130916000,596073000,376694000,0.0,1.409,13.842,13.613,331131000,0,40.43,0.482,0.482,2348892000,2920441000,10893778000,10893778000,0,0.059,0.106,0.256,0.054,28485000,1130916000,1.0,129741179,129741179,,83.965,4829093000,142369000,202382000,45114000,37.221,1865025000
JEC,MRY,2013-12-31,2013-09-27,2013-09-27,2018-05-08,-304127000,7274144000,7033075500,4039558000,3234586000,1.68,32.047,-127270000,1256405000,1256405000,9976057000,440182000,2.14,0.718,437869000,22783000,415086000,437869000,345097000,98874000,0,0.0,0.0,657365000,756239000,0.064,756239000,657365000,644459000,3.27,3.23,3.27,4213097000,4022331500,4213097000,6746868564,10,8.922,321246000,2.444,1.0,1842319000,0.156,2240735000,12906000,2327254000,2431368250,0,0,0,0,3025809000,1887619000,1138190000,7597409564,223948000,-34085000,46079000,-94599000,0,-59707000,-157083000,-4000,448516000,-7778000,423093000,423093000,423093000,0,17089000,0.036,1173340000,668979000,457893000,0.0,1.803,17.957,17.673,379296000,0,57.79,0.643,0.643,2548990000,3300961000,11818376000,11818376000,0,0.06,0.105,0.27,0.056,42731000,1173340000,1.0,131465817,131465817,,89.897,5033409000,131086000,221366000,32030000,38.287,2151939000
JEC,MRY,2014-12-31,2014-09-26,2014-09-26,2018-05-08,-363549000,8453659000,8365859750,3892071000,4561588000,1.517,33.589,-121732000,732647000,732647000,10621373000,352112000,1.656,0.883,800807000,36732000,764075000,800807000,410683000,145412000,0,0.0,0.0,529599000,675011000,0.053,675011000,529599000,518162000,2.51,2.48,2.51,4469255000,4428188500,4469255000,6668425660,12,9.879,599984000,4.509,1.0,2073784000,0.163,3466541000,11437000,2705432000,2921183500,0,0,0,0,3947999000,2349846000,1598153000,6610271660,-523758000,-1384342000,-33695000,346040000,0,304920000,-1518782000,-25079000,721716000,-31612000,328108000,328108000,328108000,0,24004000,0.026,1545716000,528068000,622875000,0.0,1.479,20.147,19.793,456797000,0,49.68,0.521,0.521,2867555000,3527193000,12695157000,12695157000,0,0.039,0.074,0.181,0.042,44744000,1545716000,1.0,133056998,133056998,,95.411,4987118000,169893000,190054000,0,37.481,1542225000
JEC,MRY,2015-12-31,2015-10-02,2015-10-02,2018-05-08,-464764000,7785926000,7979736250,3122678000,4663248000,1.518,34.667,-88035000,460859000,460859000,10146494000,328882000,1.576,0.799,597798000,13364000,584434000,597798000,309951000,149292000,0,0.0,0.0,423729000,573021000,0.047,573021000,423729000,404226000,2.42,2.4,2.42,4291745000,4362893250,4291745000,4761262437,11,8.309,396537000,3.203,1.0,1968338000,0.162,3402197000,19503000,2539502000,2629673750,0,0,0,0,3429468000,1981166000,1448302000,4630073437,-271788000,-8101000,-389094000,-158227000,0,-553314000,-96123000,13000,484572000,-106923000,302971000,302971000,302971000,0,25911000,0.025,1522811000,445527000,566866000,0.0,1.079,15.282,15.455,381238000,0,37.4,0.382,0.382,2548743000,3496212000,12114832000,12114832000,0,0.038,0.069,0.161,0.035,40175000,1522811000,1.0,123798755,123798755,,97.859,4383729000,0,101255000,0,35.41,1141512000
JEC,MRY,2016-12-31,2016-09-30,2016-09-30,2018-05-08,-610594000,7360022000,7528367500,2864470000,4495552000,1.456,35.126,-67236000,655716000,655716000,9196326000,214515000,1.607,0.71,387751000,2421000,385330000,387751000,319460000,129971000,0,0.0,0.0,297931000,427902000,0.039,427902000,297931000,282671000,1.75,1.73,1.75,4265276000,4342857000,4265276000,6151816348,20,14.377,612937000,5.048,1.0,1767831000,0.161,3416550000,15260000,1892821000,2236589250,0,0,0,0,3029840000,1782686000,1247154000,6280266348,194857000,-68982000,-109410000,-202138000,0,-317026000,-139621000,-3403000,680173000,-28669000,210463000,210463000,210463000,0,4052000,0.019,1429233000,338598000,522427000,0.0,1.472,29.84,29.554,319673000,0,51.72,0.573,0.573,2115663000,3586647000,10964157000,10964157000,0,0.028,0.048,0.133,0.027,31993000,1429233000,1.0,121428197,121428197,,90.293,3943472000,0,72208000,0,32.476,1081784000
JEC,MRY,2017-12-31,2017-09-29,2017-09-29,2018-05-08,-653514000,7380859000,7205413500,2996180000,4384679000,1.391,36.806,-115673000,774151000,774151000,8250536000,287375000,1.555,0.653,238071000,3071000,235000000,238071000,299864000,122513000,0,0.008,0.45,411604000,534117000,0.053,534117000,411604000,399569000,2.43,2.42,2.43,4428352000,4209720000,4428352000,6537485809,15,12.24,459208000,3.817,1.0,1772252000,0.177,3342746000,12035000,1575806000,1750895750,0,0,0,0,2893508000,1926227000,967281000,7010761809,118435000,-152226000,-34535000,-152129000,-54234000,-242580000,-236198000,31701000,574881000,22332000,293727000,293727000,293727000,0,-6352000,0.029,1379983000,392269000,683605000,0.185,1.583,23.868,23.979,349911000,0,58.27,0.699,0.699,2102543000,3721698000,10022788000,10022788000,0,0.041,0.07,0.235,0.041,35887000,1379983000,1.0,120315116,120315116,,83.304,4038113000,0,105842000,0,33.563,1069953000
