ticker,dimension,calendardate,datekey,reportperiod,lastupdated,accoci,assets,assetsavg,assetsc,assetsnc,assetturnover,bvps,capex,cashneq,cashnequsd,cor,consolinc,currentratio,de,debt,debtc,debtnc,debtusd,deferredrev,depamor,deposits,divyield,dps,ebit,ebitda,ebitdamargin,ebitdausd,ebitusd,ebt,eps,epsdil,epsusd,equity,equityavg,equityusd,ev,evebit,evebitda,fcf,fcfps,fxusd,gp,grossmargin,intangibles,intexp,invcap,invcapavg,inventory,investments,investmentsc,investmentsnc,liabilities,liabilitiesc,liabilitiesnc,marketcap,ncf,ncfbus,ncfcommon,ncfdebt,ncfdiv,ncff,ncfi,ncfinv,ncfo,ncfx,netinc,netinccmn,netinccmnusd,netincdis,netincnci,netmargin,opex,opinc,payables,payoutratio,pb,pe,pe1,ppnenet,prefdivis,price,ps,ps1,receivables,retearn,revenue,revenueusd,rnd,roa,roe,roic,ros,sbcomp,sgna,sharefactor,sharesbas,shareswa,shareswadil,sps,tangibles,taxassets,taxexp,taxliabilities,tbvps,workingcapital
JJSF,MRY,2011-12-31,2011-09-24,2011-09-24,2018-05-03,-3914000,550816000,515532000,259850000,290966000,1.443,23.035,-28730000,87479000,87479000,514297000,55063000,3.426,0.274,801000,278000,523000,801000,0,30234000,0,0.01,0.47,84204000,114438000,0.154,114438000,84204000,84066000,2.95,2.93,2.95,432388000,408002000,432388000,809726426,9,7.076,51726000,2.77,1.0,229774000,0.309,122075000,138000,266215000,233218500,63461000,67506000,25506000,42000000,118428000,75848000,42580000,888688426,12814000,-8806000,5377000,-244000,-8540000,-3407000,-63905000,-25725000,80456000,-330000,55063000,55063000,55063000,0,0,0.074,153191000,76583000,55918000,0.159,2.055,16.139,16.132,124650000,0,47.59,1.194,1.194,75000000,391285000,744071000,744071000,0,0.107,0.135,0.361,0.113,918000,153191000,1.0,18673848,18672000,18789000,39.85,428741000,4208000,29003000,41050000,22.841,184002000
JJSF,MRY,2012-12-31,2012-09-29,2012-09-29,2018-05-03,-3132000,603044000,577196500,308068000,294976000,1.439,25.203,-41762000,154198000,154198000,580611000,54118000,3.78,0.268,687000,340000,347000,687000,0,30937000,0,0.009,0.52,86359000,117296000,0.141,117296000,86359000,86286000,2.87,2.86,2.87,475487000,456119250,475487000,975626852,11,8.318,47663000,2.528,1.0,250185000,0.301,125363000,73000,242665000,264296750,69761000,26212000,1214000,24998000,127557000,81505000,46052000,1084515852,66719000,-7900000,-3939000,-312000,-9549000,-13800000,-9318000,41294000,89425000,412000,54118000,54118000,54118000,0,0,0.065,165218000,84967000,52755000,0.181,2.281,20.04,19.976,141544000,0,57.33,1.305,1.301,76414000,435608000,830796000,830796000,0,0.094,0.119,0.327,0.104,1246000,164760000,1.0,18917074,18854000,18917000,44.065,477681000,4261000,32168000,45836000,25.32,226563000
JJSF,MRY,2013-12-31,2013-09-28,2013-09-28,2018-05-03,-5930000,645661000,627842250,264717000,380944000,1.382,27.582,-34622000,97345000,97345000,604381000,64381000,3.18,0.25,347000,211000,136000,347000,0,33552000,0,0.008,0.64,100896000,134448000,0.155,134448000,100896000,100790000,3.43,3.41,3.43,516565000,499386750,516565000,1437413014,14,10.691,51926000,2.764,1.0,263302000,0.303,120911000,106000,344513000,333359250,71785000,109920000,256000,109664000,129096000,83239000,45857000,1516260014,-56853000,0,-10552000,-340000,-11468000,-22360000,-120837000,-85934000,86548000,-204000,64381000,64381000,64381000,0,0,0.074,165898000,97404000,50906000,0.187,2.935,23.551,23.554,147164000,0,80.79,1.747,1.749,87545000,487979000,867683000,867683000,0,0.103,0.129,0.303,0.116,1870000,165898000,1.0,18767917,18785000,18878000,46.19,524750000,4502000,36409000,46923000,28.02,181478000
JJSF,MRY,2014-12-31,2014-09-27,2014-09-27,2018-05-03,-5988000,704773000,682034750,275606000,429167000,1.348,30.162,-37813000,91760000,91760000,631874000,71814000,2.872,0.253,520000,146000,374000,520000,0,37093000,0,0.014,1.28,111321000,148414000,0.161,148414000,111321000,111206000,3.85,3.82,3.85,562518000,542017500,562518000,1689902878,15,11.386,69283000,3.71,1.0,287577000,0.313,137431000,115000,380145000,370429000,76083000,130117000,0,130117000,142255000,95957000,46298000,1757083878,-5585000,-28360000,-4185000,-326000,-20924000,-25435000,-86666000,-19687000,107096000,-580000,71814000,71814000,71814000,0,0,0.078,180729000,106848000,59968000,0.332,3.124,24.467,24.478,157529000,0,94.24,1.911,1.914,99972000,535885000,919451000,919451000,0,0.105,0.132,0.301,0.121,2076000,179575000,1.0,18644778,18677000,18807000,49.229,567342000,4096000,39392000,44785000,30.42,179649000
JJSF,MRY,2015-12-31,2015-09-26,2015-09-26,2018-05-03,-10897000,739669000,723693000,325552000,414117000,1.349,32.097,-46855000,133689000,133689000,675366000,70183000,3.352,0.233,1469000,273000,1196000,1469000,0,38271000,0,0.012,1.44,112045000,150316000,0.154,150316000,112045000,111919000,3.76,3.73,3.76,599919000,581341250,599919000,2078624788,18,13.828,57066000,3.054,1.0,300890000,0.308,132261000,126000,378072000,382486500,82657000,106298000,0,106298000,139750000,97116000,42634000,2203637788,41929000,-615000,-3348000,-243000,-26154000,-29745000,-28491000,19877000,103921000,-3756000,70183000,70183000,70183000,0,0,0.072,190002000,110888000,59206000,0.383,3.673,31.398,31.343,172054000,0,117.85,2.257,2.256,102649000,579163000,976256000,976256000,0,0.097,0.121,0.293,0.115,2166000,190209000,1.0,18698666,18685000,18819000,52.248,607408000,0,41736000,40523000,32.497,228436000
JJSF,MRY,2016-12-31,2016-09-24,2016-09-24,2018-05-03,-13415000,790487000,762116250,355104000,435383000,1.303,34.193,-46415000,140652000,140652000,688314000,75975000,3.472,0.239,1600000,365000,1235000,1600000,0,40123000,0,0.013,1.56,116942000,157065000,0.158,157065000,116942000,116819000,4.07,4.05,4.07,637974000,616039500,637974000,2125851496,18,13.535,74810000,4.011,1.0,304467000,0.307,128261000,123000,420883000,423738000,88684000,133736000,13539000,120197000,152513000,102291000,50222000,2228482496,6963000,0,-8695000,-355000,-28523000,-37573000,-74602000,-28562000,121225000,-2087000,75975000,75975000,75975000,0,0,0.077,191657000,112810000,62026000,0.383,3.493,29.332,29.346,184213000,0,119.44,2.245,2.244,98325000,626057000,992781000,992781000,0,0.1,0.123,0.276,0.118,2375000,191376000,1.0,18657757,18649000,18769000,53.235,662226000,0,40844000,48186000,35.493,252813000
JJSF,MRY,2017-12-31,2017-09-30,2017-09-30,2018-05-03,-8875000,867228000,838055500,381832000,485396000,1.294,36.48,-70245000,90962000,90962000,753201000,79174000,3.207,0.271,1244000,340000,904000,1244000,0,42445000,0,0.013,1.68,123396000,165841000,0.153,165841000,123396000,122200000,4.23,4.21,4.23,682322000,664508500,682322000,2369095512,19,14.285,55104000,2.946,1.0,331023000,0.305,163783000,1196000,494683000,470607750,103268000,150281000,59113000,91168000,184906000,119044000,65862000,2460382512,-49690000,-47698000,-10998000,-356000,-30859000,-42213000,-135319000,-16926000,125349000,2493000,79174000,79174000,79174000,0,0,0.073,212916000,118107000,72729000,0.397,3.606,31.076,31.04,227581000,0,131.3,2.269,2.265,124553000,673815000,1084224000,1084224000,0,0.094,0.119,0.262,0.114,3048000,213061000,1.0,18738633,18707000,18816000,57.958,703445000,0,43026000,62705000,37.609,262788000
