ticker,dimension,calendardate,datekey,reportperiod,lastupdated,accoci,assets,assetsavg,assetsc,assetsnc,assetturnover,bvps,capex,cashneq,cashnequsd,cor,consolinc,currentratio,de,debt,debtc,debtnc,debtusd,deferredrev,depamor,deposits,divyield,dps,ebit,ebitda,ebitdamargin,ebitdausd,ebitusd,ebt,eps,epsdil,epsusd,equity,equityavg,equityusd,ev,evebit,evebitda,fcf,fcfps,fxusd,gp,grossmargin,intangibles,intexp,invcap,invcapavg,inventory,investments,investmentsc,investmentsnc,liabilities,liabilitiesc,liabilitiesnc,marketcap,ncf,ncfbus,ncfcommon,ncfdebt,ncfdiv,ncff,ncfi,ncfinv,ncfo,ncfx,netinc,netinccmn,netinccmnusd,netincdis,netincnci,netmargin,opex,opinc,payables,payoutratio,pb,pe,pe1,ppnenet,prefdivis,price,ps,ps1,receivables,retearn,revenue,revenueusd,rnd,roa,roe,roic,ros,sbcomp,sgna,sharefactor,sharesbas,shareswa,shareswadil,sps,tangibles,taxassets,taxexp,taxliabilities,tbvps,workingcapital
JOUT,MRY,2011-12-31,2011-09-30,2011-09-30,2018-05-05,18832000,259356000,267211000,176445000,82911000,1.525,17.646,-9354000,44514000,44514000,244287000,32644000,2.715,0.586,14972000,3494000,11478000,14972000,0,10572000,0,0.0,0.0,15470000,26042000,0.064,26042000,15470000,12250000,3.4,3.36,3.4,163525000,145304250,163525000,142749496,9,5.482,21626000,2.335,1.0,163135000,0.4,20054000,3220000,144760000,163031250,68462000,0,0,0,95831000,65000000,30831000,150403496,11198000,-3969000,323000,-8838000,0,-8648000,-13323000,0,30980000,2189000,32644000,32644000,32644000,0,0,0.08,145465000,17670000,28339000,0.0,0.92,4.607,4.524,35158000,0,15.38,0.369,0.35,47209000,82683000,407422000,407422000,14819000,0.122,0.225,0.095,0.038,1436000,130646000,1.0,9779161,9261000,9287000,43.993,239302000,29263000,-20394000,1983000,25.823,111445000
JOUT,MRY,2012-12-31,2012-09-28,2012-09-28,2018-05-05,16117000,263632000,280536250,182952000,80680000,1.47,18.49,-10789000,58904000,58904000,247970000,10134000,3.103,0.519,8860000,526000,8334000,8860000,0,11530000,0,0.0,0.0,22184000,33714000,0.082,33714000,22184000,19926000,1.04,1.03,1.04,173604000,168500250,173604000,185368173,8,5.498,20975000,2.238,1.0,164322000,0.399,18775000,2258000,135846000,166659750,67058000,0,0,0,90028000,58967000,31061000,211637173,14390000,0,856000,-6112000,0,-5256000,-10789000,0,31764000,-1329000,10134000,10134000,10134000,0,0,0.025,142909000,21413000,24559000,0.0,1.219,20.884,20.567,36667000,0,21.39,0.513,0.486,40673000,92817000,412292000,412292000,14732000,0.036,0.06,0.133,0.054,1666000,131677000,1.0,9894211,9371000,9379000,43.997,244857000,23453000,9792000,1276000,26.079,123985000
JOUT,MRY,2013-12-31,2013-09-27,2013-09-27,2018-05-05,19366000,288350000,311943250,188572000,99778000,1.367,20.698,-16333000,55694000,55694000,255412000,19327000,2.976,0.459,8333000,539000,7794000,8333000,0,9755000,0,0.0,0.0,25945000,35700000,0.084,35700000,25945000,24660000,1.98,1.95,1.98,197668000,186773250,197668000,240120946,9,6.726,13670000,1.436,1.0,171049000,0.401,36121000,1285000,141496000,169630250,76363000,0,0,0,90682000,63372000,27310000,264334946,-3210000,-15420000,-174000,-528000,0,-1041000,-31753000,0,30003000,-419000,19327000,19327000,19327000,0,0,0.045,145458000,25591000,26466000,0.0,1.337,13.677,13.434,43394000,0,26.6,0.62,0.594,44104000,112144000,426461000,426461000,15346000,0.062,0.103,0.153,0.061,1488000,130112000,1.0,9937404,9517000,9523000,44.81,252229000,15908000,5333000,2414000,26.411,125200000
JOUT,MRY,2014-12-31,2014-10-03,2014-10-03,2018-05-05,12778000,288626000,314693000,197550000,91076000,1.352,20.54,-11887000,70793000,70793000,256797000,9123000,3.28,0.454,7791000,360000,7431000,7791000,0,10743000,0,0.012,0.3,18210000,28953000,0.068,28953000,18210000,17422000,0.93,0.9,0.93,198458000,200406750,198458000,213108010,11,7.36,21331000,2.215,1.0,168613000,0.396,26934000,788000,138458000,187437000,66341000,0,0,0,90168000,60232000,29936000,257331010,15099000,0,33000,-542000,-2955000,-3498000,-11887000,0,33218000,-2734000,9123000,9123000,9123000,0,0,0.021,151922000,16691000,27896000,0.323,1.297,28.207,27.72,46100000,0,25.78,0.605,0.584,44452000,117573000,425410000,425410000,16467000,0.029,0.046,0.097,0.043,1744000,126980000,1.0,9981808,9632000,9635000,44.166,261692000,13713000,8299000,1966000,27.085,137318000
JOUT,MRY,2015-12-31,2015-10-02,2015-10-02,2018-05-05,3637000,299204000,316455500,198721000,100483000,1.36,20.259,-10394000,69159000,69159000,258756000,10616000,2.857,0.511,7430000,368000,7062000,7430000,0,11702000,0,0.014,0.3,16618000,28320000,0.066,28320000,16618000,15753000,1.08,1.06,1.08,197968000,193558000,197968000,169454601,10,5.984,7662000,0.788,1.0,171733000,0.399,25980000,865000,141941000,185603750,79919000,0,0,0,101236000,69554000,31682000,215850601,-1634000,0,-663000,-360000,-2966000,-3989000,-10394000,0,18056000,-5307000,10616000,10616000,10616000,0,0,0.025,153880000,17853000,28455000,0.278,1.09,20.333,19.972,45287000,0,21.57,0.501,0.487,44798000,125173000,430489000,430489000,16483000,0.034,0.055,0.09,0.039,1606000,137397000,1.0,10006982,9727000,9727000,44.257,273224000,15867000,5137000,5019000,27.96,129167000
JOUT,MRY,2016-12-31,2016-09-30,2016-09-30,2018-05-05,2354000,310279000,328175750,201968000,108311000,1.322,21.044,-11589000,87294000,87294000,257265000,13501000,2.985,0.495,7389000,381000,7008000,7389000,0,11833000,0,0.009,0.32,24382000,36215000,0.083,36215000,24382000,23655000,1.36,1.34,1.36,207496000,205716500,207496000,296612714,12,8.19,31845000,3.237,1.0,176462000,0.407,25658000,727000,137062000,178721500,68397000,0,0,0,102783000,67654000,35129000,364767714,18135000,-9152000,-1235000,-332000,-3169000,-4736000,-20741000,0,43434000,178000,13501000,13501000,13501000,0,0,0.031,153568000,22894000,24521000,0.235,1.758,27.018,26.743,48998000,0,36.37,0.841,0.825,41522000,135405000,433727000,433727000,18430000,0.041,0.066,0.136,0.056,1832000,128941000,1.0,10029357,9839000,9855000,44.082,284621000,19063000,10154000,2907000,28.866,134314000
JOUT,MRY,2017-12-31,2017-09-29,2017-09-29,2018-05-05,4993000,353659000,341846250,240849000,112810000,1.435,24.541,-11401000,63810000,63810000,279625000,35157000,2.865,0.455,0,0,0,0,0,13080000,0,0.005,0.36,48967000,62047000,0.126,62047000,48967000,48210000,3.56,3.51,3.56,243004000,227772000,243004000,678780462,13,10.94,34949000,3.535,1.0,210940000,0.43,24714000,757000,181058000,190138750,79148000,46607000,46607000,0,110655000,84077000,26578000,732521462,-23484000,0,-616000,-7376000,-3559000,-11551000,-58008000,-46607000,46350000,-275000,35157000,35157000,35157000,0,0,0.072,165349000,45591000,31686000,0.101,3.014,20.836,20.584,48938000,0,73.28,1.493,1.477,46814000,166905000,490565000,490565000,19166000,0.103,0.154,0.258,0.1,1986000,146183000,1.0,9996199,9887000,9920000,49.617,328945000,22632000,13053000,7279000,33.22,156772000
