ticker,dimension,calendardate,datekey,reportperiod,lastupdated,accoci,assets,assetsavg,assetsc,assetsnc,assetturnover,bvps,capex,cashneq,cashnequsd,cor,consolinc,currentratio,de,debt,debtc,debtnc,debtusd,deferredrev,depamor,deposits,divyield,dps,ebit,ebitda,ebitdamargin,ebitdausd,ebitusd,ebt,eps,epsdil,epsusd,equity,equityavg,equityusd,ev,evebit,evebitda,fcf,fcfps,fxusd,gp,grossmargin,intangibles,intexp,invcap,invcapavg,inventory,investments,investmentsc,investmentsnc,liabilities,liabilitiesc,liabilitiesnc,marketcap,ncf,ncfbus,ncfcommon,ncfdebt,ncfdiv,ncff,ncfi,ncfinv,ncfo,ncfx,netinc,netinccmn,netinccmnusd,netincdis,netincnci,netmargin,opex,opinc,payables,payoutratio,pb,pe,pe1,ppnenet,prefdivis,price,ps,ps1,receivables,retearn,revenue,revenueusd,rnd,roa,roe,roic,ros,sbcomp,sgna,sharefactor,sharesbas,shareswa,shareswadil,sps,tangibles,taxassets,taxexp,taxliabilities,tbvps,workingcapital
JVA,MRY,2011-12-31,2011-10-31,2011-10-31,2018-03-07,0,38778691,31557320,35680576,3098115,4.65,3.788,-526518,4244335,4244335,138210277,845983,2.221,0.766,1820109,1820109,0,1820109,0,433199,0,0.011,0.12,1330973,1764172,0.012,1764172,1330973,1041452,0.15,0.14,0.15,21906758,16754807,21906758,60316156,45,34.189,-4579078,-0.823,1.0,8544888,0.058,758750,289521,19528534,16620901,13475855,0,0,0,16788709,16067181,721528,57376392,2571414,0,8331790,-486640,-694658,7150492,-526518,0,-4052560,0,811930,811930,811930,0,34053,0.006,7345152,1199736,14393893,0.8,2.619,70.667,69.6,1661759,0,10.44,0.391,0.396,16021581,6268326,146755165,146755165,0,0.026,0.048,0.08,0.009,0,7345152,1.0,5495823,5563802,5835802,26.377,38019941,1274372,229522,36000,6.575,19613395
JVA,MRY,2012-12-31,2012-10-31,2012-10-31,2018-03-07,0,38247752,35541893,33124723,5123029,4.886,3.706,-569899,7568583,7568583,161649282,2584398,2.414,0.612,562500,562500,0,562500,0,447404,0,0.019,0.12,4151151,4598555,0.026,4598555,4151151,3956058,0.39,0.37,0.39,23617679,23350387,23617679,40916324,9,8.898,7456613,1.17,1.0,12006933,0.069,751250,195093,16770301,19729596,11303581,1931931,0,1931931,14448128,13720118,728010,40910223,3324248,0,0,-1257609,-774756,-2032365,-2669899,-2100000,8026512,0,2485677,2485677,2485677,0,98721,0.014,7607269,4399664,13303164,0.308,1.732,16.458,16.462,1791754,0,6.42,0.236,0.236,12633128,7979247,173656215,173656215,0,0.07,0.106,0.21,0.024,0,7607269,1.0,6372309,6372309,6639309,27.252,37496502,765418,1470381,53777,5.884,19404605
JVA,MRY,2013-12-31,2013-10-31,2013-10-31,2018-03-07,0,32399022,32686213,28878246,3520776,4.099,3.413,-768029,4035669,4035669,128011678,-1327883,3.053,0.474,1229182,1229182,0,1229182,0,506934,0,0.011,0.06,-1767818,-1260884,-0.009,-1260884,-1767818,-1874002,-0.23,-0.23,-0.23,21750065,22838410,21750065,33844901,-19,-26.842,-4044288,-0.635,1.0,5969081,0.045,743750,106184,19390741,18664256,9373018,98178,0,98178,10314660,9458044,856616,34028130,-3532914,0,0,666682,-387377,279305,-535960,232069,-3276259,0,-1480235,-1480235,-1480235,0,152352,-0.011,7521910,-1552829,8424314,-0.261,1.565,-22.988,-23.217,2060350,0,5.34,0.254,0.254,12362792,6111633,133980759,133980759,0,-0.045,-0.065,-0.095,-0.013,0,7521910,1.0,6372309,6372309,6372309,21.025,31655272,2330983,-393767,145666,4.968,19420202
JVA,MRY,2014-12-31,2014-10-31,2014-10-31,2018-03-07,0,38952632,33951110,35484335,3468297,3.206,4.119,-504644,3782639,3782639,93334118,5018120,2.955,0.501,2498458,2498458,0,2498458,0,581400,0,0.0,0.0,7995130,8576530,0.079,8576530,7995130,7914637,0.78,0.78,0.78,25721871,24426973,25721871,35989253,4,4.196,-474578,-0.075,1.0,15528979,0.143,736250,80493,24924668,21860880,15210153,97404,0,97404,12897879,12007533,890346,35878665,-253030,0,-995729,1269277,-52000,221548,-504644,0,30066,0,4967535,4967535,4967535,0,50585,0.046,7527452,8001527,9387664,0.0,1.395,7.223,7.333,1991094,0,5.72,0.33,0.333,15419860,11079168,108863097,108863097,0,0.146,0.203,0.366,0.073,0,7527452,1.0,6272494,6333212,6333212,17.189,38216382,344416,2947102,496208,6.12,23476802
JVA,MRY,2015-12-31,2015-10-31,2015-10-31,2018-03-07,0,35274642,37468722,31993822,3280820,3.153,3.882,-391796,3853816,3853816,112436831,-1329530,3.181,0.451,5554121,5554121,0,5554121,0,545390,0,0.0,0.0,-1976801,-1431411,-0.012,-1431411,-1976801,-2176875,-0.23,-0.23,-0.23,24081793,24374212,24081793,27370830,-13,-19.122,-2677636,-0.431,1.0,5716710,0.048,728750,200074,26186852,26460989,13862818,96571,0,96571,10856269,10059345,796924,26417549,71177,0,-226850,3055663,-80000,2748813,-391796,0,-2285840,0,-1413228,-1413228,-1413228,0,83698,-0.012,7654029,-1937319,4727279,0.0,1.097,-18.693,-18.478,1845000,0,4.25,0.224,0.223,10968237,9665940,118153541,118153541,0,-0.038,-0.058,-0.075,-0.017,0,7654029,1.0,6215894,6212929,6212929,19.017,34545892,2432297,-763647,92370,5.568,21934477
JVA,MRY,2016-12-31,2016-10-31,2016-10-31,2018-03-07,0,37023893,35184853,32691440,4332453,2.244,4.105,-963435,3227981,3227981,67066050,2350042,2.966,0.485,6958375,6958375,0,6958375,0,587572,0,0.0,0.0,3765518,4353090,0.055,4353090,3765518,3578208,0.36,0.36,0.36,24539203,24873541,24539203,36658543,9,8.421,644353,0.106,1.0,11882178,0.151,1417655,187310,28314634,26682090,14276290,95598,0,95598,11910352,11021998,888354,31230609,-625835,-819564,-1754878,1404254,-100000,-450624,-1782999,0,1607788,0,2212288,2212288,2212288,0,137754,0.028,8019110,3863068,4293789,0.0,1.273,14.117,14.396,2269863,0,5.182,0.396,0.399,13652614,11878228,78948228,78948228,0,0.063,0.089,0.141,0.048,0,8019110,1.0,6026283,6082777,6082777,12.979,35606238,563522,1365920,168520,5.956,21669442
JVA,MRY,2017-12-31,2017-10-31,2017-10-31,2018-03-07,0,40000410,37435646,33316013,6684397,2.06,4.267,-679921,2325650,2325650,64977632,732840,2.553,0.577,8407527,8407527,0,8407527,0,762043,0,0.0,0.0,975619,1737662,0.023,1737662,975619,711358,0.08,0.08,0.08,24951549,24975281,24951549,29154459,29,16.778,796712,0.136,1.0,12149963,0.158,3313139,264261,29718787,28136111,16310572,94643,0,94643,14408949,13050361,1358588,24435858,-902331,-2893275,-254920,1449152,0,1194232,-3573196,0,1476633,0,467262,467262,467262,0,265578,0.006,10927246,1222717,4881867,0.0,0.979,52.296,52.125,2439338,0,4.17,0.317,0.317,13441802,12345490,77127595,77127595,0,0.012,0.019,0.035,0.013,0,10927246,1.0,5859918,5858376,5858376,13.165,36687271,812562,244096,631026,6.273,20265652
