ticker,dimension,calendardate,datekey,reportperiod,lastupdated,accoci,assets,assetsavg,assetsc,assetsnc,assetturnover,bvps,capex,cashneq,cashnequsd,cor,consolinc,currentratio,de,debt,debtc,debtnc,debtusd,deferredrev,depamor,deposits,divyield,dps,ebit,ebitda,ebitdamargin,ebitdausd,ebitusd,ebt,eps,epsdil,epsusd,equity,equityavg,equityusd,ev,evebit,evebitda,fcf,fcfps,fxusd,gp,grossmargin,intangibles,intexp,invcap,invcapavg,inventory,investments,investmentsc,investmentsnc,liabilities,liabilitiesc,liabilitiesnc,marketcap,ncf,ncfbus,ncfcommon,ncfdebt,ncfdiv,ncff,ncfi,ncfinv,ncfo,ncfx,netinc,netinccmn,netinccmnusd,netincdis,netincnci,netmargin,opex,opinc,payables,payoutratio,pb,pe,pe1,ppnenet,prefdivis,price,ps,ps1,receivables,retearn,revenue,revenueusd,rnd,roa,roe,roic,ros,sbcomp,sgna,sharefactor,sharesbas,shareswa,shareswadil,sps,tangibles,taxassets,taxexp,taxliabilities,tbvps,workingcapital
K,MRY,2011-12-31,2011-12-31,2011-12-31,2018-05-04,-1006000000,11943000000,12187500000,3069000000,8874000000,1.083,5.001,-594000000,460000000,460000000,7750000000,1229000000,0.926,5.649,6032000000,995000000,5037000000,6032000000,0,369000000,0,0.033,1.67,1967000000,2336000000,0.177,2336000000,1967000000,1734000000,3.4,3.38,3.4,1796000000,2215500000,1796000000,23617226979,12,10.11,1001000000,2.787,1.0,5448000000,0.413,5593000000,233000000,8609000000,9021750000,1174000000,0,0,0,10145000000,3313000000,6832000000,18162226979,16000000,0,-507000000,139000000,-604000000,-957000000,-587000000,0,1595000000,-35000000,1231000000,1231000000,1231000000,0,-2000000,0.093,3472000000,1976000000,1189000000,0.491,10.113,14.754,14.874,3281000000,0,50.57,1.376,1.376,1188000000,5305000000,13198000000,13198000000,0,0.101,0.556,0.218,0.149,0,3472000000,1.0,359150227,359150227,,36.748,6350000000,0,503000000,643000000,17.681,-244000000
K,MRY,2012-12-31,2012-12-29,2012-12-29,2018-05-04,-946000000,15169000000,14199250000,3380000000,11789000000,1.0,6.707,-533000000,281000000,281000000,8763000000,961000000,0.747,5.285,7902000000,1820000000,6082000000,7902000000,0,448000000,0,0.031,1.74,1585000000,2033000000,0.143,2033000000,1585000000,1324000000,2.68,2.67,2.68,2404000000,2263250000,2404000000,27463344074,17,13.509,1225000000,3.418,1.0,5434000000,0.383,8007000000,261000000,10260000000,9758500000,1365000000,0,0,0,12704000000,4523000000,8181000000,19831344074,-179000000,-2668000000,166000000,1773000000,-622000000,1317000000,-3245000000,0,1758000000,-9000000,961000000,961000000,961000000,0,0,0.068,3872000000,1562000000,1402000000,0.649,8.249,20.636,20.646,3782000000,0,55.33,1.397,1.397,1454000000,5615000000,14197000000,14197000000,0,0.068,0.425,0.162,0.112,0,3872000000,1.0,358419376,358419376,,39.61,7162000000,0,363000000,523000000,19.982,-1143000000
K,MRY,2013-12-31,2013-12-28,2013-12-28,2018-05-04,-936000000,15474000000,15248500000,3267000000,12207000000,0.97,9.787,-637000000,273000000,273000000,8689000000,1808000000,0.852,3.348,7358000000,1028000000,6330000000,7358000000,0,532000000,0,0.03,1.8,2834000000,3366000000,0.228,3366000000,2834000000,2599000000,4.98,4.94,4.98,3545000000,2929750000,3545000000,29188790439,10,8.672,1170000000,3.23,1.0,6103000000,0.413,8351000000,235000000,10373000000,10744250000,1248000000,0,0,0,11867000000,3835000000,8032000000,22086790439,-8000000,0,-69000000,-443000000,-653000000,-1141000000,-641000000,0,1807000000,-33000000,1807000000,1807000000,1807000000,0,1000000,0.122,3266000000,2837000000,1432000000,0.361,6.23,12.223,12.245,3856000000,0,60.98,1.493,1.493,1424000000,6749000000,14792000000,14792000000,0,0.119,0.617,0.264,0.192,0,3266000000,1.0,362197285,362197285,,40.84,7123000000,0,792000000,928000000,19.666,-568000000
K,MRY,2014-12-31,2015-01-03,2015-01-03,2018-05-04,-1213000000,15153000000,15616500000,3340000000,11813000000,0.934,7.856,-582000000,443000000,443000000,9517000000,633000000,0.765,4.411,7370000000,1435000000,5935000000,7370000000,0,503000000,0,0.029,1.9,1027000000,1530000000,0.105,1530000000,1027000000,818000000,1.76,1.75,1.76,2789000000,3358750000,2789000000,30470619444,29,19.915,1211000000,3.411,1.0,5063000000,0.347,8043000000,209000000,9673000000,10266500000,1279000000,1000000,0,1000000,12302000000,4364000000,7938000000,23247619444,170000000,-6000000,-473000000,81000000,-680000000,-1063000000,-573000000,0,1793000000,13000000,632000000,632000000,632000000,0,1000000,0.043,4039000000,1024000000,1528000000,1.08,8.335,36.784,37.205,3769000000,0,65.48,1.594,1.594,1276000000,6689000000,14580000000,14580000000,0,0.04,0.188,0.1,0.07,37000000,4039000000,1.0,355033895,355033895,,41.067,7110000000,0,186000000,726000000,20.026,-1024000000
K,MRY,2015-12-31,2016-01-02,2016-01-02,2018-05-04,-1376000000,15251000000,15234750000,3236000000,12015000000,0.888,6.005,-553000000,251000000,251000000,8844000000,614000000,0.564,6.162,7745000000,2470000000,5275000000,7745000000,0,534000000,0,0.027,1.98,1000000000,1534000000,0.113,1534000000,1000000000,773000000,1.74,1.72,1.74,2128000000,2497250000,2128000000,33262321417,33,21.683,1138000000,3.211,1.0,4681000000,0.346,7938000000,227000000,9068000000,10008500000,1250000000,456000000,0,456000000,13113000000,5739000000,7374000000,25612321417,-192000000,-617000000,-470000000,464000000,-700000000,-706000000,-1127000000,0,1691000000,-50000000,614000000,614000000,614000000,0,0,0.045,3590000000,1091000000,1907000000,1.138,12.036,41.714,41.534,3621000000,0,72.27,1.894,1.894,1344000000,6597000000,13525000000,13525000000,0,0.04,0.246,0.1,0.074,51000000,3590000000,1.0,354397695,354397695,,38.163,7313000000,0,159000000,685000000,20.635,-2503000000
K,MRY,2016-12-31,2016-12-31,2016-12-31,2018-05-04,-1575000000,15111000000,15278500000,2940000000,12171000000,0.852,5.443,-507000000,280000000,280000000,8259000000,695000000,0.657,6.903,7767000000,1069000000,6698000000,7767000000,0,517000000,0,0.028,2.04,1333000000,1850000000,0.142,1850000000,1333000000,927000000,1.98,1.96,1.98,1910000000,2029000000,1910000000,33407219712,25,18.058,1121000000,3.195,1.0,4755000000,0.365,8164000000,406000000,9960000000,10102000000,1238000000,438000000,0,438000000,13185000000,4474000000,8711000000,25865219712,29000000,-373000000,-58000000,132000000,-716000000,-642000000,-893000000,0,1628000000,-64000000,694000000,694000000,694000000,0,1000000,0.053,3360000000,1395000000,2014000000,1.03,13.542,37.27,37.227,3569000000,0,73.71,1.987,1.987,1231000000,6571000000,13014000000,13014000000,0,0.045,0.342,0.132,0.102,63000000,3360000000,1.0,350905165,350905165,,37.087,6947000000,0,233000000,525000000,19.797,-1534000000
K,MRY,2017-12-31,2017-12-30,2017-12-30,2018-05-04,-1457000000,16351000000,15738500000,3036000000,13315000000,0.821,6.304,-501000000,281000000,281000000,7901000000,1269000000,0.671,6.5,8615000000,779000000,7836000000,8615000000,0,481000000,0,0.031,2.12,1937000000,2418000000,0.187,2418000000,1937000000,1681000000,3.65,3.62,3.65,2178000000,1986250000,2178000000,31416226532,16,12.993,1145000000,3.314,1.0,5022000000,0.389,9170000000,256000000,10993000000,10517250000,1217000000,429000000,0,429000000,14157000000,4522000000,9635000000,23485226532,1000000,-592000000,-419000000,551000000,-736000000,-604000000,-1094000000,-7000000,1646000000,53000000,1269000000,1269000000,1269000000,0,0,0.098,3076000000,1946000000,2269000000,0.581,10.783,18.507,18.625,3716000000,0,67.98,1.817,1.817,1389000000,7069000000,12923000000,12923000000,0,0.081,0.639,0.184,0.15,66000000,3076000000,1.0,345472588,345472588,,37.407,7181000000,0,412000000,355000000,20.786,-1486000000
