ticker,dimension,calendardate,datekey,reportperiod,lastupdated,accoci,assets,assetsavg,assetsc,assetsnc,assetturnover,bvps,capex,cashneq,cashnequsd,cor,consolinc,currentratio,de,debt,debtc,debtnc,debtusd,deferredrev,depamor,deposits,divyield,dps,ebit,ebitda,ebitdamargin,ebitdausd,ebitusd,ebt,eps,epsdil,epsusd,equity,equityavg,equityusd,ev,evebit,evebitda,fcf,fcfps,fxusd,gp,grossmargin,intangibles,intexp,invcap,invcapavg,inventory,investments,investmentsc,investmentsnc,liabilities,liabilitiesc,liabilitiesnc,marketcap,ncf,ncfbus,ncfcommon,ncfdebt,ncfdiv,ncff,ncfi,ncfinv,ncfo,ncfx,netinc,netinccmn,netinccmnusd,netincdis,netincnci,netmargin,opex,opinc,payables,payoutratio,pb,pe,pe1,ppnenet,prefdivis,price,ps,ps1,receivables,retearn,revenue,revenueusd,rnd,roa,roe,roic,ros,sbcomp,sgna,sharefactor,sharesbas,shareswa,shareswadil,sps,tangibles,taxassets,taxexp,taxliabilities,tbvps,workingcapital
KB,MRY,2011-12-31,2011-12-31,2011-12-31,2018-04-28,161039000000,280870107000000,269820364500000,,,0.003,67000.69,-261046000000,9186557000000,7926164316,0,2460721000000,,11.213,43992112000000,,,37956408297,0,342656000000,193258556000000,0.0,0.0,3249748000000,3592404000000,5.113,3099527319,2803883613,3249748000000,6548.0,6533.0,5.65,22983179000000,20739933000000,19829894188,43187227301,15,13.933,-4268236000000,-12442.785,1159.017,702551000000,1.0,461986000000,0,315213676000000,304398057000000,0,258034633000000,,,257705108000000,,,10750528515,1489225000000,-163985000000,2281524000000,3511684000000,-41163000000,4774881000000,688552000000,956683000000,-4007190000000,32982000000,2405176000000,2405176000000,2075186621,0,114273000000,3.423,3887131000000,-3184580000000,0,0.0,0.542,5.181,5.547,3182746000000,0,31.34,17.735,17.735,0,5048558000000,702551000000,606161227,0,0.009,0.116,0.011,4.626,-7609000000,3887131000000,1.0,343028989,343028989,,1.767,280408121000000,18944000000,844572000000,831133000000,817447.3,
KB,MRY,2012-12-31,2012-12-31,2012-12-31,2018-04-28,295142000000,286069504000000,283469805500000,,,0.0,72550.921,-126227000000,10592605000000,9950598429,0,1778667000000,,10.487,42086805000000,,,39535968322,0,328320000000,197346205000000,0.0,0.0,2289545000000,2617865000000,75.304,2459198974,2150778102,2289545000000,4580.0,4567.0,4.302,24887069000000,23935124000000,23378690105,44278378028,20,18.005,7518331000000,21917.48,1064.519,34764000000,1.0,493131000000,0,317070573000000,316142124500000,0,260659477000000,,,260987913000000,,,12314740705,1846501000000,-159933000000,0,-3459572000000,-278173000000,-3252263000000,-2532234000000,-1335535000000,7644558000000,-13560000000,1769568000000,1769568000000,1662316357,0,28814000000,50.902,3845610000000,-3810846000000,0,0.0,0.527,7.408,8.344,3100393000000,0,35.9,377.094,377.094,0,6819869000000,34764000000,32656990,0,0.006,0.074,0.007,65.86,13871000000,3845610000000,1.0,343028989,343028989,,0.095,285576373000000,351402000000,519977000000,418969000000,832513.817,
KB,MRY,2013-12-31,2013-12-31,2013-12-31,2018-04-28,336312000000,292167598000000,289118551000000,,,0.001,67250.317,-267008000000,14792654000000,14050772936,0,1274698000000,,10.245,42256067000000,,,40136841069,0,286858000000,200882064000000,0.0,0.0,1812095000000,2098953000000,12.03,1993686326,1721214826,1812095000000,3291.0,3277.0,3.126,25982274000000,25434671500000,24679211204,42335692415,24,21.235,-6612535000000,-17115.326,1052.8,174474000000,1.0,443204000000,0,319187807000000,318129190000000,0,264100842000000,,,266185324000000,,,15651107083,-418119000000,319855000000,0,844081000000,-231811000000,1707139000000,4178817000000,2634237000000,-6345527000000,41452000000,1271502000000,1271502000000,1207733641,0,-7876000000,7.288,3983564000000,-3809090000000,0,0.0,0.634,12.959,12.959,3060843000000,0,40.51,94.441,94.441,0,7859599000000,174474000000,165723781,0,0.004,0.05,0.006,10.386,17289000000,3983564000000,1.0,386351693,386351693,,0.429,291724394000000,362332000000,540593000000,273079000000,755074.714,
KB,MRY,2014-12-31,2014-12-31,2014-12-31,2018-04-28,461679000000,308355708000000,300261653000000,,,0.001,70700.071,-413779000000,15423847000000,14094887307,0,1415111000000,,10.282,46884174000000,,,42844508834,0,261197000000,211549121000000,0.0,0.0,1901425000000,2162622000000,6.327,1976284734,1737593163,1901425000000,3626.0,3611.0,3.314,27315092000000,26648683000000,24961551002,38011678791,21,19.234,2862967000000,7410.261,1094.287,341820000000,1.0,488922000000,0,339327113000000,329257460000000,0,278216059000000,,,280843036000000,,,12602792225,849610000000,-203228000000,0,448437000000,-193176000000,-755066000000,-1684297000000,168946000000,3276746000000,12227000000,1415111000000,1415111000000,1293181271,0,0,4.14,4009694000000,-3667874000000,0,0.0,0.505,9.746,9.844,3082985000000,0,32.62,40.346,40.346,0,9067145000000,341820000000,312367879,0,0.005,0.053,0.006,5.563,11422000000,4009694000000,1.0,386351693,386351693,,0.809,307866786000000,321875000000,486314000000,325118000000,796856.314,
KB,MRY,2015-12-31,2015-12-31,2015-12-31,2018-04-28,430244000000,329065467000000,318710587500000,,,0.003,74234.49,-230548000000,16316066000000,13885403262,0,1727306000000,,10.466,51815950000000,,,44096742508,0,257457000000,224268185000000,0.0,0.0,2164695000000,2422152000000,2.62,2061315349,1842212639,2164695000000,4396.0,4376.0,3.741,28680621000000,27997856500000,24407966257,40225178087,21,19.514,1963083000000,5081.078,1175.052,924637000000,1.0,466828000000,0,364098523000000,351712818000000,0,297265848000000,,,300162745000000,,,10767621683,439123000000,-864049000000,0,3379323000000,-301354000000,3255265000000,-5075330000000,-4039923000000,2193631000000,65557000000,1727306000000,1727306000000,1469983044,0,0,1.868,4523584000000,-3598947000000,0,0.0,0.441,7.325,7.45,3287383000000,0,27.87,13.684,13.684,0,10464109000000,924637000000,786890517,0,0.005,0.062,0.006,2.341,17429000000,4523584000000,1.0,386351693,386351693,,2.037,328598639000000,26898000000,437389000000,210163000000,850516.886,
KB,MRY,2016-12-31,2016-12-31,2016-12-31,2018-04-28,405329000000,375673656000000,352369561500000,,,0.003,80232.712,-397602000000,17884863000000,14824432941,0,2190180000000,,11.111,73366379000000,,,60812037846,0,289438000000,239729695000000,0.0,0.0,2628655000000,2918093000000,2.496,2418753445,2178843627,2628655000000,5588.0,5559.0,4.632,30998044000000,29839332500000,25693706716,44702697641,20,18.482,727385000000,1882.702,1206.445,1168984000000,1.0,652316000000,0,430502856000000,397300689500000,0,341017979000000,,,344412253000000,,,13634351246,-43083000000,-1356769000000,-716808000000,2670562000000,-378625000000,3181326000000,-4438538000000,-2671035000000,1124987000000,89142000000,2190180000000,2190180000000,1815399790,0,0,1.874,5228711000000,-4059727000000,0,0.0,0.531,7.51,7.619,3627268000000,0,35.29,14.071,14.071,0,12229228000000,1168984000000,968949268,0,0.006,0.073,0.007,2.249,38190000000,5228711000000,1.0,386351693,386351693,,2.508,375021340000000,199362000000,438475000000,545294000000,970673.474,
KB,MRY,2017-12-31,2017-12-31,2017-12-31,2018-04-28,537668000000,436785609000000,406229632500000,,,0.003,81410.538,-265870000000,19817825000000,18592574350,0,3343461000000,,11.832,85836710000000,,,80529796416,0,550343000000,255800048000000,0.0,0.0,4138424000000,4688767000000,4.084,4398880758,3882563092,4138424000000,8305.0,8257.0,7.792,34038685000000,32518364500000,31934219908,73647703051,18,16.742,-5101895000000,-12202.234,1065.9,1148134000000,1.0,2943060000000,0,499861434000000,465182145000000,0,390141977000000,,,402740780000000,,,24463706029,990062000000,-318140000000,-182017000000,14737421000000,-497969000000,14688746000000,-8729419000000,-8487746000000,-4836025000000,-133240000000,3343461000000,3343461000000,3136749226,0,0,2.912,5628664000000,-4480530000000,0,0.0,0.766,7.799,7.509,4201697000000,0,58.51,22.712,22.712,0,15044204000000,1148134000000,1077149826,0,0.008,0.103,0.009,3.604,73370000000,5628664000000,1.0,418111537,418111537,,2.576,433842549000000,10315000000,794963000000,966939000000,1037623.961,
