ticker,dimension,calendardate,datekey,reportperiod,lastupdated,accoci,assets,assetsavg,assetsc,assetsnc,assetturnover,bvps,capex,cashneq,cashnequsd,cor,consolinc,currentratio,de,debt,debtc,debtnc,debtusd,deferredrev,depamor,deposits,divyield,dps,ebit,ebitda,ebitdamargin,ebitdausd,ebitusd,ebt,eps,epsdil,epsusd,equity,equityavg,equityusd,ev,evebit,evebitda,fcf,fcfps,fxusd,gp,grossmargin,intangibles,intexp,invcap,invcapavg,inventory,investments,investmentsc,investmentsnc,liabilities,liabilitiesc,liabilitiesnc,marketcap,ncf,ncfbus,ncfcommon,ncfdebt,ncfdiv,ncff,ncfi,ncfinv,ncfo,ncfx,netinc,netinccmn,netinccmnusd,netincdis,netincnci,netmargin,opex,opinc,payables,payoutratio,pb,pe,pe1,ppnenet,prefdivis,price,ps,ps1,receivables,retearn,revenue,revenueusd,rnd,roa,roe,roic,ros,sbcomp,sgna,sharefactor,sharesbas,shareswa,shareswadil,sps,tangibles,taxassets,taxexp,taxliabilities,tbvps,workingcapital
KEP,MRY,2011-12-31,2011-12-31,2011-12-31,2018-04-30,255095000000,136467850000000,132992822000000,13767553000000,122700297000000,0.325,83031.448,-10559301000000,1387921000000,1197498682,42724894000000,-3292997000000,0.776,1.552,55582060000000,10567472000000,45014588000000,47956219137,0,6877390000000,0,0.0,0.0,45724000000,6923114000000,0.16,5973264972,39450681,-2473126000000,-2705.5,-2705.5,-2.334,53270296000000,55044137000000,45961628419,49477800661,1254,8.283,-6414572000000,-9998.277,1159.017,450323000000,0.01,848709000000,2518850000000,172072113000000,165972527500000,3851751000000,8510480000000,1217932000000,7292548000000,82663900000000,17741167000000,64922733000000,14088826955,-702130000000,-546304000000,0,6197032000000,-44663000000,6341415000000,-11195693000000,-67447000000,4144729000000,7419000000,-3292997000000,-3292997000000,-2841198864,0,0,-0.076,1585993000000,-1135670000000,10754295000000,0.0,0.307,-4.959,-4.704,112902030000000,0,10.98,0.378,0.189,8558680000000,35769094000000,43175217000000,37251591030,0,-0.025,-0.06,0.0,0.001,0,1751696000000,2.0,641567712,641567712,,58.063,135619141000000,408279000000,819871000000,7291933000000,211387.105,-3973614000000
KEP,MRY,2012-12-31,2012-12-31,2012-12-31,2018-04-30,11957000000,146152820000000,141310335000000,13933483000000,132219337000000,0.348,77712.708,-11346261000000,1954949000000,1836461611,48459262000000,-3077969000000,0.74,1.906,64255675000000,11906259000000,52349416000000,60361206590,0,6996710000000,0,0.0,0.0,-995025000000,6001685000000,0.122,5637929228,-934717588,-4063346000000,-2541.5,-2541.5,-2.387,49888767000000,51579531500000,46865061668,65916134780,-70,11.692,-7429428000000,-11572.965,1064.519,661247000000,0.013,883814000000,3068321000000,188752653000000,180412383000000,3440341000000,8225311000000,1320264000000,6905047000000,95088618000000,18817079000000,76271539000000,17936476311,567028000000,-385751000000,0,8206859000000,-55254000000,8375487000000,-11719196000000,6366000000,3916833000000,-6096000000,-3077969000000,-3077969000000,-2891416558,0,0,-0.063,3562003000000,-2900756000000,9775543000000,0.0,0.383,-6.203,-5.851,122966363000000,0,13.97,0.389,0.194,8438955000000,32564283000000,49120509000000,46143366972,0,-0.022,-0.06,-0.006,-0.02,0,1780168000000,2.0,641964077,641964077,,71.878,145269006000000,240259000000,-985377000000,5767345000000,226288.372,-4883596000000
KEP,MRY,2013-12-31,2013-12-31,2013-12-31,2018-04-30,55538000000,155527334000000,150840077000000,15269078000000,140258256000000,0.356,78290.468,-14139586000000,2232313000000,2120358056,50595638000000,174306000000,0.755,2.071,73304897000000,13155862000000,60149035000000,69628510397,0,7392375000000,0,0.0,0.0,2535134000000,9927509000000,0.185,9429624648,2407991980,-396488000000,48.0,48.0,0.046,50259668000000,50074217500000,47739045536,77618069261,32,8.231,-7255679000000,-11302.313,1052.8,3116867000000,0.058,813246000000,2931622000000,205572823000000,197162738000000,4279593000000,8272277000000,1007058000000,7265219000000,104076598000000,20213849000000,83862749000000,21326046637,277364000000,-363241000000,0,7684007000000,-58267000000,7933132000000,-14503272000000,8471000000,6883907000000,-36403000000,174306000000,174306000000,165564206,0,0,0.003,1794678000000,1322189000000,9864282000000,0.0,0.447,128.808,364.313,130175923000000,0,16.61,0.418,0.209,9170644000000,32766086000000,53712505000000,51018715883,0,0.001,0.003,0.013,0.047,0,1923192000000,2.0,641964077,641964077,,79.473,154714088000000,583338000000,-570794000000,5053992000000,241001.161,-4944771000000
KEP,MRY,2014-12-31,2014-12-31,2014-12-31,2018-04-30,-202269000000,163708289000000,159617811500000,16819855000000,146888434000000,0.358,83495.842,-14436239000000,1796300000000,1641526012,49762952000000,2798967000000,0.779,2.031,76572899000000,13626728000000,62946171000000,69975174301,0,7873459000000,0,0.0,0.0,7369344000000,15242803000000,0.267,13929442540,6734381715,4229306000000,2145.0,2145.0,1.96,53601331000000,51930499500000,48982897716,93672729798,13,6.725,111928000000,174.352,1094.287,7360074000000,0.129,823642000000,3140038000000,216061178000000,210817000500000,4537469000000,8362677000000,678939000000,7683738000000,108883279000000,21600068000000,87283211000000,24856849061,-436013000000,28324000000,852962000000,1391189000000,-203448000000,1985176000000,-14460333000000,-43597000000,14548167000000,-6548000000,2798967000000,2798967000000,2557800556,0,0,0.049,1816970000000,5543104000000,9935339000000,0.0,0.507,9.718,9.877,136129763000000,0,19.36,0.476,0.238,9422219000000,35303647000000,57123026000000,52201154105,0,0.018,0.054,0.035,0.129,0,1924366000000,2.0,641964077,641964077,,81.315,162884647000000,545409000000,1430339000000,6294430000000,253728.601,-4780213000000
KEP,MRY,2015-12-31,2015-12-31,2015-12-31,2018-04-30,-98713000000,175257359000000,169482824000000,22025325000000,153232034000000,0.346,103797.813,-4206091000000,3783065000000,3219488269,45457729000000,13416373000000,0.97,1.611,72332972000000,14177909000000,58155063000000,61557270322,0,8341384000000,0,0.0,0.0,21671243000000,30012627000000,0.512,25541538557,18442800381,18655786000000,10350.5,10350.5,8.809,66634467000000,60117899000000,56707692003,96388552886,5,3.774,15675682000000,24418.316,1175.052,13123998000000,0.224,858414000000,3015457000000,220238010000000,218149594000000,4946413000000,14053888000000,5733571000000,8320317000000,107314884000000,22710842000000,84604042000000,27180759020,1986765000000,-95024000000,0,-4957647000000,-426339000000,-5206619000000,-9773970000000,-5254101000000,19881773000000,24249000000,13416373000000,13416373000000,11417687904,0,0,0.229,-6457512000000,19581510000000,8454132000000,0.0,0.479,2.381,2.403,141631261000000,0,21.17,0.545,0.273,9271967000000,48187241000000,58581727000000,49854597497,0,0.079,0.223,0.099,0.37,0,2153261000000,2.0,641964077,641964077,,77.659,174398945000000,632704000000,5239413000000,10580743000000,271664.648,-685517000000
KEP,MRY,2016-12-31,2016-12-31,2016-12-31,2018-04-30,-33875000000,177837042000000,176547200500000,19708526000000,158128516000000,0.339,111725.4,-11820829000000,3051353000000,2529210200,45549553000000,7148327000000,0.797,1.461,67737706000000,15310539000000,52427167000000,56146534653,0,8960988000000,0,0.0,0.0,12950555000000,21911543000000,0.367,18162073695,10734476084,10513468000000,5490.0,5490.0,4.551,71723693000000,69179080000000,59450445731,83726823866,7,4.61,9788687000000,15248.029,1206.445,14213534000000,0.238,983403000000,2437087000000,216800766000000,218519388000000,5479443000000,11653580000000,3303849000000,8349731000000,104786497000000,24739226000000,80047271000000,23726992285,-731712000000,-62824000000,0,-5615806000000,-2104884000000,-7637476000000,-9645870000000,2359591000000,21609516000000,31082000000,7148327000000,7148327000000,5925116354,0,0,0.12,2568734000000,11644800000000,9143586000000,0.0,0.399,4.004,4.061,146096736000000,0,18.48,0.479,0.239,9692391000000,53173871000000,59763087000000,49536520106,0,0.04,0.103,0.059,0.217,0,2639232000000,2.0,641964077,641964077,,77.164,176853639000000,814294000000,3365141000000,10791808000000,275488.373,-5030700000000
KEP,MRY,2017-12-31,2017-12-31,2017-12-31,2018-04-30,-271457000000,181788915000000,179812978500000,19141707000000,162647208000000,0.33,111659.589,-12450157000000,2369739000000,2223228257,52098855000000,1441394000000,0.817,1.518,68832193000000,14778860000000,54053333000000,64576595365,0,9773711000000,0,0.0,0.0,6742170000000,16515881000000,0.278,15494775307,6325330706,3614218000000,1011.5,1011.5,0.949,71681445000000,71702569000000,67249690402,80082391755,12,5.168,2800520000000,4362.425,1065.9,7237034000000,0.122,1189703000000,3127952000000,223637385000000,220219075500000,6002086000000,10328776000000,2712349000000,7616427000000,108824274000000,23424281000000,85399993000000,22738367607,-681614000000,-196211000000,0,2146594000000,-1356243000000,745594000000,-12606699000000,136127000000,15250677000000,-70403000000,1441394000000,1441394000000,1352278825,0,0,0.024,2606228000000,4630806000000,9223001000000,0.0,0.338,16.815,18.662,151167128000000,0,17.71,0.408,0.204,9683769000000,53370558000000,59335889000000,55667406886,0,0.008,0.02,0.031,0.114,0,2762855000000,2.0,641964077,641964077,,86.714,180599212000000,1019743000000,2172824000000,10923799000000,281322.925,-4282574000000
