ticker,dimension,calendardate,datekey,reportperiod,lastupdated,accoci,assets,assetsavg,assetsc,assetsnc,assetturnover,bvps,capex,cashneq,cashnequsd,cor,consolinc,currentratio,de,debt,debtc,debtnc,debtusd,deferredrev,depamor,deposits,divyield,dps,ebit,ebitda,ebitdamargin,ebitdausd,ebitusd,ebt,eps,epsdil,epsusd,equity,equityavg,equityusd,ev,evebit,evebitda,fcf,fcfps,fxusd,gp,grossmargin,intangibles,intexp,invcap,invcapavg,inventory,investments,investmentsc,investmentsnc,liabilities,liabilitiesc,liabilitiesnc,marketcap,ncf,ncfbus,ncfcommon,ncfdebt,ncfdiv,ncff,ncfi,ncfinv,ncfo,ncfx,netinc,netinccmn,netinccmnusd,netincdis,netincnci,netmargin,opex,opinc,payables,payoutratio,pb,pe,pe1,ppnenet,prefdivis,price,ps,ps1,receivables,retearn,revenue,revenueusd,rnd,roa,roe,roic,ros,sbcomp,sgna,sharefactor,sharesbas,shareswa,shareswadil,sps,tangibles,taxassets,taxexp,taxliabilities,tbvps,workingcapital
KGC,MRY,2011-12-31,2011-12-31,2011-12-31,2018-03-29,-97700000,16448900000,17122050000,3051400000,13397500000,0.224,10.907,-1627300000,1780900000,1780900000,5047800000,-2013000000,3.985,0.321,1631300000,31900000,1599400000,1631300000,0,564100000,0,0.01,0.11,-1576800000,-1012700000,-0.264,-1012700000,-1576800000,-1576800000,-1.83,-1.83,-1.83,12390400000,13460750000,12390400000,11953862202,-7,-11.804,134400000,0.118,1.0,-1205300000,-0.314,3382300000,0,12151200000,10809050000,961700000,735500000,1300000,734200000,3978200000,765800000,3212400000,12919562202,299400000,70000000,0,1129000000,-124800000,636900000,-1748000000,-113300000,1761700000,-3500000,-2073600000,-2073600000,-2073600000,-19800000,60600000,-0.54,269100000,-1474400000,562000000,-0.06,1.043,-6.23,-6.23,8855000000,0,11.4,3.362,3.37,304700000,-2249900000,3842500000,3842500000,134500000,-0.121,-0.154,-0.146,-0.41,36500000,173600000,1.0,1133294930,1136000000,1136000000,3.382,13066600000,21800000,496800000,931500000,11.502,2285600000
KGC,MRY,2012-12-31,2012-12-31,2012-12-31,2018-03-29,4900000,14882600000,15665750000,3591400000,11291200000,0.275,8.647,-1855600000,1690800000,1690800000,6057700000,-2509700000,2.742,0.503,2632600000,516200000,2116400000,2632600000,0,680900000,0,0.016,0.16,-2255100000,-1574200000,-0.365,-1574200000,-2255100000,-2255100000,-2.2,-2.2,-2.2,9850200000,11120300000,9850200000,10863758383,-4,-6.901,-121600000,-0.107,1.0,-1750400000,-0.406,1136700000,0,13378100000,12764650000,1254900000,935000000,349800000,585200000,4956900000,1309600000,3647300000,11058758383,-92100000,0,0,963800000,-182300000,774800000,-2177400000,-417200000,1734000000,400000,-2514500000,-2514500000,-2514500000,-41300000,4800000,-0.584,498300000,-2248700000,636200000,-0.073,1.123,-4.398,-4.418,8968100000,0,9.72,2.567,2.571,280900000,-4937100000,4307300000,4307300000,229800000,-0.161,-0.226,-0.177,-0.524,38000000,179100000,1.0,1137732344,1139100000,1139100000,3.781,13745900000,46100000,259400000,767600000,12.067,2281800000
KGC,MRY,2013-12-31,2013-12-31,2013-12-31,2018-03-29,-36500000,10286700000,12584650000,2405800000,7880900000,0.3,5.266,-1256300000,793500000,793500000,6002800000,-3742300000,3.375,0.698,2119600000,60000000,2059600000,2119600000,0,828800000,0,0.018,0.08,-3669500000,-2840700000,-0.752,-2840700000,-3669500000,-3669500000,-3.28,-3.28,-3.28,6014000000,7932100000,6014000000,5935378698,-1,-2.089,-174300000,-0.153,1.0,-2223300000,-0.588,308000000,0,10591900000,11985000000,1322900000,335600000,0,335600000,4196800000,712900000,3483900000,4993778698,-898200000,0,0,-523300000,-91300000,-615500000,-1045400000,218600000,1082000000,-12000000,-3741900000,-3741900000,-3741900000,730100000,-400000,-0.99,671000000,-2894300000,544500000,-0.024,0.83,-1.335,-1.335,6582700000,0,4.38,1.321,1.324,208100000,-8771100000,3779500000,3779500000,147100000,-0.297,-0.472,-0.306,-0.971,32900000,176600000,1.0,1140132123,1142100000,1142100000,3.309,9978700000,244800000,72400000,560700000,8.737,1692900000
KGC,MRY,2014-12-31,2014-12-31,2014-12-31,2018-03-29,-46100000,8951400000,9619050000,2587100000,6364300000,0.36,4.232,-601300000,1024800000,1024800000,4097300000,-1193600000,4.28,0.838,2058100000,60000000,1998100000,2058100000,0,874700000,0,0.0,0.0,-1138100000,-263400000,-0.076,-263400000,-1138100000,-1138100000,-1.02,-1.02,-1.02,4843000000,5428500000,4843000000,4550567115,-3,-17.276,442100000,0.386,1.0,-631000000,-0.182,162700000,0,9217600000,9904750000,1276700000,267800000,0,267800000,4059600000,604400000,3455200000,3224467115,249000000,0,0,-67100000,0,-94200000,-486400000,-55500000,1043400000,-19700000,-1247800000,-1247800000,-1247800000,-233500000,54200000,-0.36,611700000,-1242700000,421900000,0.0,0.666,-2.584,-2.765,5409400000,0,2.82,0.93,0.931,170400000,-9937600000,3466300000,3466300000,105600000,-0.13,-0.23,-0.115,-0.328,26200000,178800000,1.0,1143428055,1144300000,1144300000,3.029,8788700000,221700000,109700000,488200000,7.68,1982700000
KGC,MRY,2015-12-31,2015-12-31,2015-12-31,2018-03-29,-31300000,7735400000,8343400000,2292100000,5443300000,0.366,3.394,-606700000,1054400000,1054400000,3431500000,-989400000,3.266,0.978,1981400000,249500000,1731900000,1981400000,0,897700000,0,0.0,0.0,-852600000,45100000,0.015,45100000,-852600000,-852600000,-0.86,-0.86,-0.86,3889300000,4366150000,3889300000,3116429182,-3,69.1,362300000,0.316,1.0,-379300000,-0.124,162700000,0,7797900000,8507750000,1005200000,240200000,0,240200000,3802200000,701800000,3100400000,2083129182,60400000,0,0,-80000000,0,-131700000,-631600000,-59700000,969000000,-7900000,-994300000,-994300000,-994300000,0,4900000,-0.326,307700000,-687000000,379600000,0.0,0.536,-2.095,-2.116,4593700000,0,1.82,0.683,0.683,108200000,-10922100000,3052200000,3052200000,108000000,-0.119,-0.228,-0.1,-0.279,17100000,179400000,1.0,1144576474,1146000000,1146000000,2.663,7572700000,199800000,141700000,505400000,6.608,1590300000
KGC,MRY,2016-12-31,2016-12-31,2016-12-31,2018-03-29,39100000,7979300000,7857350000,2080700000,5898600000,0.442,3.379,-624700000,838600000,838600000,2978400000,-109100000,3.263,0.915,1733200000,0,1733200000,1733200000,0,855000000,0,0.0,0.0,-109100000,745900000,0.215,745900000,-109100000,-109100000,-0.08,-0.08,-0.08,4145500000,4017400000,4145500000,4492739984,-41,6.023,600200000,0.489,1.0,493600000,0.142,162700000,0,8073500000,7935700000,986800000,306500000,0,306500000,3795000000,637700000,3157300000,3565739984,-216900000,-588000000,275700000,-250000000,0,-48300000,-1270100000,-59800000,1224900000,2300000,-109100000,-109100000,-109100000,0,0,-0.031,215500000,278100000,464800000,0.0,0.86,-32.683,-38.875,4917600000,0,3.11,1.027,1.099,127300000,-11026100000,3472000000,3472000000,94300000,-0.014,-0.027,-0.014,-0.031,13500000,143700000,1.0,1146540188,1227000000,1227000000,2.83,7816600000,206400000,0,463300000,6.37,1443000000
KGC,MRY,2017-12-31,2017-12-31,2017-12-31,2018-03-29,21100000,8157200000,8068250000,2284400000,5872800000,0.409,3.677,-889100000,1037900000,1037900000,2598300000,442200000,3.903,0.772,1732600000,0,1732600000,1732600000,0,819400000,0,0.0,0.0,442200000,1261600000,0.382,1261600000,442200000,442200000,0.36,0.35,0.36,4583600000,4364550000,4583600000,6273214755,14,4.972,251000000,0.201,1.0,704700000,0.213,162700000,0,8103900000,8088700000,1094300000,211700000,0,211700000,3538000000,585300000,2952700000,5378614755,198800000,0,0,-5300000,0,-69000000,-687200000,-73800000,1140100000,3400000,442200000,442200000,442200000,0,0,0.134,50500000,654200000,482600000,0.0,1.173,12.163,12.0,4887200000,0,4.32,1.628,1.63,91300000,-10580700000,3303000000,3303000000,106000000,0.055,0.101,0.055,0.134,13600000,132600000,1.0,1245049712,1246600000,1257000000,2.65,7994500000,77200000,0,290700000,6.413,1699100000
