ticker,dimension,calendardate,datekey,reportperiod,lastupdated,accoci,assets,assetsavg,assetsc,assetsnc,assetturnover,bvps,capex,cashneq,cashnequsd,cor,consolinc,currentratio,de,debt,debtc,debtnc,debtusd,deferredrev,depamor,deposits,divyield,dps,ebit,ebitda,ebitdamargin,ebitdausd,ebitusd,ebt,eps,epsdil,epsusd,equity,equityavg,equityusd,ev,evebit,evebitda,fcf,fcfps,fxusd,gp,grossmargin,intangibles,intexp,invcap,invcapavg,inventory,investments,investmentsc,investmentsnc,liabilities,liabilitiesc,liabilitiesnc,marketcap,ncf,ncfbus,ncfcommon,ncfdebt,ncfdiv,ncff,ncfi,ncfinv,ncfo,ncfx,netinc,netinccmn,netinccmnusd,netincdis,netincnci,netmargin,opex,opinc,payables,payoutratio,pb,pe,pe1,ppnenet,prefdivis,price,ps,ps1,receivables,retearn,revenue,revenueusd,rnd,roa,roe,roic,ros,sbcomp,sgna,sharefactor,sharesbas,shareswa,shareswadil,sps,tangibles,taxassets,taxexp,taxliabilities,tbvps,workingcapital
KLAC,MRY,2011-12-31,2011-06-30,2011-06-30,2018-04-28,-2399000,4675521000,4324047500,3676010000,999511000,0.734,17.018,-51151000,711329000,711329000,1259243000,794488000,4.183,0.634,746290000,0,746290000,746290000,271507000,86044000,0,0.025,1.0,1164394000,1250438000,0.394,1250438000,1164394000,1110066000,4.75,4.66,4.75,2860893000,2585350250,2860893000,6904110411,5,5.521,772015000,4.616,1.0,1915924000,0.603,414058000,54328000,3417563000,3199913250,575730000,1327206000,1327206000,0,1814628000,878861000,935767000,6796714411,181411000,0,-110271000,0,-167398000,-300155000,-359510000,-326544000,823166000,17910000,794488000,794488000,794488000,0,0,0.25,755594000,1160330000,142945000,0.211,2.376,8.555,8.522,257358000,0,40.48,2.141,2.132,583270000,1852633000,3175167000,3175167000,386163000,0.184,0.307,0.364,0.367,81359000,369431000,1.0,167903024,167261000,170352000,18.983,4261463000,331397000,315578000,78337000,25.349,2797149000
KLAC,MRY,2012-12-31,2012-06-30,2012-06-30,2018-04-28,-21143000,5100308000,4824954250,4164043000,936265000,0.657,19.861,-57596000,751294000,751294000,1330016000,756015000,4.826,0.538,746833000,0,746833000,746833000,245212000,92133000,0,0.028,1.4,1028291000,1120424000,0.353,1120424000,1028291000,974094000,4.53,4.44,4.53,3315595000,3094356750,3315595000,8223679775,7,7.34,884021000,5.3,1.0,1841928000,0.581,383352000,54197000,3849588000,3580661250,650802000,1783150000,1783150000,0,1784713000,862907000,921806000,8240895775,39965000,0,-100295000,0,-233561000,-364103000,-528891000,-473523000,941617000,-8658000,756015000,756015000,756015000,0,0,0.238,825603000,1016325000,139183000,0.309,2.485,10.9,10.872,277686000,0,49.25,2.598,2.59,701280000,2247258000,3171944000,3171944000,452937000,0.157,0.244,0.287,0.324,78835000,372666000,1.0,167327833,166795000,170147000,19.017,4716956000,184670000,218079000,50839000,28.256,3301136000
KLAC,MRY,2013-12-31,2013-06-30,2013-06-30,2018-04-28,-36646000,5287357000,5154017250,4351503000,935854000,0.552,21.045,-74573000,985390000,985390000,1237452000,543149000,5.051,0.518,747376000,0,747376000,747376000,261031000,87534000,0,0.029,1.6,744797000,832331000,0.293,832331000,744797000,690621000,3.27,3.21,3.27,3482152000,3410495750,3482152000,9057848002,12,10.883,838615000,5.049,1.0,1605329000,0.565,361150000,54176000,3826661000,3871340250,634448000,1933491000,1933491000,0,1805205000,861532000,943673000,9244809002,234096000,0,-147133000,0,-265893000,-428510000,-241447000,-168712000,913188000,-9135000,543149000,543149000,543149000,0,0,0.191,860532000,744797000,115680000,0.489,2.655,17.021,17.043,305281000,0,55.73,3.252,3.256,524610000,2359233000,2842781000,2842781000,487832000,0.105,0.159,0.192,0.262,55886000,387812000,1.0,165885681,166089000,169260000,17.116,4926207000,198525000,147472000,59494000,29.772,3489971000
KLAC,MRY,2014-12-31,2014-06-30,2014-06-30,2018-04-28,-30271000,5535846000,5436745750,4586095000,949751000,0.539,22.17,-67502000,630861000,630861000,1232962000,582755000,5.121,0.509,745101000,0,745101000,745101000,264599000,83072000,0,0.025,1.8,788273000,871345000,0.297,871345000,788273000,734461000,3.51,3.47,3.51,3669346000,3587661000,3669346000,12017224926,15,13.792,711384000,4.285,1.0,1696446000,0.579,363052000,53812000,4391423000,4160925750,656457000,2521776000,2521776000,0,1866500000,895611000,970889000,12045664926,-354529000,-18000000,-128622000,0,-298871000,-458887000,-676109000,-594443000,778886000,1581000,582755000,582755000,582755000,0,0,0.199,908173000,788273000,103422000,0.513,3.283,20.67,20.695,330263000,0,72.64,4.112,4.117,492863000,2479113000,2929408000,2929408000,539469000,0.107,0.162,0.189,0.269,40386000,384907000,1.0,165826885,166016000,168118000,17.645,5172794000,215676000,151706000,0,31.253,3690484000
KLAC,MRY,2015-12-31,2015-06-30,2015-06-30,2018-04-28,-40573000,4826012000,5004292500,3904576000,921436000,0.562,2.656,-45791000,838025000,838025000,1215229000,366158000,3.898,10.451,3190416000,16981000,3173435000,3190416000,267171000,80536000,0,0.329,18.5,540140000,620676000,0.221,620676000,540140000,434131000,2.26,2.24,2.26,421439000,1261809750,421439000,11604069501,21,18.696,560115000,3.451,1.0,1598820000,0.568,347158000,106009000,5829482000,5646682500,617904000,1549086000,1549086000,0,4404573000,1001763000,3402810000,8989162501,207164000,0,-555880000,2308789000,-3041055000,-1302972000,918221000,964012000,605906000,-13991000,366158000,366158000,366158000,0,0,0.13,927011000,671809000,103342000,8.186,21.33,24.55,24.872,314591000,0,56.21,3.194,3.242,585494000,-12362000,2814049000,2814049000,530616000,0.073,0.29,0.096,0.192,39899000,406864000,1.0,159921055,162282000,163701000,17.34,4478854000,314901000,67973000,0,28.232,2902813000
KLAC,MRY,2016-12-31,2016-06-30,2016-06-30,2018-04-28,-48685000,4962432000,4722093250,3868032000,1094400000,0.632,4.426,-31741000,1108488000,1108488000,1163391000,704422000,3.859,6.201,3057936000,0,3057936000,3057936000,290034000,66932000,0,0.028,2.08,981079000,1048011000,0.351,1048011000,981079000,858192000,4.52,4.49,4.52,689114000,456438000,689114000,13576971494,13,12.955,727955000,4.67,1.0,1821102000,0.61,339508000,122887000,5569949000,5625491000,698635000,1382806000,1382806000,0,4273318000,1002423000,3270895000,11405639494,270463000,0,-143413000,-135000000,-346283000,-636702000,144687000,169352000,759696000,2782000,704422000,704422000,704422000,0,0,0.236,840023000,981079000,106517000,0.46,16.551,16.191,16.206,278014000,0,73.25,3.822,3.826,613233000,284825000,2984493000,2984493000,481258000,0.149,1.543,0.174,0.329,33114000,379399000,1.0,155708389,155869000,156779000,19.147,4622924000,302219000,153770000,0,29.689,2865609000
KLAC,MRY,2017-12-31,2017-06-30,2017-06-30,2018-04-28,-51323000,5532173000,5236793000,4392066000,1140107000,0.665,8.467,-38594000,1153051000,1153051000,1287547000,926076000,3.396,3.171,2930457000,249983000,2680474000,2930457000,306081000,57836000,0,0.023,2.14,1295722000,1353558000,0.389,1353558000,1295722000,1173246000,5.92,5.88,5.92,1326417000,1055083500,1326417000,16344367630,12,12.075,1041071000,6.654,1.0,2192467000,0.63,368489000,122476000,5647928000,5682858000,732988000,1863689000,1863689000,0,4205756000,1293162000,2912594000,14345347630,44563000,-28560000,20357000,-130000000,-343993000,-472805000,-560886000,-496679000,1079665000,-1411000,926076000,926076000,926076000,0,0,0.266,896745000,1295722000,147380000,0.361,10.815,15.49,15.458,283975000,0,91.51,4.122,4.114,571117000,848457000,3480014000,3480014000,526870000,0.177,0.878,0.228,0.372,50943000,389336000,1.0,156762623,156468000,157481000,22.241,5163684000,291967000,247170000,0,32.96,3098904000
