ticker,dimension,calendardate,datekey,reportperiod,lastupdated,accoci,assets,assetsavg,assetsc,assetsnc,assetturnover,bvps,capex,cashneq,cashnequsd,cor,consolinc,currentratio,de,debt,debtc,debtnc,debtusd,deferredrev,depamor,deposits,divyield,dps,ebit,ebitda,ebitdamargin,ebitdausd,ebitusd,ebt,eps,epsdil,epsusd,equity,equityavg,equityusd,ev,evebit,evebitda,fcf,fcfps,fxusd,gp,grossmargin,intangibles,intexp,invcap,invcapavg,inventory,investments,investmentsc,investmentsnc,liabilities,liabilitiesc,liabilitiesnc,marketcap,ncf,ncfbus,ncfcommon,ncfdebt,ncfdiv,ncff,ncfi,ncfinv,ncfo,ncfx,netinc,netinccmn,netinccmnusd,netincdis,netincnci,netmargin,opex,opinc,payables,payoutratio,pb,pe,pe1,ppnenet,prefdivis,price,ps,ps1,receivables,retearn,revenue,revenueusd,rnd,roa,roe,roic,ros,sbcomp,sgna,sharefactor,sharesbas,shareswa,shareswadil,sps,tangibles,taxassets,taxexp,taxliabilities,tbvps,workingcapital
KLIC,MRY,2011-12-31,2011-10-01,2011-10-01,2018-02-01,2544000,728391000,682811750,619841000,108550000,1.216,6.464,-7688000,378188000,378188000,442492000,127610000,2.894,0.55,105224000,105224000,0,105224000,0,17761000,0,0.0,0.0,170708000,188469000,0.227,188469000,170708000,162428000,1.77,1.73,1.77,469877000,416224500,469877000,316537793,1,1.68,192708000,2.683,1.0,387909000,0.467,71111000,8280000,170134000,242188250,73092000,6364000,6364000,0,258514000,214182000,44332000,542335793,200076000,0,9296000,0,0,9296000,-11106000,-3655000,200396000,1490000,127610000,127610000,127610000,0,0,0.154,217849000,170060000,36321000,0.0,1.154,4.25,4.215,26501000,0,7.46,0.653,0.645,138649000,71940000,830401000,830401000,65135000,0.187,0.307,0.705,0.206,7496000,152714000,1.0,72699168,71820000,73341000,11.562,657280000,1651000,34818000,46326000,9.043,405659000
KLIC,MRY,2012-12-31,2012-09-29,2012-09-29,2018-02-01,2381000,815609000,754172750,713316000,102293000,1.049,8.685,-6902000,440244000,440244000,423633000,160580000,5.782,0.267,0,0,0,0,0,17265000,0,0.0,0.0,180059000,197324000,0.249,197324000,180059000,174251000,2.17,2.13,2.17,643667000,550368500,643667000,390365816,2,1.978,175569000,2.376,1.0,367390000,0.464,61933000,5808000,190063000,169692250,58994000,0,0,0,171942000,123369000,48573000,771062816,62056000,-14848000,3325000,-110000000,0,-105138000,-15386000,6364000,182471000,109000,160580000,160580000,160580000,0,0,0.203,188164000,179226000,57231000,0.0,1.198,4.802,4.795,28441000,0,10.405,0.975,0.972,188986000,232520000,791023000,791023000,63446000,0.213,0.292,1.061,0.228,6974000,124718000,1.0,74105028,73887000,75502000,10.706,753676000,3515000,13671000,46067000,10.169,589947000
KLIC,MRY,2013-12-31,2013-09-28,2013-09-28,2018-02-01,3618000,862994000,809357000,754388000,108606000,0.661,9.52,-11862000,521788000,521788000,287993000,59358000,9.746,0.204,19396000,0,19396000,19396000,0,18489000,0,0.0,0.0,66689000,85178000,0.159,85178000,66689000,66668000,0.79,0.78,0.79,716665000,678107000,716665000,360209788,5,4.229,82962000,1.104,1.0,246945000,0.462,52755000,21000,230445000,172923000,38135000,3252000,3252000,0,146329000,77402000,68927000,868702788,81544000,0,908000,0,0,1733000,-15114000,-3252000,94824000,101000,59358000,59358000,59358000,0,0,0.111,181139000,65806000,37030000,0.0,1.212,14.635,14.608,47541000,0,11.54,1.624,1.621,162714000,291878000,534938000,534938000,61620000,0.073,0.088,0.386,0.125,9845000,119519000,1.0,75277538,75132000,76190000,7.12,810239000,4487000,7310000,42213000,10.763,676986000
KLIC,MRY,2014-12-31,2014-09-27,2014-09-27,2018-02-01,2244000,944448000,899136000,837691000,106757000,0.632,10.295,-10094000,587981000,587981000,295015000,62988000,10.297,0.197,19102000,0,19102000,19102000,0,13520000,0,0.0,0.0,78181000,91701000,0.161,91701000,78181000,77133000,0.82,0.81,0.82,789242000,749323500,789242000,519211134,6,5.662,72366000,0.947,1.0,273554000,0.481,47437000,1048000,246781000,209010750,49694000,9105000,9105000,0,155206000,81351000,73855000,1097050134,66193000,0,661000,0,0,-164000,-15974000,-5880000,82460000,-129000,62988000,62988000,62988000,0,0,0.111,196570000,76984000,35132000,0.0,1.39,17.417,17.451,52755000,0,14.31,1.929,1.923,171530000,354866000,568569000,568569000,83056000,0.07,0.084,0.374,0.138,12161000,113514000,1.0,76663182,76396000,77292000,7.442,897011000,4291000,14145000,47451000,11.701,756340000
KLIC,MRY,2015-12-31,2015-10-03,2015-10-03,2018-02-01,-1097000,904466000,939264500,707369000,197097000,0.571,10.606,-10089000,498614000,498614000,277379000,50639000,9.568,0.176,16483000,0,16483000,16483000,0,18972000,0,0.0,0.0,38888000,57860000,0.108,57860000,38888000,37705000,0.67,0.67,0.67,769249000,784765250,769249000,215192760,5,3.719,77786000,1.031,1.0,259092000,0.483,138743000,1183000,209658000,225797250,79096000,0,0,0,135217000,73934000,61283000,673483760,-89367000,-93153000,-75021000,-9978000,0,-84459000,-94109000,9133000,87875000,1326000,50639000,50639000,50639000,0,0,0.094,221841000,37251000,25521000,0.0,0.876,13.3,13.761,53234000,0,9.22,1.255,1.296,108596000,402863000,536471000,536471000,90033000,0.054,0.065,0.172,0.072,11449000,131808000,1.0,73045961,75414000,75659000,7.114,765723000,4126000,-12934000,36400000,10.558,633435000
KLIC,MRY,2016-12-31,2016-10-01,2016-10-01,2018-02-01,-2726000,982444000,947055250,780942000,201502000,0.662,11.456,-5165000,423907000,423907000,340463000,47112000,6.585,0.218,16701000,0,16701000,16701000,0,16230000,0,0.0,0.0,55857000,72087000,0.115,72087000,55857000,54750000,0.67,0.67,0.67,806518000,780025500,806518000,411250640,7,5.705,63242000,0.897,1.0,286729000,0.457,132082000,1107000,324559000,241083750,87295000,124000000,124000000,0,175926000,118597000,57329000,910294640,49293000,0,-14141000,-542000,0,-14486000,-5165000,0,68407000,537000,47112000,47112000,47112000,0,0,0.075,234190000,52539000,41813000,0.0,1.129,19.322,19.299,50342000,0,12.93,1.451,1.453,130455000,449975000,627192000,627192000,92374000,0.05,0.06,0.232,0.089,5533000,141816000,1.0,70401751,70477000,70841000,8.899,850362000,16822000,7638000,40527000,12.079,662345000
KLIC,MRY,2017-12-31,2017-09-30,2017-09-30,2018-02-01,2039000,1171107000,1096714250,953382000,217725000,0.738,12.905,-24238000,392940000,392940000,433995000,112011000,4.756,0.283,16074000,0,16074000,16074000,0,16257000,0,0.0,0.0,104935000,121192000,0.15,121192000,104935000,103876000,1.58,1.55,1.58,912936000,868955250,912936000,1065682624,10,8.793,112072000,1.581,1.0,375046000,0.464,118634000,1059000,475159000,354947750,122023000,217502000,216000000,1502000,258171000,200448000,57723000,1533580624,-31497000,-27119000,-17688000,-604000,0,-22684000,-145199000,-93312000,136310000,76000,112011000,112011000,112011000,0,0,0.138,276792000,98254000,51354000,0.0,1.68,13.691,13.652,67762000,0,21.57,1.896,1.89,198480000,561986000,809041000,809041000,100203000,0.102,0.129,0.296,0.13,16114000,141382000,1.0,71097850,70906000,72063000,11.41,1052473000,27771000,-8135000,49997000,14.877,752934000
