ticker,dimension,calendardate,datekey,reportperiod,lastupdated,accoci,assets,assetsavg,assetsc,assetsnc,assetturnover,bvps,capex,cashneq,cashnequsd,cor,consolinc,currentratio,de,debt,debtc,debtnc,debtusd,deferredrev,depamor,deposits,divyield,dps,ebit,ebitda,ebitdamargin,ebitdausd,ebitusd,ebt,eps,epsdil,epsusd,equity,equityavg,equityusd,ev,evebit,evebitda,fcf,fcfps,fxusd,gp,grossmargin,intangibles,intexp,invcap,invcapavg,inventory,investments,investmentsc,investmentsnc,liabilities,liabilitiesc,liabilitiesnc,marketcap,ncf,ncfbus,ncfcommon,ncfdebt,ncfdiv,ncff,ncfi,ncfinv,ncfo,ncfx,netinc,netinccmn,netinccmnusd,netincdis,netincnci,netmargin,opex,opinc,payables,payoutratio,pb,pe,pe1,ppnenet,prefdivis,price,ps,ps1,receivables,retearn,revenue,revenueusd,rnd,roa,roe,roic,ros,sbcomp,sgna,sharefactor,sharesbas,shareswa,shareswadil,sps,tangibles,taxassets,taxexp,taxliabilities,tbvps,workingcapital
KORS,MRY,2011-12-31,2011-04-02,2011-04-02,2018-02-13,4033000,399495000,,245398000,154097000,,0.892,-57348000,21065000,21065000,357274000,72506000,1.921,2.134,114415000,12765000,101650000,114415000,0,25543000,0,,0.0,135080000,160623000,0.2,160623000,135080000,133219000,0.4,0.4,0.4,125320000,,125320000,,,,52960000,0.377,1.0,446065000,0.555,29801000,1861000,335319000,,117173000,0,0,0,267469000,127725000,139744000,,15401000,0,0,-35876000,0,-37726000,-57830000,0,110308000,649000,72506000,56877000,56877000,0,0,0.071,309199000,136866000,52873000,0.0,,,,119323000,15629000,,,,80081000,81287000,803339000,803339000,0,,,,0.168,0,279822000,1.0,,140554377,179177268,5.716,369694000,9273000,60713000,24196000,2.63,117673000
KORS,MRY,2012-12-31,2012-03-31,2012-03-31,2018-02-13,-735000,674425000,536960000,464063000,210362000,2.425,2.883,-88187000,106354000,106354000,549158000,147364000,2.812,0.478,22674000,22674000,0,22674000,0,37554000,0,0.0,0.0,250311000,287865000,0.221,287865000,250311000,248816000,0.8,0.78,0.8,456237000,290778500,456237000,,,,27103000,0.171,1.0,753096000,0.578,28151000,1495000,397588000,366453500,187413000,0,0,0,218188000,165006000,53182000,8979355460,85289000,0,19222000,7136000,0,58639000,-88187000,0,115290000,-453000,147364000,126137000,126137000,0,0,0.097,505414000,247682000,67326000,0.0,19.681,71.187,58.237,170755000,21227000,46.59,6.895,5.662,127226000,228651000,1302254000,1302254000,0,0.235,0.434,0.683,0.192,-5261000,464568000,1.0,192731390,158258126,189299197,8.229,646274000,15097000,101452000,14499000,4.084,299057000
KORS,MRY,2013-12-31,2013-03-30,2013-03-30,2018-02-13,-3461000,1289565000,981995000,989189000,300376000,2.222,5.235,-121321000,472511000,472511000,875166000,397602000,6.023,0.231,0,0,0,0,0,54291000,0,0.0,0.0,628651000,682942000,0.313,682942000,628651000,627127000,2.02,1.97,2.02,1047246000,751741500,1047246000,10861535638,17,15.904,242516000,1.233,1.0,1306566000,0.599,34985000,1524000,617821000,507704500,266894000,0,0,0,242319000,164248000,78071000,10945215638,373658000,-6000000,30435000,-24382000,0,150561000,-139099000,-3232000,363837000,-1641000,397602000,397602000,397602000,0,0,0.182,676552000,630014000,82977000,0.0,10.451,27.528,28.114,242113000,0,56.79,5.017,5.118,206454000,626253000,2181732000,2181732000,0,0.405,0.529,1.238,0.288,-123576000,621536000,1.0,192731390,196615054,201540144,11.096,1254580000,12869000,229525000,22237000,6.271,824941000
KORS,MRY,2014-12-31,2014-03-29,2014-03-29,2018-02-13,-6373000,2216973000,1857138750,1777169000,439804000,1.783,8.88,-184700000,971194000,971194000,1294700000,661500000,5.763,0.227,0,0,0,0,0,79700000,0,0.0,0.0,1008100000,1087800000,0.329,1087800000,1008100000,1007700000,3.27,3.22,3.27,1806131000,1504223500,1806131000,18085866732,17,16.626,448300000,2.213,1.0,2016100000,0.609,62039000,400000,875370000,787763250,426938000,0,0,0,410842000,308370000,102472000,18914207732,483900000,0,16600000,-200000,0,71100000,-215500000,-2000000,633000000,-4700000,661500000,661500000,661500000,0,0,0.2,1007900000,1008200000,143563000,0.0,10.472,28.593,28.364,350678000,0,92.75,5.713,5.675,298006000,1287738000,3310800000,3310800000,0,0.356,0.44,1.28,0.304,-25600000,926900000,1.0,203926768,202582945,205638107,16.343,2154934000,34201000,346200000,53272000,10.595,1468799000
KORS,MRY,2015-12-31,2015-03-28,2015-03-28,2018-02-13,-66800000,2684600000,2616744250,1989700000,694900000,1.671,11.214,-356200000,978900000,978900000,1723800000,881000000,6.098,0.198,0,0,0,0,0,138400000,0,0.0,0.0,1256000000,1394400000,0.319,1394400000,1256000000,1255800000,4.35,4.28,4.35,2241000000,2166742000,2241000000,12494775015,9,8.961,501700000,2.475,1.0,2647700000,0.606,75500000,200000,1303900000,1194911500,519900000,0,0,0,443600000,326300000,117300000,13444621015,7700000,-3000000,-480000000,0,0,-434700000,-388400000,0,857900000,-27100000,881000000,881000000,881000000,0,0,0.202,1390700000,1257000000,114100000,0.0,5.999,15.261,15.395,562900000,0,66.97,3.076,3.105,363400000,2168800000,4371500000,4371500000,0,0.337,0.407,1.051,0.287,3600000,1251500000,1.0,200755876,202680572,205865769,21.568,2609100000,23000000,374800000,32500000,13.056,1663400000
KORS,MRY,2016-12-31,2016-04-02,2016-04-02,2018-02-13,-80900000,2566800000,2519411250,1669800000,897000000,1.87,11.265,-369200000,702000000,702000000,1914900000,837700000,3.834,0.284,2300000,0,2300000,2300000,0,183200000,0,0.0,0.0,1175400000,1358600000,0.288,1358600000,1175400000,1173700000,4.5,4.44,4.5,1995700000,1986104750,1995700000,9529336133,8,7.014,859200000,4.612,1.0,2797200000,0.594,90600000,1700000,1341000000,1377826000,546800000,0,0,0,567300000,435500000,131800000,10222182133,-276900000,-500000,-1139700000,-9600000,0,-1128300000,-381100000,0,1228400000,4100000,839100000,839100000,839100000,0,-1400000,0.178,1622100000,1175100000,131400000,0.0,5.122,12.182,12.66,758200000,0,56.97,2.169,2.252,307900000,3007800000,4712100000,4712100000,0,0.333,0.422,0.853,0.249,27300000,1428000000,1.0,179430966,186293295,189054289,25.294,2476200000,24500000,334600000,55100000,13.977,1234300000
KORS,MRY,2017-12-31,2017-04-01,2017-04-01,2018-02-13,-80600000,2409600000,2656650000,1164700000,1244900000,1.691,9.972,-164800000,227700000,227700000,1832300000,551500000,2.059,0.511,133100000,133100000,0,133100000,0,219800000,0,0.0,0.0,693700000,913500000,0.203,913500000,693700000,689600000,3.33,3.29,3.33,1595000000,1720550000,1595000000,5969779407,8,6.535,863200000,5.2,1.0,2661400000,0.592,537800000,4100000,1211400000,1341975000,549300000,0,0,0,814600000,565800000,248800000,6190779407,-472400000,-480600000,-996400000,146200000,0,-843600000,-650900000,0,1028000000,-5900000,552500000,552500000,552500000,0,-1000000,0.123,1971500000,689900000,176300000,0.0,3.881,11.205,11.444,591500000,0,38.11,1.378,1.408,265800000,3560300000,4493700000,4493700000,0,0.208,0.321,0.517,0.154,27300000,1552500000,1.0,162445012,165986733,168123813,27.073,1871800000,73300000,137100000,140300000,11.703,598900000
