ticker,dimension,calendardate,datekey,reportperiod,lastupdated,accoci,assets,assetsavg,assetsc,assetsnc,assetturnover,bvps,capex,cashneq,cashnequsd,cor,consolinc,currentratio,de,debt,debtc,debtnc,debtusd,deferredrev,depamor,deposits,divyield,dps,ebit,ebitda,ebitdamargin,ebitdausd,ebitusd,ebt,eps,epsdil,epsusd,equity,equityavg,equityusd,ev,evebit,evebitda,fcf,fcfps,fxusd,gp,grossmargin,intangibles,intexp,invcap,invcapavg,inventory,investments,investmentsc,investmentsnc,liabilities,liabilitiesc,liabilitiesnc,marketcap,ncf,ncfbus,ncfcommon,ncfdebt,ncfdiv,ncff,ncfi,ncfinv,ncfo,ncfx,netinc,netinccmn,netinccmnusd,netincdis,netincnci,netmargin,opex,opinc,payables,payoutratio,pb,pe,pe1,ppnenet,prefdivis,price,ps,ps1,receivables,retearn,revenue,revenueusd,rnd,roa,roe,roic,ros,sbcomp,sgna,sharefactor,sharesbas,shareswa,shareswadil,sps,tangibles,taxassets,taxexp,taxliabilities,tbvps,workingcapital
KRC,MRY,2011-12-31,2011-12-31,2011-12-31,2018-04-28,0,3446795000,3230299750,,,0.096,22.708,-630386000,5135000,5135000,90703000,67489000,,1.541,1821286000,,,1821286000,79781000,136597000,0,0.037,1.4,151800000,288397000,0.929,288397000,151800000,66015000,0.87,0.87,0.87,1327482000,1256970250,1327482000,3944422164,25,13.677,-492130000,-8.677,1.0,219721000,0.708,0,85785000,5262946000,4890461000,0,5691000,,,2045675000,,,2225740164,-10063000,0,232555000,354811000,-80005000,485964000,-634283000,0,138256000,0,66015000,50819000,50819000,-83073000,1474000,0.164,150091000,69630000,81713000,1.609,1.677,43.797,43.759,3140343000,15196000,38.07,7.17,6.956,8395000,-277450000,310424000,310424000,0,0.016,0.04,0.031,0.489,4482000,28148000,1.0,58464412,56717121,56717121,5.473,3446795000,0,0,0,58.961,
KRC,MRY,2012-12-31,2012-12-31,2012-12-31,2018-04-28,0,4616084000,4159697000,,,0.09,29.339,-694898000,264244000,264244000,105560000,277101000,,1.087,2040935000,,,2040935000,117904000,169900000,0,0.03,1.4,350028000,519928000,1.393,519928000,350028000,270914000,3.56,3.56,3.56,2189630000,1928478500,2189630000,5357773520,15,10.305,-514174000,-7.383,1.0,267758000,0.717,0,79114000,6392775000,5841141000,0,7435000,,,2380151000,,,3538204520,11923000,0,670570000,-4262000,-97386000,537705000,-706506000,0,180724000,0,270914000,249826000,249826000,-282576000,6187000,0.669,194967000,72791000,154734000,0.393,1.616,14.163,13.306,4000879000,21088000,47.37,9.478,8.837,9220000,-129535000,373318000,373318000,0,0.06,0.13,0.06,0.938,7670000,36188000,1.0,74692939,69639623,69639623,5.361,4616084000,0,0,0,61.851,
KRC,MRY,2013-12-31,2013-12-31,2013-12-31,2018-04-28,0,5111028000,4932778250,,,0.093,29.971,-734287000,85157000,85157000,133532000,44565000,,1.054,2204938000,,,2204938000,101286000,201487000,0,0.028,1.4,119750000,321237000,0.703,321237000,119750000,43880000,0.37,0.37,0.37,2461312000,2337202750,2461312000,6067555978,50,18.888,-493711000,-6.383,1.0,323579000,0.708,0,75870000,7230809000,6962123250,0,10008000,,,2594868000,,,4120454978,18677000,0,347431000,66213000,-111517000,284621000,-506520000,0,240576000,0,43880000,30630000,30630000,-29630000,685000,0.067,234409000,89170000,198467000,3.784,1.674,134.524,135.622,4659090000,13250000,50.18,9.014,8.491,10743000,-210896000,457111000,457111000,0,0.006,0.013,0.017,0.262,8616000,39660000,1.0,82113491,77343853,77343853,5.91,5111028000,0,0,0,62.236,
KRC,MRY,2014-12-31,2014-12-31,2014-12-31,2018-04-28,0,5633736000,5377383750,,,0.097,31.446,-901592000,98966000,98966000,145711000,183808000,,1.091,2469413000,,,2469413000,132239000,204478000,0,0.02,1.4,247790000,452268000,0.867,452268000,247790000,180219000,1.99,1.95,1.99,2666210000,2581483000,2666210000,8009880893,32,17.71,-656339000,-7.899,1.0,376014000,0.721,0,67571000,8004183000,7561687500,0,11971000,,,2909800000,,,5798891893,-11596000,427544000,98696000,264183000,-118463000,244587000,-501436000,0,245253000,0,180219000,166969000,166969000,-124495000,3589000,0.32,253181000,122833000,225830000,0.704,2.175,34.73,34.709,5118479000,13250000,69.07,11.115,11.0,7229000,-162964000,521725000,521725000,0,0.031,0.065,0.033,0.475,12095000,46152000,1.0,83956738,83090235,84967720,6.279,5633736000,0,0,0,66.447,
KRC,MRY,2015-12-31,2015-12-31,2015-12-31,2018-04-28,0,5926430000,5923056750,,,0.098,34.398,-655878000,57204000,57204000,155601000,238604000,,0.849,2225469000,,,2225469000,128156000,204294000,0,0.022,1.4,291763000,496057000,0.853,496057000,291763000,234081000,2.44,2.42,2.44,3170966000,2999210750,3170966000,7916939823,27,15.96,-383870000,-4.272,1.0,425674000,0.732,0,57682000,8094695000,8160116500,0,12882000,,,2691844000,,,5835704823,-41762000,319639000,380317000,-226990000,-126839000,23471000,-337241000,-3000000,272008000,0,234081000,220831000,220831000,0,4523000,0.38,256697000,168977000,246323000,0.574,1.84,26.426,25.934,5451571000,13250000,63.28,10.039,9.782,11153000,-70262000,581275000,581275000,0,0.037,0.074,0.036,0.502,15537000,48265000,1.0,92220367,89854096,90395775,6.469,5926430000,0,0,0,64.288,
KRC,MRY,2016-12-31,2016-12-31,2016-12-31,2018-04-28,0,6706633000,6385328750,,,0.101,38.217,-890253000,250129000,250129000,169138000,303798000,,0.832,2320123000,,,2320123000,150360000,217234000,0,0.046,3.375,349591000,566825000,0.882,566825000,349591000,293788000,3.0,2.97,3.0,3542995000,3416237750,3542995000,8665505864,24,15.288,-545199000,-5.904,1.0,473434000,0.737,0,55803000,8776627000,8416443250,0,14773000,,,2947316000,,,6756191864,192925000,325031000,22242000,95860000,-137444000,427291000,-579420000,-16100000,345054000,0,293788000,280538000,280538000,0,10010000,0.437,279604000,193830000,202391000,1.125,1.907,24.083,24.407,5930318000,13250000,73.22,10.514,10.522,13460000,-107997000,642572000,642572000,0,0.044,0.082,0.042,0.544,21064000,57029000,1.0,92272492,92342483,93023034,6.959,6706633000,0,0,0,72.341,
KRC,MRY,2017-12-31,2017-12-31,2017-12-31,2018-04-28,0,6802838000,6907542250,,,0.104,37.599,-505694000,66798000,66798000,196420000,180615000,,0.768,2347063000,,,2347063000,145890000,245886000,0,0.022,1.65,230652000,476538000,0.663,476538000,230652000,164612000,1.52,1.51,1.52,3700793000,3726612000,3700793000,9535214410,41,20.009,-158682000,-1.617,1.0,522581000,0.727,0,66040000,9083103000,9087706250,0,20674000,,,2842522000,,,7344235410,-183331000,182492000,313072000,25052000,-340697000,-171241000,-359102000,0,347012000,0,164612000,151249000,151249000,0,16003000,0.21,316073000,206508000,249637000,1.086,1.985,48.557,49.112,6153615000,13363000,74.65,10.214,10.187,16926000,-122685000,719001000,719001000,0,0.022,0.041,0.025,0.321,19046000,60581000,1.0,98382256,98113561,98727331,7.328,6802838000,0,0,0,69.115,
