ticker,dimension,calendardate,datekey,reportperiod,lastupdated,accoci,assets,assetsavg,assetsc,assetsnc,assetturnover,bvps,capex,cashneq,cashnequsd,cor,consolinc,currentratio,de,debt,debtc,debtnc,debtusd,deferredrev,depamor,deposits,divyield,dps,ebit,ebitda,ebitdamargin,ebitdausd,ebitusd,ebt,eps,epsdil,epsusd,equity,equityavg,equityusd,ev,evebit,evebitda,fcf,fcfps,fxusd,gp,grossmargin,intangibles,intexp,invcap,invcapavg,inventory,investments,investmentsc,investmentsnc,liabilities,liabilitiesc,liabilitiesnc,marketcap,ncf,ncfbus,ncfcommon,ncfdebt,ncfdiv,ncff,ncfi,ncfinv,ncfo,ncfx,netinc,netinccmn,netinccmnusd,netincdis,netincnci,netmargin,opex,opinc,payables,payoutratio,pb,pe,pe1,ppnenet,prefdivis,price,ps,ps1,receivables,retearn,revenue,revenueusd,rnd,roa,roe,roic,ros,sbcomp,sgna,sharefactor,sharesbas,shareswa,shareswadil,sps,tangibles,taxassets,taxexp,taxliabilities,tbvps,workingcapital
KYO,MRY,2011-12-31,2011-03-31,2011-03-31,2017-06-29,-75633000000,1946566000000,1897641500000,1129501000000,817065000000,0.668,3869.568,-65844000000,273471000000,3299187206,888869000000,130118000000,3.757,0.326,43077000000,18539000000,24538000000,519686135,0,71544000000,0,0.014,0.73,166921000000,238465000000,0.188,2876870590,2013755124,164662000000,333.62,333.62,4.025,1420263000000,1382749000000,17134224540,15508092089,7,5.391,53843000000,146.698,82.89,378055000000,0.298,106861000000,2259000000,1308696000000,1242188000000,232899000000,639708000000,245829000000,393879000000,463207000000,300615000000,162592000000,18519464996,-39655000000,-1581000000,-69000000,-955000000,-23654000000,-26820000000,-121364000000,-48188000000,119687000000,-11158000000,122448000000,122448000000,1477227475,0,7670000000,0.097,222131000000,155924000000,162491000000,0.181,1.081,12.537,12.536,247754000000,0,50.456,1.212,1.212,223145000000,1268548000000,1266924000000,15284324306,0,0.065,0.089,0.134,0.132,0,222131000000,1.0,367041878,367034000,367034000,41.643,1839705000000,43035000000,42214000000,108074000000,5012.356,828886000000
KYO,MRY,2012-12-31,2012-03-31,2012-03-31,2017-06-29,-81639000000,1994103000000,1970334500000,1144603000000,849500000000,0.604,4005.17,-67765000000,273288000000,3294071849,870143000000,84758000000,3.802,0.313,35869000000,14672000000,21197000000,432346327,0,73120000000,0,0.015,0.7,111534000000,184654000000,0.155,2225723571,1344373004,109492000000,216.29,216.29,2.607,1469505000000,1444884000000,17712651317,14094427238,10,6.333,41300000000,112.564,82.964,320727000000,0.269,138692000000,2042000000,1316944000000,1312820000000,270336000000,597817000000,205940000000,391877000000,459862000000,301048000000,158814000000,16941917298,-183000000,-36247000000,-540000000,-22640000000,-25874000000,-50769000000,-56051000000,51589000000,109065000000,-2428000000,79357000000,79357000000,956528130,0,5401000000,0.067,223052000000,97675000000,163692000000,0.269,0.956,17.712,17.706,260537000000,0,46.16,1.18,1.18,240344000000,1324052000000,1190870000000,14354129502,0,0.04,0.055,0.085,0.094,0,223052000000,1.0,367025938,366902000,366902000,39.123,1855411000000,45049000000,30135000000,103675000000,5056.966,843555000000
KYO,MRY,2013-12-31,2013-03-31,2013-03-31,2017-06-29,50138000000,2282853000000,2138478000000,1268383000000,1014470000000,0.599,4486.86,-58416000000,305454000000,3242628228,952350000000,67351000000,3.883,0.345,33807000000,12952000000,20855000000,358887205,0,73597000000,0,0.014,0.62,102375000000,175972000000,0.137,1868077598,1086789058,100485000000,181.18,181.18,1.923,1646157000000,1557831000000,17475217732,13798264568,12,7.386,51073000000,139.207,94.2,327704000000,0.256,158008000000,1890000000,1526568000000,1421756000000,296450000000,742887000000,223736000000,519151000000,567911000000,326630000000,241281000000,16775946484,32166000000,-20683000000,0,-5143000000,-24336000000,-31431000000,-66142000000,15867000000,109489000000,20250000000,66473000000,66473000000,705661822,0,878000000,0.052,250778000000,76926000000,163267000000,0.322,0.96,23.773,23.773,268824000000,0,45.725,1.235,1.235,291283000000,1368512000000,1280054000000,13588753903,0,0.031,0.043,0.072,0.08,0,250778000000,1.0,366887840,366884000,366884000,37.038,2124845000000,47349000000,34012000000,168443000000,5791.599,941753000000
KYO,MRY,2014-12-31,2014-03-31,2014-03-31,2017-06-29,250963000000,2636704000000,2459778500000,1367435000000,1269269000000,0.588,5206.402,-50301000000,335174000000,3257779165,1068465000000,95014000000,4.176,0.34,35890000000,16424000000,19466000000,348838794,0,76151000000,0,0.024,1.07,141955000000,218106000000,0.151,2119917364,1379755116,140010000000,241.93,241.93,2.351,1910083000000,1778120000000,18565367846,13836155065,10,6.527,98840000000,269.413,102.884,378904000000,0.262,175958000000,1945000000,1834011000000,1680289500000,335802000000,1029290000000,276231000000,753059000000,649478000000,327451000000,322027000000,16601303710,29720000000,-15975000000,0,-2789000000,-28624000000,-32805000000,-101141000000,-30185000000,149141000000,14525000000,88756000000,88756000000,862678631,0,6258000000,0.061,258322000000,120582000000,170648000000,0.455,0.894,19.244,19.243,270557000000,0,45.25,1.18,1.18,274842000000,1415784000000,1447369000000,14067942541,0,0.036,0.05,0.084,0.098,0,257593000000,1.0,366879640,366872000,366872000,38.346,2460746000000,41499000000,51254000000,259307000000,6707.369,1039984000000
KYO,MRY,2015-12-31,2015-03-31,2015-03-31,2017-06-29,469673000000,3021184000000,2828944000000,1457547000000,1563637000000,0.54,6038.529,-52808000000,351363000000,2930215335,1137137000000,125303000000,4.091,0.324,31451000000,13570000000,17881000000,262287726,0,72994000000,0,0.005,0.29,114152000000,187146000000,0.123,1560716635,951978270,112434000000,315.85,315.85,2.634,2215319000000,2062701000000,18474801580,17198125928,18,11.019,77959000000,212.501,119.91,389399000000,0.255,158782000000,1718000000,2186239000000,2010125000000,354499000000,1351635000000,279595000000,1072040000000,717561000000,356251000000,361310000000,20148319987,16189000000,-1843000000,0,-3259000000,-32705000000,-39992000000,-93608000000,-31981000000,130767000000,19022000000,115875000000,115875000000,966347344,0,9428000000,0.076,295971000000,93428000000,179267000000,0.11,1.091,20.85,20.85,261491000000,0,54.92,1.583,1.583,313164000000,1502310000000,1526536000000,12730649493,0,0.041,0.056,0.057,0.075,0,277515000000,1.0,366866715,366864000,366864000,34.701,2862402000000,0,-3441000000,309770000000,7802.352,1101296000000
KYO,MRY,2016-12-31,2016-03-31,2016-03-31,2017-06-29,469803000000,3095049000000,3058116500000,1434761000000,1660288000000,0.484,6226.545,-49113000000,374020000000,3330652954,1093467000000,114191000000,3.901,0.316,32750000000,14635000000,18115000000,291639175,0,76647000000,0,0.018,0.79,142253000000,218900000000,0.148,1949307340,1266764811,140439000000,297.24,297.24,2.647,2284264000000,2249791500000,20341400565,13595694845,10,6.975,144927000000,395.048,112.296,386160000000,0.261,161705000000,1814000000,2224242000000,2205240500000,327875000000,1466712000000,315179000000,1151533000000,721287000000,367832000000,353455000000,16200597481,22657000000,-22676000000,0,-4715000000,-43874000000,-50608000000,-106809000000,-26144000000,194040000000,-13966000000,109047000000,109047000000,971064950,0,5144000000,0.074,293504000000,92656000000,198402000000,0.298,0.796,16.683,16.684,264487000000,0,44.16,1.23,1.23,284016000000,1571002000000,1479627000000,13176097637,0,0.036,0.048,0.065,0.096,0,279361000000,1.0,366861356,366859000,366859000,35.916,2933344000000,0,31392000000,294067000000,7995.835,1066929000000
KYO,MRY,2017-12-31,2017-03-31,2017-03-31,2017-06-29,447479000000,3110470000000,3102759500000,1438697000000,1671773000000,0.459,6352.861,-63485000000,376195000000,3395445601,1049472000000,109407000000,3.945,0.296,24835000000,8426000000,16409000000,224154737,0,77445000000,0,0.007,0.39,133186000000,210631000000,0.148,1901104752,1202104807,132285000000,282.62,282.62,2.551,2334219000000,2309241500000,21068099355,17242396480,14,9.07,100746000000,274.192,110.794,373282000000,0.262,171705000000,901000000,2222744000000,2223493000000,331155000000,1450373000000,297371000000,1153002000000,691561000000,364661000000,326900000000,20591687732,2175000000,-19673000000,0,-6128000000,-39982000000,-47972000000,-112089000000,-21993000000,164231000000,-1995000000,103843000000,103843000000,937261945,0,5564000000,0.073,268740000000,104542000000,190341000000,0.153,0.977,21.97,22.004,266604000000,0,56.13,1.604,1.606,314262000000,1638116000000,1422754000000,12841435456,0,0.033,0.045,0.06,0.094,0,268740000000,1.0,366857077,367428000,367428000,34.95,2938765000000,0,28442000000,274566000000,7998.206,1074036000000
