ticker,dimension,calendardate,datekey,reportperiod,lastupdated,accoci,assets,assetsavg,assetsc,assetsnc,assetturnover,bvps,capex,cashneq,cashnequsd,cor,consolinc,currentratio,de,debt,debtc,debtnc,debtusd,deferredrev,depamor,deposits,divyield,dps,ebit,ebitda,ebitdamargin,ebitdausd,ebitusd,ebt,eps,epsdil,epsusd,equity,equityavg,equityusd,ev,evebit,evebitda,fcf,fcfps,fxusd,gp,grossmargin,intangibles,intexp,invcap,invcapavg,inventory,investments,investmentsc,investmentsnc,liabilities,liabilitiesc,liabilitiesnc,marketcap,ncf,ncfbus,ncfcommon,ncfdebt,ncfdiv,ncff,ncfi,ncfinv,ncfo,ncfx,netinc,netinccmn,netinccmnusd,netincdis,netincnci,netmargin,opex,opinc,payables,payoutratio,pb,pe,pe1,ppnenet,prefdivis,price,ps,ps1,receivables,retearn,revenue,revenueusd,rnd,roa,roe,roic,ros,sbcomp,sgna,sharefactor,sharesbas,shareswa,shareswadil,sps,tangibles,taxassets,taxexp,taxliabilities,tbvps,workingcapital
LAD,MRY,2011-12-31,2011-12-31,2011-12-31,2018-04-28,-4508000,1146133000,1095834750,648191000,497942000,2.403,14.148,-31673000,20851000,20851000,2187462000,58860000,1.42,2.122,630814000,352161000,278653000,630814000,25146000,16948000,0,0.012,0.26,115162000,132110000,0.05,132110000,115162000,91920000,2.24,2.21,2.24,367121000,347051750,367121000,1172469649,10,8.875,-32439000,-1.237,1.0,445284000,0.169,78053000,23242000,1221459000,1181569250,506484000,0,0,0,779012000,456584000,322428000,566511649,11545000,-36647000,-7914000,69244000,-6822000,51733000,-39422000,121000,-766000,0,58860000,58860000,58860000,-3650000,0,0.022,334466000,110818000,31712000,0.116,1.543,9.625,9.759,373779000,0,21.86,0.215,0.218,99407000,80877000,2632746000,2632746000,0,0.054,0.17,0.097,0.044,1476000,316663000,1.0,25915446,26230000,26664000,100.372,1068080000,34000000,33060000,0,41.162,191607000
LAD,MRY,2012-12-31,2012-12-31,2012-12-31,2018-04-28,-2615000,1492702000,1335385250,933209000,559493000,2.484,16.727,-64584000,42839000,42839000,2777187000,80362000,1.294,2.487,876642000,589766000,286876000,876642000,33589000,17314000,0,0.013,0.47,151861000,169175000,0.051,169175000,151861000,129424000,3.13,3.07,3.13,428101000,401064250,428101000,1709615595,11,10.106,-277060000,-10.782,1.0,539300000,0.163,94476000,22437000,1510725000,1363175000,723326000,0,0,0,1064601000,721304000,343297000,956135595,21988000,-38098000,-14627000,354052000,-12066000,333461000,-98997000,-2342000,-212476000,0,80362000,80362000,80362000,-967000,0,0.024,390931000,148369000,41589000,0.15,2.233,11.898,11.955,425086000,0,37.42,0.288,0.29,133149000,149173000,3316487000,3316487000,0,0.06,0.2,0.111,0.046,314000,373688000,1.0,25551459,25696000,26170000,129.066,1398226000,20955000,49062000,0,54.631,211905000
LAD,MRY,2013-12-31,2013-12-31,2013-12-31,2018-04-28,-1538000,1725121000,1574129500,1081549000,643572000,2.545,20.652,-50025000,23686000,23686000,3374796000,106000000,1.24,2.226,966409000,720938000,245471000,966409000,44005000,20035000,0,0.006,0.39,187297000,207332000,0.052,207332000,187297000,166574000,4.11,4.05,4.11,534722000,491451250,534722000,2594642784,13,12.514,-17966000,-0.696,1.0,630953000,0.158,120710000,20723000,1674623000,1547955750,859019000,0,0,0,1190399000,872511000,317888000,1797249784,-19153000,-81105000,-2930000,86131000,-10085000,79110000,-130322000,-3824000,32059000,0,106000000,106000000,106000000,-786000,0,0.026,447435000,183518000,51159000,0.095,3.361,16.955,16.891,481212000,0,69.42,0.449,0.447,170519000,245088000,4005749000,4005749000,0,0.067,0.216,0.121,0.047,571000,427400000,1.0,25889510,25805000,26191000,155.232,1604411000,11804000,60574000,0,61.966,209038000
LAD,MRY,2014-12-31,2014-12-31,2014-12-31,2018-04-28,-926000,2880932000,2142559500,1615509000,1265423000,2.516,25.622,-85983000,29898000,29898000,4567004000,138720000,1.12,3.28,1819657000,1210591000,609066000,1819657000,54403000,26363000,0,0.007,0.61,238278000,264641000,0.049,264641000,238278000,213675000,5.31,5.26,5.31,673105000,611426500,673105000,3266041155,13,12.341,-55016000,-2.106,1.0,823322000,0.153,350267000,24603000,2877824000,2088514750,1249659000,0,0,0,2207827000,1442600000,765227000,2275696155,6212000,-649017000,-18378000,739698000,-15929000,711577000,-736332000,-6228000,30967000,0,138720000,138720000,138720000,-3180000,0,0.026,591423000,231899000,70853000,0.115,3.381,16.405,16.326,816745000,0,86.69,0.422,0.42,295379000,367879000,5390326000,5390326000,0,0.065,0.227,0.114,0.044,1250000,563207000,1.0,26250965,26121000,26382000,206.36,2530665000,0,74955000,45398000,96.329,172909000
LAD,MRY,2015-12-31,2015-12-31,2015-12-31,2018-04-28,-277000,3225130000,3053549750,1878479000,1346651000,2.575,31.552,-83244000,45008000,45008000,6688618000,182999000,1.181,2.894,1957141000,1352461000,604680000,1957141000,66734000,41600000,0,0.007,0.76,301729000,343329000,0.044,343329000,301729000,262704000,6.96,6.91,6.96,828164000,769004000,828164000,4612899320,15,13.436,-3693000,-0.14,1.0,1175634000,0.149,370919000,39025000,3175905000,3027173250,1470987000,0,0,0,2396966000,1590439000,806527000,2800756320,15110000,-58649000,-25483000,150760000,-19985000,105292000,-169733000,-28110000,79551000,0,182999000,182999000,182999000,0,0,0.023,872899000,302735000,70871000,0.109,3.382,15.305,15.326,876660000,0,106.67,0.356,0.357,308462000,530893000,7864252000,7864252000,0,0.06,0.238,0.1,0.038,11871000,811175000,1.0,26256270,26290000,26490000,299.135,2854211000,0,79705000,53129000,108.74,288040000
LAD,MRY,2016-12-31,2016-12-31,2016-12-31,2018-04-28,0,3844150000,3499361000,2287194000,1556956000,2.48,36.191,-100761000,50282000,50282000,7376842000,197058000,1.19,3.221,2392378000,1622462000,769916000,2392378000,81929000,49369000,0,0.01,0.95,332261000,381630000,0.044,381630000,332261000,283523000,7.76,7.72,7.76,910776000,852251000,910776000,4763684504,14,12.482,-9856000,-0.388,1.0,1301315000,0.15,443667000,48738000,3820585000,3481409250,1772587000,0,0,0,2933374000,1921994000,1011380000,2608233504,5274000,-222863000,-106007000,396200000,-24131000,266062000,-351693000,-30280000,90905000,0,197058000,197058000,197058000,0,0,0.023,962951000,338364000,88423000,0.122,2.864,13.236,12.478,1006130000,0,96.83,0.301,0.284,417714000,703820000,8678157000,8678157000,0,0.056,0.231,0.095,0.038,11047000,899590000,1.0,26936213,25409000,25521000,341.539,3400483000,0,86465000,59075000,135.122,365200000
LAD,MRY,2017-12-31,2017-12-31,2017-12-31,2018-04-28,0,4683066000,4208279500,2782782000,1900284000,2.397,43.346,-105378000,57253000,57253000,8570424000,245217000,1.209,3.323,2966378000,1937902000,1028476000,2966378000,103111000,57722000,0,0.009,1.06,421181000,478903000,0.047,478903000,421181000,347069000,9.78,9.75,9.78,1083218000,1013146750,1083218000,5518317303,13,11.523,43478000,1.735,1.0,1516086000,0.15,443297000,74112000,4847913000,4258024500,2132744000,0,0,0,3599848000,2300981000,1298867000,2834998303,6971000,-439451000,-26244000,482497000,-26544000,396313000,-538198000,-8570000,148856000,0,245217000,245217000,245217000,0,0,0.024,1107100000,408986000,111362000,0.108,2.617,11.561,11.615,1185169000,0,113.59,0.281,0.282,521938000,922662000,10086510000,10086510000,0,0.058,0.242,0.099,0.042,11272000,1049378000,1.0,24958168,25065000,25145000,402.414,4239769000,0,101852000,56277000,169.659,481801000
