ticker,dimension,calendardate,datekey,reportperiod,lastupdated,accoci,assets,assetsavg,assetsc,assetsnc,assetturnover,bvps,capex,cashneq,cashnequsd,cor,consolinc,currentratio,de,debt,debtc,debtnc,debtusd,deferredrev,depamor,deposits,divyield,dps,ebit,ebitda,ebitdamargin,ebitdausd,ebitusd,ebt,eps,epsdil,epsusd,equity,equityavg,equityusd,ev,evebit,evebitda,fcf,fcfps,fxusd,gp,grossmargin,intangibles,intexp,invcap,invcapavg,inventory,investments,investmentsc,investmentsnc,liabilities,liabilitiesc,liabilitiesnc,marketcap,ncf,ncfbus,ncfcommon,ncfdebt,ncfdiv,ncff,ncfi,ncfinv,ncfo,ncfx,netinc,netinccmn,netinccmnusd,netincdis,netincnci,netmargin,opex,opinc,payables,payoutratio,pb,pe,pe1,ppnenet,prefdivis,price,ps,ps1,receivables,retearn,revenue,revenueusd,rnd,roa,roe,roic,ros,sbcomp,sgna,sharefactor,sharesbas,shareswa,shareswadil,sps,tangibles,taxassets,taxexp,taxliabilities,tbvps,workingcapital
LAKE,MRY,2011-12-31,2012-01-31,2012-01-31,2018-04-16,-25489,102404854,106582669,73707953,28696901,0.904,14.022,-4871932,5711038,5711038,67541191,-376825,7.797,0.398,18170748,1898259,16272489,18170748,0,1939469,0,0.0,0.0,47942,1987411,0.021,1987411,47942,-631144,-0.07,-0.07,-0.07,73266857,75538687,73266857,61920162,1291,31.156,-4876391,-0.933,1.0,28785798,0.299,10660289,679086,94751087,94656287,45668355,0,0,0,29137997,9453188,19684809,49221732,-242031,0,-339371,5006939,0,4616379,-4871932,0,-4459,17981,-376825,-376825,-376825,1469999,0,-0.004,27043605,1742193,4600437,0.0,0.672,-130.622,-134.571,13914826,0,9.42,0.511,0.511,12576362,25816224,96326989,96326989,0,-0.004,-0.005,0.001,0.0,543542,27043605,1.0,5225237,5224552,5356114,18.437,91744565,8551584,-254319,3312953,17.558,64254765
LAKE,MRY,2012-12-31,2013-01-31,2013-01-31,2018-04-16,-1214115,83318003,96793431,63871883,19446120,0.983,8.625,-1384539,6736962,6736962,67790106,-26288669,2.289,0.812,18086227,16788142,1298085,18086227,0,1550865,0,0.0,0.0,-20339459,-18788594,-0.198,-18788594,-20339459,-21252905,-4.97,-4.97,-4.97,45991100,57608643,45991100,39238917,-1,-2.088,2834,0.001,1.0,27327433,0.287,1348497,913446,65416375,70711752,39270675,0,0,0,37326903,27902396,9424507,26926869,1025924,0,0,97679,0,-30134,-584539,0,1387373,22723,-26288669,-26288669,-26288669,521707,0,-0.276,28357601,-1030168,6704001,0.0,0.585,-1.024,-1.016,14089987,0,5.05,0.283,0.281,13782908,-472445,95117539,95117539,0,-0.272,-0.456,-0.288,-0.214,332761,28357601,1.0,5332159,5290332,5290332,17.98,81969506,4026220,5035764,3328820,15.372,35969487
LAKE,MRY,2013-12-31,2014-01-31,2014-01-31,2018-04-16,-1848680,80482981,84352070,65481005,15001976,1.083,7.495,-828894,4555097,4555097,66551354,-119501,2.44,0.81,17659995,15023969,2636026,17659995,0,1606993,0,0.0,0.0,-784442,822551,0.009,822551,-784442,-2970892,-0.02,-0.02,-0.02,44476774,47293328,44476774,47203460,-60,57.387,-4710267,-0.828,1.0,24833341,0.272,2404646,2186450,64348498,66315449,39844309,0,0,0,36006207,26834735,9171472,35130676,-2181865,724402,0,1916944,0,1860573,-104492,0,-3881373,-56573,-119501,-119501,-119501,0,0,-0.001,25192350,-359009,8181026,0.0,0.79,-293.978,-328.0,12069107,0,6.56,0.384,0.408,13795301,-3744673,91384695,91384695,0,-0.001,-0.003,-0.012,-0.009,197744,25192350,1.0,5355286,5689230,5689230,16.063,78078335,5302146,-2851391,2705532,13.158,38646270
LAKE,MRY,2014-12-31,2015-01-31,2015-01-31,2018-04-16,-2714000,93208000,89032233,68635000,24573000,1.049,8.963,-938000,6709000,6709000,61721000,8399000,2.617,0.474,9103000,8303000,800000,9103000,0,1109000,0,0.0,0.0,1899000,3008000,0.032,3008000,1899000,211000,1.35,1.33,1.35,63256000,53100518,63256000,62647216,32,20.827,1988000,0.32,1.0,31698000,0.339,1042000,1688000,68338000,67037609,37092000,0,0,0,29952000,26222000,3730000,59900001,2154000,0,0,-9765000,0,261000,-938000,0,2926000,-95000,8399000,8399000,8399000,2687000,0,0.09,24737000,6961000,7763000,0.0,0.947,7.132,6.296,10144000,0,8.5,0.641,0.565,13277000,4654000,93419000,93419000,0,0.094,0.158,0.028,0.02,1203000,24737000,1.0,7047059,6214303,6325525,15.033,92166000,16135000,-8188000,60000,13.059,42413000
LAKE,MRY,2015-12-31,2016-01-31,2016-01-31,2018-04-16,-2184000,88260000,92860500,62117000,26143000,1.073,9.322,-389000,7022000,7022000,63313000,3854000,3.112,0.307,13425000,12734000,691000,13425000,0,986000,0,0.0,0.0,7756000,8742000,0.088,8742000,7756000,6971000,0.54,0.53,0.54,67516000,67345000,67516000,100850018,13,11.536,-907000,-0.126,1.0,36333000,0.365,871000,785000,73834000,74225250,40841000,0,0,0,20744000,19958000,786000,93625018,313000,-2286000,40000,4416000,0,3706000,-2675000,0,-518000,-200000,3854000,3854000,3854000,3936000,0,0.039,24521000,11812000,4254000,0.0,1.387,24.293,23.944,9268000,0,12.93,0.94,0.931,11476000,8508000,99646000,99646000,0,0.042,0.057,0.104,0.078,586000,24521000,1.0,7240914,7171965,7254340,13.894,87389000,15858000,3117000,95000,12.066,42159000
LAKE,MRY,2016-12-31,2017-01-31,2017-01-31,2018-04-16,-2382000,84554000,87333000,60086000,24468000,0.987,9.846,-413000,10365000,10365000,54546000,3893000,4.873,0.182,5784000,5068000,716000,5784000,0,1194000,0,0.0,0.0,6893000,8087000,0.094,8087000,6893000,6273000,0.54,0.53,0.54,71507000,69840000,71507000,77155596,11,9.541,11080000,1.527,1.0,31637000,0.367,871000,620000,66771000,69435250,35535000,0,0,0,13047000,12331000,716000,78789596,3343000,0,41000,-7684000,0,-7664000,-413000,0,11493000,-73000,3893000,3893000,3893000,0,0,0.045,24790000,6847000,4928000,0.0,1.102,20.239,20.093,8527000,0,10.85,0.914,0.914,10704000,12401000,86183000,86183000,0,0.045,0.056,0.099,0.08,276000,24790000,1.0,7261714,7257553,7327248,11.875,83683000,15354000,2380000,0,11.523,47755000
LAKE,MRY,2017-12-31,2018-01-31,2018-01-31,2018-04-16,-1651000,94531000,91886250,76500000,18031000,1.045,10.2,-905000,15788000,15788000,59784000,440000,7.371,0.141,1681000,369000,1312000,1681000,0,775000,0,0.0,0.0,8506000,9281000,0.097,9281000,8506000,8343000,0.06,0.06,0.06,82840000,79631500,82840000,95208405,11,10.258,-257000,-0.034,1.0,36203000,0.377,871000,163000,69174000,67005500,42919000,0,0,0,11691000,10379000,1312000,114438405,5423000,0,10114000,-4159000,0,5579000,-905000,0,648000,101000,440000,440000,440000,0,0,0.005,27726000,8477000,7057000,0.0,1.381,260.087,235.0,8789000,0,14.1,1.192,1.122,14119000,12841000,95987000,95987000,0,0.005,0.006,0.127,0.089,424000,27726000,1.0,8116199,7638264,7691553,12.567,93660000,9986000,7903000,0,11.532,66121000
