ticker,dimension,calendardate,datekey,reportperiod,lastupdated,accoci,assets,assetsavg,assetsc,assetsnc,assetturnover,bvps,capex,cashneq,cashnequsd,cor,consolinc,currentratio,de,debt,debtc,debtnc,debtusd,deferredrev,depamor,deposits,divyield,dps,ebit,ebitda,ebitdamargin,ebitdausd,ebitusd,ebt,eps,epsdil,epsusd,equity,equityavg,equityusd,ev,evebit,evebitda,fcf,fcfps,fxusd,gp,grossmargin,intangibles,intexp,invcap,invcapavg,inventory,investments,investmentsc,investmentsnc,liabilities,liabilitiesc,liabilitiesnc,marketcap,ncf,ncfbus,ncfcommon,ncfdebt,ncfdiv,ncff,ncfi,ncfinv,ncfo,ncfx,netinc,netinccmn,netinccmnusd,netincdis,netincnci,netmargin,opex,opinc,payables,payoutratio,pb,pe,pe1,ppnenet,prefdivis,price,ps,ps1,receivables,retearn,revenue,revenueusd,rnd,roa,roe,roic,ros,sbcomp,sgna,sharefactor,sharesbas,shareswa,shareswadil,sps,tangibles,taxassets,taxexp,taxliabilities,tbvps,workingcapital
LB,MRY,2011-12-31,2012-01-28,2012-01-28,2018-03-23,0,6108000000,6535000000,2368000000,3740000000,1.586,0.462,-426000000,935000000,935000000,6307000000,850000000,1.552,43.577,3538000000,57000000,3481000000,3538000000,0,391000000,0,0.092,3.8,1473000000,1864000000,0.18,1864000000,1473000000,1227000000,2.8,2.7,2.8,137000000,602250000,137000000,15324653503,10,8.221,840000000,2.834,1.0,4057000000,0.391,1825000000,246000000,5360000000,5619000000,997000000,0,0,0,5970000000,1526000000,4444000000,12286653503,-195000000,124000000,-1115000000,981000000,-1144000000,-1237000000,-226000000,99000000,1266000000,2000000,850000000,850000000,850000000,0,0,0.082,2930000000,1127000000,540000000,1.357,89.684,14.455,14.807,1644000000,0,41.46,1.186,1.186,218000000,24000000,10364000000,10364000000,0,0.13,1.411,0.262,0.142,3000000,2698000000,1.0,296349578,296349578,,34.972,4283000000,51000000,377000000,342000000,14.453,842000000
LB,MRY,2012-12-31,2013-02-02,2013-02-02,2018-03-23,4000000,6019000000,6412750000,2205000000,3814000000,1.631,-3.52,-588000000,773000000,773000000,6073000000,753000000,1.434,-6.929,4477000000,0,4477000000,4477000000,0,389000000,0,0.106,5.0,1597000000,1986000000,0.19,1986000000,1597000000,1281000000,2.6,2.54,2.6,-1015000000,-476500000,-1015000000,17613558430,11,8.869,763000000,2.646,1.0,4386000000,0.419,1730000000,316000000,6455000000,6748750000,1004000000,0,0,0,7033000000,1538000000,5495000000,13625558430,-162000000,35000000,-577000000,928000000,-1449000000,-982000000,-531000000,0,1351000000,0,753000000,753000000,753000000,0,0,0.072,2813000000,1573000000,541000000,1.923,-13.424,18.095,18.173,1803000000,0,47.25,1.303,1.303,203000000,-672000000,10459000000,10459000000,0,0.117,-1.58,0.237,0.153,-43000000,2720000000,1.0,288371607,288371607,,36.269,4289000000,29000000,528000000,390000000,14.873,667000000
LB,MRY,2013-12-31,2014-02-01,2014-02-01,2018-03-23,40000000,7198000000,6420500000,3150000000,4048000000,1.678,-1.275,-691000000,1519000000,1519000000,6344000000,903000000,1.725,-20.451,4976000000,215000000,4761000000,4976000000,0,407000000,0,0.029,1.5,1760000000,2167000000,0.201,2167000000,1760000000,1446000000,3.12,3.05,3.12,-370000000,-761250000,-370000000,19752144209,11,9.115,557000000,1.919,1.0,4429000000,0.411,1729000000,314000000,7100000000,7119000000,1165000000,0,0,0,7567000000,1826000000,5741000000,15199144209,746000000,46000000,-28000000,495000000,-349000000,154000000,-655000000,0,1248000000,-1000000,903000000,903000000,903000000,0,0,0.084,2686000000,1743000000,599000000,0.481,-41.079,16.832,16.782,2045000000,0,52.36,1.411,1.411,244000000,-118000000,10773000000,10773000000,0,0.141,-1.186,0.247,0.163,49000000,2686000000,1.0,290281593,290281593,,37.112,5469000000,28000000,543000000,435000000,18.84,1324000000
LB,MRY,2014-12-31,2015-01-31,2015-01-31,2018-03-23,35000000,7476000000,7039500000,3199000000,4277000000,1.627,0.062,-715000000,1681000000,1681000000,6646000000,1042000000,1.905,414.278,4722000000,0,4722000000,4722000000,0,438000000,0,0.028,2.36,1960000000,2398000000,0.209,2398000000,1960000000,1636000000,3.57,3.5,3.57,18000000,-382250000,18000000,28996719382,14,12.092,1071000000,3.659,1.0,4808000000,0.42,1729000000,324000000,7109000000,7455500000,1036000000,0,0,0,7457000000,1679000000,5778000000,24769719382,162000000,0,-52000000,-213000000,-691000000,-919000000,-699000000,0,1786000000,-6000000,1042000000,1042000000,1042000000,0,0,0.091,2855000000,1953000000,613000000,0.661,1376.096,23.771,23.706,2277000000,0,84.63,2.163,2.163,252000000,233000000,11454000000,11454000000,0,0.148,-2.726,0.263,0.171,47000000,2855000000,1.0,292682493,292682493,,39.135,5747000000,24000000,594000000,402000000,19.636,1520000000
LB,MRY,2015-12-31,2016-01-30,2016-01-30,2018-03-23,40000000,8493000000,7424000000,4156000000,4337000000,1.637,-0.895,-727000000,2548000000,2548000000,6950000000,1253000000,2.217,-33.788,5721000000,6000000,5715000000,5721000000,0,457000000,0,0.021,2.0,2268000000,2725000000,0.224,2725000000,2268000000,1934000000,4.3,4.22,4.3,-259000000,-543000000,-259000000,32284116406,14,11.847,1142000000,3.946,1.0,5204000000,0.428,1729000000,334000000,8062000000,7951250000,1122000000,0,0,0,8751000000,1875000000,6876000000,27829116406,867000000,85000000,-450000000,995000000,-1171000000,-558000000,-443000000,-10000000,1869000000,-1000000,1253000000,1253000000,1253000000,0,0,0.103,3012000000,2192000000,668000000,0.465,-107.448,22.21,22.36,2330000000,0,96.15,2.29,2.29,261000000,315000000,12154000000,12154000000,0,0.169,-2.308,0.285,0.187,27000000,3012000000,1.0,289434388,289434388,,41.992,6764000000,30000000,681000000,481000000,23.37,2281000000
LB,MRY,2016-12-31,2017-01-28,2017-01-28,2018-03-23,12000000,8170000000,7700000000,3465000000,4705000000,1.633,-2.549,-990000000,1934000000,1934000000,7449000000,1158000000,1.72,-12.204,5736000000,36000000,5700000000,5736000000,0,518000000,0,0.075,4.4,2090000000,2608000000,0.207,2608000000,2090000000,1696000000,4.04,3.98,4.04,-729000000,-1034000000,-729000000,21944255475,10,8.414,900000000,3.147,1.0,5125000000,0.408,1759000000,394000000,8199000000,8524000000,1096000000,0,0,0,8897000000,2014000000,6883000000,16874255475,-614000000,75000000,-415000000,-21000000,-1268000000,-1665000000,-833000000,10000000,1890000000,-6000000,1158000000,1158000000,1158000000,0,0,0.092,3122000000,2003000000,683000000,1.089,-23.147,14.572,14.606,2741000000,0,59.01,1.342,1.342,294000000,205000000,12574000000,12574000000,0,0.15,-1.12,0.245,0.166,54000000,3122000000,1.0,285955863,285955863,,43.972,6411000000,19000000,538000000,650000000,22.42,1451000000
LB,MRY,2017-12-31,2018-02-03,2018-02-03,2018-03-23,24000000,8149000000,7902500000,3293000000,4856000000,1.598,-2.668,-707000000,1515000000,1515000000,7673000000,983000000,1.621,-11.819,5794000000,87000000,5707000000,5794000000,0,571000000,0,0.063,3.0,1718000000,2289000000,0.181,2289000000,1718000000,1312000000,3.46,3.42,3.46,-753000000,-906000000,-753000000,18460418559,10,8.065,699000000,2.476,1.0,4959000000,0.393,1759000000,406000000,8638000000,8715750000,1240000000,0,0,0,8900000000,2031000000,6869000000,13410418559,-419000000,29000000,-408000000,7000000,-686000000,-1127000000,-698000000,-10000000,1406000000,0,983000000,983000000,983000000,0,0,0.078,3231000000,1728000000,717000000,0.867,-17.809,13.642,13.731,2893000000,0,47.51,1.062,1.062,310000000,-1434000000,12632000000,12632000000,0,0.124,-1.085,0.197,0.136,102000000,3231000000,1.0,282265177,282265177,,44.752,6390000000,14000000,329000000,436000000,22.638,1262000000
