ticker,dimension,calendardate,datekey,reportperiod,lastupdated,accoci,assets,assetsavg,assetsc,assetsnc,assetturnover,bvps,capex,cashneq,cashnequsd,cor,consolinc,currentratio,de,debt,debtc,debtnc,debtusd,deferredrev,depamor,deposits,divyield,dps,ebit,ebitda,ebitdamargin,ebitdausd,ebitusd,ebt,eps,epsdil,epsusd,equity,equityavg,equityusd,ev,evebit,evebitda,fcf,fcfps,fxusd,gp,grossmargin,intangibles,intexp,invcap,invcapavg,inventory,investments,investmentsc,investmentsnc,liabilities,liabilitiesc,liabilitiesnc,marketcap,ncf,ncfbus,ncfcommon,ncfdebt,ncfdiv,ncff,ncfi,ncfinv,ncfo,ncfx,netinc,netinccmn,netinccmnusd,netincdis,netincnci,netmargin,opex,opinc,payables,payoutratio,pb,pe,pe1,ppnenet,prefdivis,price,ps,ps1,receivables,retearn,revenue,revenueusd,rnd,roa,roe,roic,ros,sbcomp,sgna,sharefactor,sharesbas,shareswa,shareswadil,sps,tangibles,taxassets,taxexp,taxliabilities,tbvps,workingcapital
LLY,MRY,2011-12-31,2011-12-31,2011-12-31,2018-04-28,-3858600000,33659800000,32794150000,14248200000,19411600000,0.741,11.691,-646700000,5922500000,5922500000,5067900000,4347700000,1.595,1.487,6987000000,1522300000,5464700000,6987000000,0,1373600000,0,0.047,1.96,5349500000,6723100000,0.277,6723100000,5349500000,5349500000,3.9,3.9,3.9,13535600000,14202100000,13535600000,48598894330,9,7.229,6587800000,5.69,1.0,19218600000,0.791,5128100000,0,20665300000,20011300000,2299800000,5004400000,974600000,4029800000,20124200000,8930900000,11193300000,48116594330,-70700000,-307800000,0,-195800000,-2180100000,-2369900000,-4824400000,-2736800000,7234500000,-110900000,4347700000,4347700000,4347700000,0,0,0.179,13869100000,5349500000,1125200000,0.503,3.555,11.067,10.656,7760300000,0,41.56,1.981,1.981,4237900000,14897800000,24286500000,24286500000,5020800000,0.133,0.306,0.267,0.22,147400000,7879900000,1.0,1157762135,1157762135,,20.977,28531700000,0,1001800000,1770200000,24.644,5317300000
LLY,MRY,2012-12-31,2012-12-31,2012-12-31,2018-04-28,-3797100000,34398900000,33192675000,13038700000,21360200000,0.681,13.264,-883400000,4018800000,4018800000,4796500000,4088600000,1.554,1.329,5531300000,11900000,5519400000,5531300000,0,1462200000,0,0.04,1.96,5408200000,6870400000,0.304,6870400000,5408200000,5408200000,3.67,3.66,3.67,14765200000,14988150000,14765200000,57434317645,10,8.36,4421400000,3.972,1.0,17806900000,0.788,4752700000,0,22769200000,22058050000,2643800000,7979400000,1665500000,6313900000,19625000000,8389500000,11235500000,57233517645,-1903700000,-199300000,-721100000,-1511100000,-2187400000,-4419600000,-2832800000,-2887800000,5304800000,43900000,4088600000,4088600000,4088600000,0,0,0.181,12398700000,5408200000,1188300000,0.534,3.876,13.998,13.439,7760200000,0,49.32,2.532,2.429,3888300000,16088200000,22603400000,22603400000,5278100000,0.123,0.273,0.245,0.239,141500000,7513500000,1.0,1160452507,1113178000,1117294000,20.305,29646200000,0,1319600000,2525800000,26.632,4649200000
LLY,MRY,2013-12-31,2013-12-31,2013-12-31,2018-04-28,-2002700000,35248700000,33685100000,13104700000,22144000000,0.686,16.4,-832700000,3830200000,3830200000,4908100000,4684800000,1.47,0.999,5212900000,1012600000,4200300000,5212900000,0,1445600000,0,0.038,1.96,5889300000,7334900000,0.317,7334900000,5889300000,5889300000,4.33,4.32,4.33,17631400000,16179875000,17631400000,58373130365,9,7.958,4902300000,4.535,1.0,18205000000,0.788,4331100000,0,23383700000,22294875000,2928800000,9192000000,1567100000,7624900000,17608000000,8916600000,8691400000,57459130365,-188600000,-43700000,-1698100000,-10500000,-2120700000,-3829300000,-2072800000,-1017800000,5735000000,-21500000,4684800000,4684800000,4684800000,0,0,0.203,12315700000,5889300000,1119300000,0.453,3.259,12.265,11.778,7975500000,0,51.0,2.486,2.385,4022800000,16992400000,23113100000,23113100000,5531300000,0.139,0.29,0.264,0.255,144900000,7125600000,1.0,1126649615,1080874000,1084766000,21.384,30917600000,0,1204500000,2125900000,28.758,4188100000
LLY,MRY,2014-12-31,2014-12-31,2014-12-31,2018-04-28,-3991800000,36307600000,35182925000,11928300000,24379300000,0.558,14.428,-1147300000,9277200000,9277200000,4932500000,2390500000,1.225,1.361,8021500000,2688700000,5332800000,8021500000,0,1379000000,0,0.028,1.96,3000300000,4379300000,0.223,4379300000,3000300000,3000300000,2.23,2.23,2.23,15373200000,17341075000,15373200000,79255323074,26,18.098,3311100000,3.095,1.0,14683100000,0.749,4642300000,0,20668600000,23801700000,2740000000,5524300000,955400000,4568900000,20919500000,9741000000,11178500000,76815523074,41400000,-5957000000,-800000000,2638700000,-2101200000,-166400000,-3909100000,3623000000,4458400000,-341500000,2390500000,2390500000,2390500000,0,0,0.122,11682800000,3000300000,1128100000,0.879,4.997,32.134,30.937,7963900000,0,68.99,3.916,3.763,3801300000,16482700000,19615600000,19615600000,4733600000,0.068,0.138,0.126,0.153,156000000,6620800000,1.0,1113429817,1069932000,1074286000,18.334,31665300000,0,609800000,1092000000,29.718,2187300000
LLY,MRY,2015-12-31,2015-12-31,2015-12-31,2018-04-28,-4580700000,35568900000,35891025000,12573600000,22995300000,0.556,13.741,-973600000,3666400000,3666400000,5037200000,2408400000,1.528,1.44,7978500000,6100000,7972400000,7978500000,0,1427700000,0,0.024,2.0,2790000000,4217700000,0.211,4217700000,2790000000,2790000000,2.27,2.26,2.27,14571300000,14845700000,14571300000,98206630018,35,23.284,1991000000,1.875,1.0,14921500000,0.748,9074700000,0,22576700000,23485150000,3445800000,4432000000,785400000,3646600000,20978600000,8229600000,12749000000,93366530018,-205200000,122500000,-749500000,-181600000,-2127300000,-3111000000,26800000,1161500000,2964600000,-85600000,2408400000,2408400000,2408400000,0,0,0.121,12131500000,2790000000,1338200000,0.881,6.408,38.767,37.119,8053500000,0,84.26,4.678,4.483,4071600000,16011800000,19958700000,19958700000,4796400000,0.067,0.162,0.119,0.14,217800000,6533000000,1.0,1108076549,1061913000,1065720000,18.795,26494200000,0,381600000,1227800000,24.984,4344000000
LLY,MRY,2016-12-31,2016-12-31,2016-12-31,2018-04-28,-5274000000,38805900000,36890825000,15101400000,23704500000,0.575,13.239,-963600000,4582100000,4582100000,5654900000,2737600000,1.375,1.765,10305200000,1937400000,8367800000,10305200000,0,1496600000,0,0.028,2.04,3374000000,4870600000,0.23,4870600000,3374000000,3374000000,2.59,2.58,2.59,14007700000,14811025000,14007700000,87055192316,25,17.874,3887400000,3.673,1.0,15567200000,0.734,8330600000,0,25211800000,25328000000,3561900000,6664000000,1456500000,5207500000,24725400000,10986600000,13738800000,81195392316,915700000,-45000000,-600100000,2499600000,-2158500000,-559800000,-3139100000,-1945400000,4851000000,-236400000,2737600000,2737600000,2737600000,0,0,0.129,12193200000,3374000000,1349300000,0.788,5.796,29.659,28.398,8252600000,0,73.55,3.826,3.668,4766300000,16046300000,21222100000,21222100000,5243900000,0.074,0.185,0.133,0.159,255300000,6452000000,1.0,1103948230,1058324000,1061825000,20.053,30475300000,0,636400000,808000000,28.802,4114800000
LLY,MRY,2017-12-31,2017-12-31,2017-12-31,2018-04-28,-5718600000,44981000000,41640550000,19202100000,25778900000,0.549,11.107,-1036100000,6536200000,6536200000,6070200000,-204100000,1.321,2.874,13647100000,3706600000,9940500000,13647100000,0,1567300000,0,0.025,2.08,2197400000,3764700000,0.165,3764700000,2197400000,2197400000,-0.19,-0.19,-0.19,11592200000,13653575000,11592200000,102738859291,46,27.29,4579500000,4.353,1.0,16801100000,0.735,8399300000,0,29156700000,29141525000,4458300000,7176700000,1497900000,5678800000,33313100000,14535900000,18777200000,92998459291,1954100000,-882100000,-299800000,2998900000,-2192100000,142600000,-3783600000,-562800000,5615600000,-20500000,-204100000,-204100000,-204100000,0,0,-0.009,14603700000,2197400000,1410700000,-10.947,8.023,-455.651,-444.526,8826500000,0,84.46,4.066,3.885,5262200000,13894100000,22871300000,22871300000,5281800000,-0.005,-0.015,0.075,0.096,281300000,6588100000,1.0,1101094711,1052023000,1052023000,21.74,36581700000,1166400000,2401500000,4309400000,35.05,4666200000
