ticker,dimension,calendardate,datekey,reportperiod,lastupdated,accoci,assets,assetsavg,assetsc,assetsnc,assetturnover,bvps,capex,cashneq,cashnequsd,cor,consolinc,currentratio,de,debt,debtc,debtnc,debtusd,deferredrev,depamor,deposits,divyield,dps,ebit,ebitda,ebitdamargin,ebitdausd,ebitusd,ebt,eps,epsdil,epsusd,equity,equityavg,equityusd,ev,evebit,evebitda,fcf,fcfps,fxusd,gp,grossmargin,intangibles,intexp,invcap,invcapavg,inventory,investments,investmentsc,investmentsnc,liabilities,liabilitiesc,liabilitiesnc,marketcap,ncf,ncfbus,ncfcommon,ncfdebt,ncfdiv,ncff,ncfi,ncfinv,ncfo,ncfx,netinc,netinccmn,netinccmnusd,netincdis,netincnci,netmargin,opex,opinc,payables,payoutratio,pb,pe,pe1,ppnenet,prefdivis,price,ps,ps1,receivables,retearn,revenue,revenueusd,rnd,roa,roe,roic,ros,sbcomp,sgna,sharefactor,sharesbas,shareswa,shareswadil,sps,tangibles,taxassets,taxexp,taxliabilities,tbvps,workingcapital
LOGM,MRY,2011-12-31,2011-12-31,2011-12-31,2018-04-28,-1557324,232057117,212912266,211782815,20274302,0.561,6.38,-2668000,103973476,103973476,10574000,5761000,2.913,0.489,0,0,0,0,58264324,4403000,0,0.0,0.0,9796000,14199000,0.119,14199000,9796000,9795000,0.24,0.23,0.24,155805689,144703724,155805689,841409336,85,59.258,30203000,1.249,1.0,108887000,0.911,10519355,1000,44854459,46425902,0,95040045,95040045,0,76251428,72709827,3541601,937185002,26324000,-10000000,6207000,0,0,12094000,-17760000,-5066000,32871000,-881000,5761000,5761000,5761000,0,0,0.048,99954000,8933000,6275163,0.0,6.015,162.677,160.625,5202721,0,38.55,7.845,7.801,8747104,2677128,119461000,119461000,20780000,0.027,0.04,0.211,0.082,3038000,77131000,1.0,24310895,24175621,25154599,4.941,221537762,5920654,4034000,0,9.072,139072988
LOGM,MRY,2012-12-31,2012-12-31,2012-12-31,2018-04-28,-400000,279538000,258514184,232158000,47380000,0.537,7.443,-6326000,115739000,115739000,14504000,3566000,2.571,0.514,0,0,0,0,69649000,6100000,0,0.0,0.0,6257000,12357000,0.089,12357000,6257000,6257000,0.14,0.14,0.14,184637000,172244672,184637000,447047608,71,36.178,21931000,0.887,1.0,124333000,0.896,25251000,0,48243000,46441101,0,100161000,100161000,0,94901000,90305000,4596000,555847017,8328000,-14831000,2682000,0,0,9227000,-29800000,-5085000,28257000,644000,3566000,3566000,3566000,0,0,0.026,118322000,6011000,7773000,0.0,3.01,155.874,160.071,6576000,0,22.41,4.004,3.989,13231000,6243000,138837000,138837000,26361000,0.014,0.021,0.135,0.045,8157000,91396000,1.0,24803526,24711242,25356305,5.618,254287000,13410000,2691000,0,10.251,141853000
LOGM,MRY,2013-12-31,2013-12-31,2013-12-31,2018-04-28,-1186000,279613000,277095468,212097000,67516000,0.6,6.917,-23999000,89280000,89280000,18816000,-7682000,1.946,0.671,0,0,0,0,85163000,7704000,0,0.0,0.0,-1466000,6238000,0.038,6238000,-1466000,-1468000,-0.32,-0.32,-0.32,167339000,171129643,167339000,709847546,-484,113.794,6021000,0.247,1.0,147442000,0.887,35598000,2000,45739000,45999423,0,104201000,100299000,3902000,112274000,108996000,3278000,812617670,-22675000,0,-26727000,0,0,-28648000,-24368000,-376000,30020000,321000,-7682000,-7682000,-7682000,0,0,-0.046,149368000,-1926000,6390000,0.0,4.856,-105.782,-104.844,13198000,0,33.55,4.888,4.914,12957000,-1439000,166258000,166258000,29023000,-0.028,-0.045,-0.032,-0.009,19697000,117975000,1.0,24221093,24350913,24350913,6.828,244015000,12523000,6214000,0,10.086,103101000
LOGM,MRY,2014-12-31,2014-12-31,2014-12-31,2018-04-28,-3117000,317849000,310346500,230895000,86954000,0.715,7.126,-10000000,102452000,102452000,28732000,7955000,1.671,0.828,0,0,0,0,105250000,11137000,0,0.0,0.0,9396000,20533000,0.093,20533000,9396000,9394000,0.33,0.31,0.33,173844000,174982000,173844000,1105214598,117,53.826,64153000,2.631,1.0,193224000,0.871,56911000,2000,20277000,21724750,0,102740000,100209000,2531000,144005000,138209000,5796000,1203047598,11703000,-22449000,-18905000,0,0,-24288000,-32942000,-297000,74153000,-5220000,7955000,7955000,7955000,0,0,0.036,184537000,8687000,7055000,0.0,6.92,151.232,149.515,13476000,0,49.34,5.42,5.421,18286000,6516000,221956000,221956000,33516000,0.026,0.045,0.433,0.042,24386000,150034000,1.0,24382805,24385000,25386000,9.102,260938000,14683000,1439000,0,10.697,92686000
LOGM,MRY,2015-12-31,2015-12-31,2015-12-31,2018-04-28,-5216000,455699000,382971000,236435000,219264000,0.709,8.278,-16594000,125610000,125610000,35458000,14558000,1.341,1.193,60000000,0,60000000,60000000,136989000,13698000,0,0.0,0.0,18092000,31790000,0.117,31790000,18092000,17518000,0.59,0.56,0.59,207811000,188999250,207811000,1521195123,84,47.851,69176000,2.786,1.0,236142000,0.869,189135000,574000,24656000,-2779250,0,85284000,85284000,0,247888000,176298000,71590000,1681607123,22183000,-107575000,-296000,59012000,0,49592000,-107974000,14707000,85770000,-5205000,14558000,14558000,14558000,0,0,0.054,220093000,16049000,10327000,0.0,8.092,115.511,113.729,21711000,0,67.1,6.191,6.133,16011000,21074000,271600000,271600000,42597000,0.038,0.077,-6.51,0.067,23756000,171980000,1.0,25061209,24826000,25780000,10.94,266564000,198000,2960000,5812000,10.618,60137000
LOGM,MRY,2016-12-31,2016-12-31,2016-12-31,2018-04-28,-6618000,443293000,463437750,228090000,215203000,0.725,7.682,-15574000,143237000,143237000,45501000,2638000,1.103,1.26,30000000,0,30000000,30000000,162253000,21505000,0,0.01,1.0,4611000,26116000,0.078,26116000,4611000,3208000,0.1,0.1,0.1,196116000,201042250,196116000,2349149422,509,89.951,76741000,3.033,1.0,290567000,0.865,184270000,1403000,-61073000,-30574250,0,55710000,55710000,0,247177000,206859000,40318000,2460759422,17613000,-6083000,-13628000,-30346000,-25466000,-79448000,7460000,29147000,92315000,-2714000,2638000,2638000,2638000,0,0,0.008,286154000,4413000,14640000,10.0,12.547,932.813,965.5,23867000,0,96.55,7.322,7.27,25901000,-1754000,336068000,336068000,57193000,0.006,0.013,-0.151,0.014,31883000,223504000,1.0,25486892,25305000,26164000,13.281,259023000,303000,570000,2332000,10.146,21231000
LOGM,MRY,2017-12-31,2017-12-31,2017-12-31,2018-04-28,15570000,3858108000,3921461750,398824000,3459284000,0.252,60.1,-66341000,252402000,252402000,203203000,99523000,0.896,0.219,0,0,0,0,347305000,221321000,0,0.011,1.25,-10569000,210752000,0.213,210752000,-10569000,-11977000,1.97,1.93,1.97,3163741000,3102501250,3163741000,5763301444,-545,27.346,249856000,4.954,1.0,786583000,0.795,3358322000,1408000,-197844000,-206594750,0,1795000,0,1795000,694367000,445228000,249139000,6027013444,111646000,-22348000,-62718000,-32032000,-52269000,-181493000,-31138000,55598000,316197000,8080000,99523000,99523000,99523000,0,0,0.101,798400000,-11817000,22232000,0.635,1.905,60.559,58.122,92154000,0,114.5,6.089,5.834,93949000,50445000,989786000,989786000,156731000,0.025,0.032,0.051,-0.011,67292000,507327000,1.0,52637672,50433000,51463000,19.626,499786000,530000,-111500000,221407000,9.494,-46404000
