ticker,dimension,calendardate,datekey,reportperiod,lastupdated,accoci,assets,assetsavg,assetsc,assetsnc,assetturnover,bvps,capex,cashneq,cashnequsd,cor,consolinc,currentratio,de,debt,debtc,debtnc,debtusd,deferredrev,depamor,deposits,divyield,dps,ebit,ebitda,ebitdamargin,ebitdausd,ebitusd,ebt,eps,epsdil,epsusd,equity,equityavg,equityusd,ev,evebit,evebitda,fcf,fcfps,fxusd,gp,grossmargin,intangibles,intexp,invcap,invcapavg,inventory,investments,investmentsc,investmentsnc,liabilities,liabilitiesc,liabilitiesnc,marketcap,ncf,ncfbus,ncfcommon,ncfdebt,ncfdiv,ncff,ncfi,ncfinv,ncfo,ncfx,netinc,netinccmn,netinccmnusd,netincdis,netincnci,netmargin,opex,opinc,payables,payoutratio,pb,pe,pe1,ppnenet,prefdivis,price,ps,ps1,receivables,retearn,revenue,revenueusd,rnd,roa,roe,roic,ros,sbcomp,sgna,sharefactor,sharesbas,shareswa,shareswadil,sps,tangibles,taxassets,taxexp,taxliabilities,tbvps,workingcapital
LPHI,MRY,2011-12-31,2011-02-28,2011-02-28,2017-06-04,-89912,65794564,76029707,35379412,30415152,1.336,2.963,-117947,27711301,27711301,46448548,23425749,4.77,0.191,0,0,0,0,0,282859,0,0.146,1.21,36213887,36496746,0.359,36496746,36213887,36212382,1.26,1.26,1.26,55249967,64477508,55249967,125388942,3,3.436,27914949,1.497,1.0,55130665,0.543,0,1505,30666561,34702549,0,21400461,5691773,15708688,10544597,7416702,3127895,153999919,7741836,0,0,0,-19375650,-19375650,-915410,-1262259,28032896,0,23425749,23425749,23425749,0,0,0.231,13770724,41359941,5901797,0.96,2.787,6.574,6.556,2499093,0,8.26,1.516,1.516,7071661,44114389,101579213,101579213,0,0.308,0.363,1.044,0.357,0,11815323,1.0,18644058,18641554,18641554,5.449,65794564,6180685,12786633,1037661,3.529,27962710
LPHI,MRY,2012-12-31,2012-02-29,2012-02-29,2017-06-04,0,45766614,53377334,18506211,27260403,0.617,2.1,-47291,11463536,11463536,21207759,-3123478,4.62,0.169,0,0,0,0,0,266150,0,0.141,0.6,-4547705,-4281555,-0.13,-4281555,-4547705,-4553399,-0.17,-0.17,-0.17,39159616,44567206,39159616,62862218,-13,-14.682,-6434985,-0.345,1.0,11714430,0.356,0,5694,30297251,29919758,0,16176969,3299070,12877899,6606998,4005827,2601171,79251739,-16247876,0,0,0,-14920716,-14920716,5060534,5023382,-6387694,0,-3123478,-3123478,-3123478,0,0,-0.095,16544618,-4830188,2582547,-3.529,2.024,-25.373,-25.0,2280234,0,4.25,2.407,2.407,7350256,27934126,32922189,32922189,0,-0.059,-0.07,-0.152,-0.138,0,14301179,1.0,18647468,18647468,18647468,1.766,45766614,7186082,-1429921,77678,2.454,14500384
LPHI,MRY,2013-12-31,2013-02-28,2013-02-28,2017-06-04,0,36081974,40415284,15738783,20343191,0.468,1.546,-93798,8177895,8177895,13175255,-2877025,3.612,0.252,0,0,0,0,0,253190,0,0.101,0.4,-4088046,-3834856,-0.203,-3834856,-4088046,-4089388,-0.15,-0.15,-0.15,28822110,33442094,28822110,61731581,-15,-16.097,-5804641,-0.311,1.0,5729582,0.303,0,1342,23546459,24489871,0,9052410,2339005,6713405,7259864,4357620,2902244,74216922,-3787109,0,0,0,-7463685,-7463685,9387419,8789535,-5710843,0,-2877025,-2877025,-2877025,0,0,-0.152,13202790,-7473208,3460590,-2.667,2.575,-25.796,-26.533,2120842,0,3.98,3.926,3.926,9389382,17596620,18904837,18904837,0,-0.071,-0.086,-0.167,-0.216,0,11527506,1.0,18647468,18647468,18647468,1.014,36081974,6278992,-1212363,68255,1.935,11381163
LPHI,MRY,2014-12-31,2014-02-28,2014-02-28,2017-06-04,0,29470595,32321705,8418397,21052198,0.485,1.214,-5686,6486319,6486319,11688419,-2454105,2.92,0.302,0,0,0,0,0,211574,0,0.104,0.25,-3596340,-3384766,-0.216,-3384766,-3596340,-3596417,-0.13,-0.13,-0.13,22638512,26005689,22638512,40631342,-11,-12.004,-2348973,-0.126,1.0,3997820,0.255,0,77,20101049,23094769,0,8898536,1084117,7814419,6832083,2883227,3948856,44940397,-1440848,0,0,0,-4661900,-4661900,5564339,5342517,-2343287,0,-2454105,-2454105,-2454105,0,0,-0.156,12844632,-8846812,1845751,-1.923,1.985,-18.312,-18.538,1913956,0,2.41,2.865,2.865,7081910,11413022,15686239,15686239,0,-0.076,-0.094,-0.156,-0.229,0,11689243,1.0,18647468,18647468,18647468,0.841,29470595,4027791,-1142312,56726,1.58,5535170
