ticker,dimension,calendardate,datekey,reportperiod,lastupdated,accoci,assets,assetsavg,assetsc,assetsnc,assetturnover,bvps,capex,cashneq,cashnequsd,cor,consolinc,currentratio,de,debt,debtc,debtnc,debtusd,deferredrev,depamor,deposits,divyield,dps,ebit,ebitda,ebitdamargin,ebitdausd,ebitusd,ebt,eps,epsdil,epsusd,equity,equityavg,equityusd,ev,evebit,evebitda,fcf,fcfps,fxusd,gp,grossmargin,intangibles,intexp,invcap,invcapavg,inventory,investments,investmentsc,investmentsnc,liabilities,liabilitiesc,liabilitiesnc,marketcap,ncf,ncfbus,ncfcommon,ncfdebt,ncfdiv,ncff,ncfi,ncfinv,ncfo,ncfx,netinc,netinccmn,netinccmnusd,netincdis,netincnci,netmargin,opex,opinc,payables,payoutratio,pb,pe,pe1,ppnenet,prefdivis,price,ps,ps1,receivables,retearn,revenue,revenueusd,rnd,roa,roe,roic,ros,sbcomp,sgna,sharefactor,sharesbas,shareswa,shareswadil,sps,tangibles,taxassets,taxexp,taxliabilities,tbvps,workingcapital
LPL,MRY,2011-12-31,2011-12-31,2011-12-31,2018-04-28,0,25162931000000,24510294500000,7858065000000,17304866000000,0.991,28270.789,-4062427000000,2332977000000,2012893301,23081322000000,-787895000000,0.793,1.486,4617336000000,894972000000,3722364000000,3983838976,0,3651446000000,0,0.0,0.0,-717650000000,2933796000000,0.121,2531280126,-619188649,-1080959000000,-2155.0,-2155.0,-1.859,10115732000000,10575894500000,8727856803,6057851972,-9,2.393,-148269000000,-414.373,1159.017,1209967000000,0.05,535114000000,363309000000,17000742000000,16473270000000,2317370000000,388442000000,3297000000,385145000000,15031903000000,9911434000000,5120469000000,3767799321,-106852000000,0,0,-105050000000,-178908000000,-278249000000,-3494461000000,783252000000,3914158000000,-6180000000,-787895000000,-787895000000,-679796057,0,0,-0.032,1973984000000,-764017000000,7775298000000,0.0,0.432,-5.543,-5.663,14696849000000,0,10.53,0.18,0.18,2952977000000,6063359000000,24291289000000,20958531915,816054000000,-0.032,-0.074,-0.044,-0.03,0,1157930000000,1.0,357815700,357815700,,58.574,24627817000000,1432527000000,-293064000000,58499000000,68828.218,-2053369000000
LPL,MRY,2012-12-31,2012-12-31,2012-12-31,2018-04-28,0,24455511000000,24809221000000,8914685000000,15540826000000,1.186,28533.714,-3913633000000,2653753000000,2492911841,26424756000000,236345000000,0.968,1.392,4455857000000,1015272000000,3440585000000,4185792226,0,4469412000000,0,0.0,0.0,895221000000,5364633000000,0.182,5039488275,840962603,458525000000,652.0,652.0,0.612,10209811000000,10162771500000,9591005168,7203581261,8,1.429,893685000000,2497.613,1064.519,3004912000000,0.102,497602000000,436696000000,16553855000000,16777298500000,2390007000000,405986000000,3828000000,402158000000,14215331000000,9206158000000,5009173000000,5181171336,833386000000,0,0,-61152000000,0,-48124000000,-3688185000000,511336000000,4807318000000,-12702000000,236345000000,236345000000,222020379,0,0,0.008,2092547000000,912365000000,6958197000000,0.0,0.54,23.336,23.641,13107511000000,0,14.48,0.187,0.187,3533348000000,6238989000000,29429668000000,27645966990,785111000000,0.01,0.023,0.053,0.03,0,1307436000000,1.0,357815700,357815700,,77.263,23957909000000,1303296000000,222180000000,56521000000,66956.003,-291473000000
LPL,MRY,2013-12-31,2013-12-31,2013-12-31,2018-04-28,0,21715284000000,23085397500000,7731788000000,13983496000000,1.171,29655.415,-3431319000000,2323409000000,2206885410,23524851000000,418973000000,1.139,1.029,3902779000000,907942000000,2994837000000,3707046859,0,3834518000000,0,0.0,0.0,1219301000000,5053819000000,0.187,4800359910,1158150626,837450000000,1191.0,1191.0,1.131,10611173000000,10410492000000,10079001537,5962626930,5,1.242,153454000000,428.863,1052.8,3508184000000,0.13,468185000000,381851000000,16037550000000,16295702500000,1933241000000,407468000000,919000000,406549000000,10917864000000,6788919000000,4128945000000,4343882598,-1310532000000,0,0,-550857000000,0,-390984000000,-4504321000000,-888248000000,3584773000000,-6259000000,426118000000,426118000000,404747333,0,-7145000000,0.016,2345548000000,1162636000000,4453861000000,0.0,0.431,10.732,10.731,11808334000000,0,12.14,0.169,0.169,3218171000000,6662655000000,27033035000000,25677274447,1095727000000,0.018,0.041,0.075,0.045,0,1249821000000,1.0,357815700,357815700,,71.761,21247099000000,1041066000000,411332000000,46896000000,59380.008,942869000000
LPL,MRY,2014-12-31,2014-12-31,2014-12-31,2018-04-28,0,22967023000000,22341153500000,9240629000000,13726394000000,1.184,31947.765,-2942902000000,2416321000000,2208124354,22667134000000,917404000000,1.224,0.978,4247386000000,967909000000,3279477000000,3881419922,0,3492311000000,0,0.01,0.158,1444357000000,4936668000000,0.187,4511311551,1319907358,1228821000000,2527.0,2527.0,2.309,11431412000000,11021292500000,10446451129,6950129552,5,1.541,160057000000,447.317,1094.287,3788395000000,0.143,576670000000,215536000000,16671862000000,16354706000000,2754098000000,419321000000,3250000000,416071000000,11183613000000,7549556000000,3634057000000,5420907855,-182099000000,8545000000,0,258500000000,0,404659000000,-3451279000000,-163624000000,3102959000000,50068000000,904268000000,904268000000,826353863,0,-13136000000,0.034,2431140000000,1357255000000,4899793000000,0.068,0.519,6.56,6.561,11402866000000,0,15.15,0.224,0.224,3563955000000,7455063000000,26455529000000,24176050237,1164294000000,0.04,0.082,0.088,0.055,0,1266846000000,1.0,357815700,357815700,,67.566,22390353000000,1042847000000,324553000000,227959000000,62575.099,1691073000000
LPL,MRY,2015-12-31,2015-12-31,2015-12-31,2018-04-28,0,22577160000000,22772091500000,9531634000000,13045526000000,1.246,34076.068,-1916533000000,2523999000000,2147989837,24069572000000,1023456000000,1.443,0.81,4224316000000,1416112000000,2808204000000,3595004529,0,3375856000000,0,0.0,0.0,1693308000000,5069164000000,0.179,4313992499,1441049847,1377079000000,2701.0,2701.0,2.299,12192952000000,11812182000000,10376524308,5430296800,3,1.259,1302156000000,3639.181,1175.052,4314312000000,0.152,838730000000,316229000000,16832035000000,16751948500000,2351669000000,389672000000,4904000000,384768000000,9872204000000,6606712000000,3265492000000,3735595908,-179850000000,-270093000000,0,652033000000,-178908000000,-174498000000,-2731929000000,-250665000000,3218689000000,41673000000,966553000000,966553000000,822562140,0,-56903000000,0.034,2688814000000,1625498000000,4264416000000,0.0,0.36,4.541,4.542,10546020000000,0,10.44,0.155,0.155,4203651000000,8158526000000,28383884000000,24155435230,1217929000000,0.042,0.082,0.101,0.06,0,1470885000000,1.0,357815700,357815700,,67.508,21738430000000,934098000000,410526000000,126389000000,60753.148,2924922000000
LPL,MRY,2016-12-31,2016-12-31,2016-12-31,2018-04-28,0,24884336000000,23730748000000,10484186000000,14400150000000,1.117,36208.576,-3457620000000,2722446000000,2256585256,22754270000000,931508000000,1.485,0.882,4779242000000,667909000000,4111333000000,3961425510,0,3021571000000,0,0.0,0.0,1557624000000,4579195000000,0.173,3795610243,1291085793,1291438000000,2534.0,2534.0,2.1,12955997000000,12574474500000,10738986858,6086172037,4,1.603,447721000000,1251.261,1206.445,3749804000000,0.141,894937000000,266186000000,18987976000000,17910005500000,2287785000000,200712000000,28016000000,172696000000,11421948000000,7058219000000,4363729000000,4597931745,759671000000,0,0,2024285000000,-178908000000,307947000000,-3189182000000,673605000000,3905341000000,47363000000,906713000000,906713000000,751557675,0,-24795000000,0.034,2439365000000,1310439000000,5326843000000,0.0,0.428,6.118,6.118,12031449000000,0,12.85,0.209,0.209,5101585000000,9004283000000,26504074000000,21968737903,1133972000000,0.038,0.072,0.087,0.059,0,1305393000000,1.0,357815700,357815700,,61.397,23989399000000,867603000000,384725000000,289190000000,67044.009,3425967000000
LPL,MRY,2017-12-31,2017-12-31,2017-12-31,2018-04-28,0,29159687000000,27022011500000,10473703000000,18685984000000,1.028,40170.074,-6430509000000,3360638000000,3152864246,22424661000000,1937052000000,1.167,0.986,5603118000000,1452926000000,4150192000000,5256701379,0,3214576000000,0,0.0,0.0,2467192000000,5681768000000,0.204,5330488788,2314656159,2198336000000,5038.0,5038.0,4.727,14373483000000,13664740000000,13484832535,6746880083,2,1.266,831629000000,2324.183,1065.9,5365555000000,0.193,912821000000,268856000000,21510664000000,20249320000000,2350084000000,149770000000,27252000000,122518000000,14178177000000,8978682000000,5199495000000,4923544032,1145371000000,0,0,1587510000000,-178908000000,862242000000,-6481072000000,397795000000,7262138000000,-101507000000,1802756000000,1802756000000,1691299371,0,-134296000000,0.065,2903937000000,2461618000000,6045027000000,0.0,0.365,2.911,2.911,16201960000000,0,13.76,0.189,0.189,4489947000000,10621571000000,27790216000000,26072066798,1213432000000,0.067,0.132,0.122,0.089,0,1690505000000,1.0,357815700,357815700,,72.865,28246866000000,989206000000,395580000000,346624000000,78942.5,1495021000000
