ticker,dimension,calendardate,datekey,reportperiod,lastupdated,accoci,assets,assetsavg,assetsc,assetsnc,assetturnover,bvps,capex,cashneq,cashnequsd,cor,consolinc,currentratio,de,debt,debtc,debtnc,debtusd,deferredrev,depamor,deposits,divyield,dps,ebit,ebitda,ebitdamargin,ebitdausd,ebitusd,ebt,eps,epsdil,epsusd,equity,equityavg,equityusd,ev,evebit,evebitda,fcf,fcfps,fxusd,gp,grossmargin,intangibles,intexp,invcap,invcapavg,inventory,investments,investmentsc,investmentsnc,liabilities,liabilitiesc,liabilitiesnc,marketcap,ncf,ncfbus,ncfcommon,ncfdebt,ncfdiv,ncff,ncfi,ncfinv,ncfo,ncfx,netinc,netinccmn,netinccmnusd,netincdis,netincnci,netmargin,opex,opinc,payables,payoutratio,pb,pe,pe1,ppnenet,prefdivis,price,ps,ps1,receivables,retearn,revenue,revenueusd,rnd,roa,roe,roic,ros,sbcomp,sgna,sharefactor,sharesbas,shareswa,shareswadil,sps,tangibles,taxassets,taxexp,taxliabilities,tbvps,workingcapital
LQDT,MRY,2011-12-31,2011-09-30,2011-09-30,2018-05-03,52000,227807000,196965500,171253000,56554000,1.662,5.661,-4822000,128984000,128984000,126395000,8512000,2.875,0.411,0,0,0,0,0,5694000,0,0.0,0.0,25161000,30855000,0.094,30855000,25161000,23971000,0.31,0.29,0.31,161413000,136727000,161413000,814006014,32,26.382,35064000,1.264,1.0,200983000,0.614,43542000,1190000,-4285000,9587500,15065000,0,0,0,66394000,59566000,6828000,907518014,85711000,-9092000,26695000,0,0,26695000,19606000,33520000,39886000,-476000,8512000,8512000,8512000,12167000,0,0.026,163655000,37328000,21318000,0.0,5.622,106.616,103.452,7042000,0,32.07,2.772,2.717,6049000,58330000,327378000,327378000,52178000,0.043,0.062,2.624,0.077,9136000,49763000,1.0,28298036,27736865,29081933,11.803,184265000,16073000,15459000,2087000,6.463,111687000
LQDT,MRY,2012-12-31,2012-09-30,2012-09-30,2018-05-03,1246000,400408000,354053500,162577000,237831000,1.342,8.053,-6793000,104782000,104782000,198123000,48296000,1.486,0.602,42000000,10000000,32000000,42000000,0,14166000,0,0.0,0.0,82166000,96332000,0.203,96332000,82166000,79948000,1.57,1.47,1.57,250003000,232846250,250003000,1513258872,18,15.709,45353000,1.47,1.0,277181000,0.583,219975000,2218000,8268000,28442500,20669000,0,0,0,150405000,109383000,41022000,1556383872,-24307000,-71796000,2445000,0,0,2445000,-78589000,0,52146000,-309000,48296000,48296000,48296000,0,0,0.102,195015000,82166000,44252000,0.0,6.225,32.226,31.981,10382000,0,50.21,3.275,3.259,16226000,66365000,475304000,475304000,67553000,0.136,0.207,2.889,0.173,12117000,68359000,1.0,30997488,30854796,32783079,15.405,180433000,16927000,31652000,9022000,5.812,53194000
LQDT,MRY,2013-12-31,2013-09-30,2013-09-30,2018-05-03,518000,421344000,397018500,164465000,256879000,1.274,9.91,-5463000,95109000,95109000,199494000,41104000,1.931,0.338,0,0,0,0,0,17374000,0,0.0,0.0,67951000,85325000,0.169,85325000,67951000,68655000,1.3,1.26,1.3,314879000,289085250,314879000,1000142325,14,11.722,41280000,1.306,1.0,306362000,0.606,239916000,-704000,1143000,6256500,29261000,0,0,0,106465000,85176000,21289000,1063469325,-9673000,-14730000,11120000,-39000000,0,-36065000,-20193000,0,46743000,-158000,41104000,41104000,41104000,0,0,0.081,238411000,67951000,46036000,0.0,3.377,25.873,25.769,10380000,0,33.5,2.102,2.094,24050000,107469000,505856000,505856000,90052000,0.104,0.142,10.861,0.134,4791000,89120000,1.0,31745353,31616926,32657236,16.0,181428000,11243000,27551000,0,5.71,79289000
LQDT,MRY,2014-12-31,2014-09-30,2014-09-30,2018-05-03,-3451000,431718000,442065250,184697000,247021000,1.121,10.686,-7539000,62598000,62598000,211659000,30390000,1.73,0.362,0,0,0,0,0,16595000,0,0.0,0.0,50417000,67012000,0.135,67012000,50417000,50047000,0.97,0.97,0.97,316983000,324542750,316983000,350922402,6,5.237,4317000,0.138,1.0,284002000,0.573,226755000,370000,35603000,24655250,78478000,0,0,0,114735000,106762000,7973000,407870402,-32511000,-141000,-36922000,0,0,-36922000,-7680000,0,11856000,235000,30390000,30390000,30390000,0,0,0.061,233585000,50417000,57538000,0.0,1.287,13.421,14.175,12283000,0,13.75,0.823,0.867,21688000,115702000,495661000,495661000,108940000,0.069,0.094,2.045,0.102,8800000,91379000,1.0,29663302,31243932,31395301,15.864,204963000,22937000,19657000,7973000,6.909,77935000
LQDT,MRY,2015-12-31,2015-09-30,2015-09-30,2018-05-03,-5626000,288488000,332477500,188389000,100099000,1.194,7.194,-7312000,95465000,95465000,166009000,-104815000,2.724,0.336,0,0,0,0,0,9235000,0,0.0,0.0,-144215000,-134980000,-0.34,-134980000,-144215000,-144386000,-3.5,-3.5,-3.5,216002000,247066500,216002000,125705787,0,-0.931,36179000,1.206,1.0,231116000,0.582,68124000,171000,55735000,53582500,25510000,0,0,0,72486000,69164000,3322000,221893787,32867000,-2372000,106000,0,0,68000,-9821000,0,43491000,-871000,-104815000,-104815000,-104815000,0,0,-0.264,367368000,-136252000,39302000,0.0,1.027,-2.117,-2.111,13356000,0,7.39,0.559,0.558,6194000,10887000,397125000,397125000,99550000,-0.315,-0.424,-2.691,-0.363,12443000,82803000,1.0,30026223,29987985,29987985,13.243,220364000,59265000,-39571000,3322000,7.339,119225000
LQDT,MRY,2016-12-31,2016-09-30,2016-09-30,2018-05-03,-8571000,260109000,281491750,184912000,75197000,1.124,5.29,-6090000,134513000,134513000,143127000,-59926000,2.163,0.6,0,0,0,0,0,6502000,0,0.0,0.0,-34118000,-27616000,-0.087,-27616000,-34118000,-32901000,-1.96,-1.96,-1.96,162611000,202173250,162611000,215668459,-6,-7.81,39748000,1.297,1.0,173327000,0.548,47784000,-1217000,-7676000,28385750,27610000,0,0,0,97498000,85488000,12010000,345533459,39048000,0,9000,0,0,-220000,-6152000,0,45838000,-418000,-59926000,-59926000,-59926000,0,0,-0.189,207445000,-34118000,40355000,0.0,2.125,-5.766,-5.735,14376000,0,11.24,1.092,1.088,10355000,-49039000,316454000,316454000,93405000,-0.213,-0.296,-1.202,-0.108,12476000,77287000,1.0,30741411,30638163,30638163,10.329,212325000,4392000,27025000,12010000,6.907,99424000
LQDT,MRY,2017-12-31,2017-09-30,2017-09-30,2018-05-03,-6431000,215229000,234882250,138922000,76307000,1.15,4.21,-7805000,94348000,94348000,126227000,-39187000,1.963,0.623,0,0,0,0,0,5796000,0,0.0,0.0,-40000000,-34204000,-0.127,-34204000,-40000000,-39638000,-1.25,-1.25,-1.25,132636000,145428500,132636000,71934759,-1,-2.103,-39458000,-1.257,1.0,143788000,0.533,45815000,-362000,4310000,-2840500,20736000,0,0,0,82593000,70756000,11837000,185869759,-40165000,0,92000,0,0,-1106000,-7924000,0,-31653000,518000,-39187000,-39187000,-39187000,0,0,-0.145,183788000,-40000000,40563000,0.0,1.401,-4.743,-4.72,16793000,0,5.9,0.688,0.686,11598000,-88226000,270015000,270015000,82988000,-0.167,-0.269,14.082,-0.148,8575000,71046000,1.0,31503349,31402921,31402921,8.598,169414000,3428000,-451000,11837000,5.377,68166000
