ticker,dimension,calendardate,datekey,reportperiod,lastupdated,accoci,assets,assetsavg,assetsc,assetsnc,assetturnover,bvps,capex,cashneq,cashnequsd,cor,consolinc,currentratio,de,debt,debtc,debtnc,debtusd,deferredrev,depamor,deposits,divyield,dps,ebit,ebitda,ebitdamargin,ebitdausd,ebitusd,ebt,eps,epsdil,epsusd,equity,equityavg,equityusd,ev,evebit,evebitda,fcf,fcfps,fxusd,gp,grossmargin,intangibles,intexp,invcap,invcapavg,inventory,investments,investmentsc,investmentsnc,liabilities,liabilitiesc,liabilitiesnc,marketcap,ncf,ncfbus,ncfcommon,ncfdebt,ncfdiv,ncff,ncfi,ncfinv,ncfo,ncfx,netinc,netinccmn,netinccmnusd,netincdis,netincnci,netmargin,opex,opinc,payables,payoutratio,pb,pe,pe1,ppnenet,prefdivis,price,ps,ps1,receivables,retearn,revenue,revenueusd,rnd,roa,roe,roic,ros,sbcomp,sgna,sharefactor,sharesbas,shareswa,shareswadil,sps,tangibles,taxassets,taxexp,taxliabilities,tbvps,workingcapital
LRAD,MRY,2011-12-31,2011-09-30,2011-09-30,2018-02-09,0,24500718,21060192,22980531,1520187,1.259,0.576,-57888,14477012,14477012,10577370,5022902,5.82,0.208,0,0,0,0,0,138191,0,0.0,0.0,5098092,5236283,0.198,5236283,5098092,5098092,0.16,0.15,0.16,20275298,17648562,20275298,46198560,9,8.823,3959823,0.125,1.0,15929451,0.601,225969,0,5849061,5227040,2735520,0,0,0,4225420,3948676,276744,59867135,8449595,0,4492063,0,0,4492063,-60179,0,4017711,0,5022902,5022902,5022902,-69454,0,0.189,10947780,4981671,1040202,0.0,2.953,11.919,11.563,75468,0,1.85,2.259,2.216,5098148,-65398586,26506821,26506821,2483938,0.239,0.285,0.975,0.192,422643,8463842,1.0,32360614,31755157,32722632,0.835,24274749,0,75190,0,0.69,19031855
LRAD,MRY,2012-12-31,2012-09-30,2012-09-30,2018-02-09,0,24405047,22723050,22931711,1473336,0.651,0.693,-201804,13859505,13859505,7313762,1462020,14.16,0.088,0,0,0,0,0,93931,0,0.0,0.0,1311204,1405135,0.095,1405135,1311204,1311204,0.05,0.04,0.05,22421769,21174909,22421769,29994182,22,21.346,-7626,0.0,1.0,7478576,0.506,158457,0,8767624,6852578,3112489,0,0,0,1983278,1619461,363817,45000553,-11257,0,0,0,0,0,-205435,0,194178,0,1462020,1462020,1462020,0,0,0.099,6201267,1277309,995719,0.0,2.007,30.78,27.8,212863,0,1.39,3.042,3.042,5517894,-63936566,14792338,14792338,1659673,0.064,0.069,0.191,0.089,684451,4541594,1.0,32374499,32374499,33015955,0.457,24246590,0,-150816,0,0.749,21312250
LRAD,MRY,2013-12-31,2013-09-30,2013-09-30,2018-02-09,0,27558895,25018129,26355352,1203543,0.683,0.759,-147504,15805195,15805195,8842631,1262812,9.94,0.113,0,0,0,0,0,146307,0,0.0,0.0,1264714,1411021,0.083,1411021,1264714,1264714,0.04,0.04,0.04,24761409,22755111,24761409,32066267,25,22.726,1608195,0.05,1.0,8245299,0.483,51650,0,9050673,7271446,4587750,0,0,0,2797486,2651377,146109,47123838,1945690,0,340450,0,0,340450,-150459,0,1755699,0,1262812,1262812,1262812,0,0,0.074,7279775,965524,1596409,0.0,1.903,37.317,36.25,237377,0,1.45,2.758,2.755,4958532,-62673754,17087930,17087930,1841369,0.05,0.055,0.174,0.074,736378,5438406,1.0,32499199,32464935,32920019,0.526,27507245,0,1902,0,0.843,23703975
LRAD,MRY,2014-12-31,2014-09-30,2014-09-30,2018-02-09,0,33778820,30223648,32598478,1180342,0.814,0.867,-326957,23894744,23894744,10828287,3327088,6.628,0.177,0,0,0,0,0,209975,0,0.0,0.0,3343340,3553315,0.144,3553315,3343340,3343340,0.1,0.1,0.1,28702791,26777678,28702791,68235277,20,19.203,8075898,0.244,1.0,13763055,0.56,53835,0,4911762,6456403,3895736,0,0,0,5076029,4918479,157550,89435688,8089549,0,28541,0,0,28541,-341847,0,8402855,0,3327088,3327088,3327088,0,0,0.135,10440238,3322817,830503,0.0,3.116,26.881,27.1,360084,0,2.71,3.637,3.645,4284051,-59346666,24591342,24591342,2481235,0.11,0.124,0.518,0.136,585753,7959003,1.0,33002099,33077556,33437124,0.743,33724985,0,16252,0,1.019,27679999
LRAD,MRY,2015-12-31,2015-09-30,2015-09-30,2018-02-09,-301,39671663,33973176,27176211,12495452,0.494,1.148,-344266,18316103,18316103,8255663,9687816,17.26,0.045,0,0,0,0,0,238314,0,0.0,0.0,1341150,1579464,0.094,1579464,1341150,1341150,0.29,0.29,0.29,37949212,31618226,37949212,37524563,27,23.758,-208455,-0.006,1.0,8528557,0.508,58385,0,19722678,12877727,4926172,4299113,1251947,3047166,1722451,1574497,147954,55308062,-5578641,0,-1060295,0,0,-1060295,-4654157,-4299414,135811,0,9687816,9687816,9687816,0,0,0.577,7309243,1219314,703942,0.0,1.457,5.709,5.759,471963,0,1.67,3.295,3.301,2116323,-49658850,16784220,16784220,2028539,0.285,0.306,0.104,0.08,619201,5280704,1.0,33118600,33174546,33574919,0.506,39613278,8339000,-8346666,0,1.198,25601714
LRAD,MRY,2016-12-31,2016-09-30,2016-09-30,2018-02-09,-1549,36813533,37888897,25171294,11642239,0.432,1.087,-162322,13466711,13466711,8689484,-1281599,12.116,0.065,0,0,0,0,0,167693,0,0.016,0.03,-1467759,-1300066,-0.079,-1300066,-1467759,-1467759,-0.04,-0.04,-0.04,34570885,35020968,34570885,43917122,-29,-33.781,-1311419,-0.041,1.0,7671521,0.469,62905,0,21206307,20229202,4763909,5123660,2936124,2187536,2242648,2077610,165038,59463855,-4849392,0,-1746256,0,-954650,-2700906,-999389,-825795,-1149097,0,-1281599,-1281599,-1281599,0,0,-0.078,9264777,-1593256,574566,-0.75,1.72,-46.398,-46.75,473344,0,1.87,3.634,3.654,3408912,-51895099,16361005,16361005,2387985,-0.034,-0.037,-0.073,-0.09,605426,6876792,1.0,31798853,31970600,31970600,0.512,36750628,8527000,-186160,0,1.156,23093684
LRAD,MRY,2017-12-31,2017-09-30,2017-09-30,2018-02-09,-1269,38857800,38081450,29085867,9771933,0.533,1.101,-182326,12803887,12803887,10035577,-876754,7.917,0.104,0,0,0,0,0,153283,0,0.0,0.0,-679154,-525871,-0.026,-525871,-679154,-679154,-0.03,-0.03,-0.03,35184039,34641964,35184039,53624082,-78,-101.972,-849098,-0.027,1.0,10278601,0.506,55689,0,22324463,20481379,5257234,5070666,4359542,711124,3673761,3673761,0,68000469,-662824,0,133000,0,0,133000,-129052,53274,-666772,0,-876754,-876754,-876754,0,0,-0.043,11086341,-807740,1112366,0.0,1.933,-77.559,-71.0,509603,0,2.13,3.347,3.34,5681882,-52771853,20314178,20314178,2500053,-0.023,-0.025,-0.033,-0.033,1116400,8586288,1.0,31925103,31855430,31855430,0.638,38802111,8331000,197600,0,1.214,25412106
