ticker,dimension,calendardate,datekey,reportperiod,lastupdated,accoci,assets,assetsavg,assetsc,assetsnc,assetturnover,bvps,capex,cashneq,cashnequsd,cor,consolinc,currentratio,de,debt,debtc,debtnc,debtusd,deferredrev,depamor,deposits,divyield,dps,ebit,ebitda,ebitdamargin,ebitdausd,ebitusd,ebt,eps,epsdil,epsusd,equity,equityavg,equityusd,ev,evebit,evebitda,fcf,fcfps,fxusd,gp,grossmargin,intangibles,intexp,invcap,invcapavg,inventory,investments,investmentsc,investmentsnc,liabilities,liabilitiesc,liabilitiesnc,marketcap,ncf,ncfbus,ncfcommon,ncfdebt,ncfdiv,ncff,ncfi,ncfinv,ncfo,ncfx,netinc,netinccmn,netinccmnusd,netincdis,netincnci,netmargin,opex,opinc,payables,payoutratio,pb,pe,pe1,ppnenet,prefdivis,price,ps,ps1,receivables,retearn,revenue,revenueusd,rnd,roa,roe,roic,ros,sbcomp,sgna,sharefactor,sharesbas,shareswa,shareswadil,sps,tangibles,taxassets,taxexp,taxliabilities,tbvps,workingcapital
LRCX,MRY,2011-12-31,2011-06-26,2011-06-26,2018-04-24,9761000,4053867000,3196968750,3273265000,780602000,1.013,19.971,-127495000,1657388000,1657388000,1740461000,723748000,4.808,0.641,743270000,4782000,738488000,743270000,153680000,74759000,0,0.0,0.0,800876000,875635000,0.27,875635000,800876000,800876000,5.86,5.79,5.86,2469845000,2191102000,2469845000,4292722912,5,4.902,753533000,6.1,1.0,1497232000,0.462,216616000,0,2242374000,1398390500,396607000,630115000,630115000,0,1584022000,680759000,903263000,5380489912,946365000,0,-193480000,697176000,0,526986000,-479913000,-353940000,881028000,18264000,723748000,723748000,723748000,0,0,0.224,692947000,804285000,163541000,0.0,2.178,7.434,7.375,270458000,0,43.22,1.662,1.649,590568000,2690086000,3237693000,3237693000,373293000,0.226,0.33,0.573,0.247,58497000,308075000,1.0,124490743,123529000,125019000,26.21,3837251000,82327000,77128000,113582000,31.028,2592506000
LRCX,MRY,2012-12-31,2012-06-24,2012-06-24,2018-04-24,-33818000,8004652000,5019254000,4415109000,3589543000,0.531,38.299,-107272000,1731087000,1731087000,1581123000,168723000,3.094,0.523,1463265000,511139000,952126000,1463265000,164833000,100825000,0,0.0,0.0,204418000,305243000,0.115,305243000,204418000,204418000,1.36,1.35,1.36,5131781000,3148387250,5131781000,3746477661,18,12.274,391756000,3.155,1.0,1084069000,0.407,2686730000,0,3623172000,2684520500,632853000,1297931000,1297931000,0,2682528000,1426928000,1255600000,4564037661,72620000,418681000,-690168000,-5265000,0,-692747000,269726000,-44354000,499028000,-3387000,168723000,168723000,168723000,0,0,0.063,846336000,237733000,258778000,0.0,0.889,27.05,27.904,584596000,0,37.95,1.712,1.768,765818000,2858809000,2665192000,2665192000,444559000,0.034,0.054,0.076,0.077,80383000,401777000,1.0,120264497,124176000,125233000,21.463,5317922000,47782000,35695000,274240000,39.688,2988181000
LRCX,MRY,2013-12-31,2013-06-30,2013-06-30,2018-04-24,-28693000,7250315000,7371031750,3793829000,3456486000,0.488,27.593,-160795000,1329009000,1329009000,2195857000,113879000,2.701,0.574,1490831000,514655000,976176000,1490831000,225038000,304116000,0,0.0,0.0,66658000,370774000,0.103,370774000,66658000,66658000,0.67,0.66,0.67,4488872000,4684827000,4488872000,7325728096,109,19.758,559138000,3.31,1.0,1403059000,0.39,2526541000,0,3481121000,3791385500,559317000,1334745000,1334745000,0,2574523000,1404475000,1170048000,7214879096,-402279000,-9916000,-885017000,-2234000,0,-887790000,-238637000,-68405000,719933000,4215000,113879000,113879000,113879000,0,0,0.032,1284988000,118071000,200254000,0.0,1.607,63.356,66.179,603910000,0,44.34,2.005,2.081,602624000,2972688000,3598916000,3598916000,683688000,0.015,0.024,0.018,0.019,99386000,601300000,1.0,162717165,168932000,173430000,21.304,4723774000,0,-47221000,246479000,29.037,2389354000
LRCX,MRY,2014-12-31,2014-06-29,2014-06-29,2018-04-24,-28655000,7993306000,7636704000,4783662000,3209644000,0.603,29.031,-145503000,1599169000,1599169000,2599828000,632289000,3.024,0.553,1335469000,518267000,817202000,1335469000,235923000,292254000,0,0.003,0.18,723363000,1015617000,0.22,1015617000,723363000,723363000,3.84,3.62,3.84,5029735000,4757597250,5029735000,10930758874,15,10.763,571546000,3.469,1.0,2007481000,0.436,2360303000,0,3787302000,3745810250,740503000,1612967000,1612967000,0,2780222000,1582001000,1198221000,10854628874,290204000,-30227000,-167142000,-1658000,0,-162735000,-265214000,-283966000,717049000,1104000,632289000,632289000,632289000,0,0,0.137,1329812000,677669000,223515000,0.047,2.158,17.167,17.435,543496000,0,66.95,2.356,2.394,800616000,3575737000,4607309000,4607309000,716471000,0.083,0.133,0.193,0.157,103608000,613341000,1.0,162130379,164741000,174503000,27.967,5633003000,0,91074000,258357000,32.513,3201661000
LRCX,MRY,2015-12-31,2015-06-28,2015-06-28,2018-04-24,-57796000,9364648000,8651926500,6270849000,3093799000,0.608,32.178,-198265000,1672508000,1672508000,2974976000,655577000,2.383,0.788,2361032000,1359650000,1001382000,2361032000,322070000,277920000,0,0.01,0.84,740850000,1018770000,0.194,1018770000,740850000,740850000,4.11,3.7,4.11,5103144000,5022826750,5103144000,13851251666,18,13.596,587238000,3.679,1.0,2284336000,0.434,2115649000,0,5306162000,4967369250,943346000,2574947000,2574947000,0,4019696000,2631361000,1388335000,13118838666,48862000,40075000,-506917000,990710000,-116059000,378472000,-1106096000,-952240000,785503000,-9017000,655577000,655577000,655577000,0,0,0.125,1496297000,788039000,300203000,0.204,2.571,20.011,20.161,621418000,0,82.86,2.494,2.515,1093582000,4096855000,5259312000,5259312000,825242000,0.076,0.131,0.149,0.141,135272000,591611000,1.0,158325352,159629000,177067000,32.947,7248999000,0,85273000,202930000,45.709,3639488000
LRCX,MRY,2016-12-31,2016-06-26,2016-06-26,2018-04-24,-69333000,12264315000,10408357250,9213150000,3051165000,0.565,36.873,-175330000,5289743000,5289743000,3266971000,914049000,3.81,1.045,4325862000,947733000,3378129000,4325862000,349199000,291028000,0,0.015,1.2,960117000,1251145000,0.213,1251145000,960117000,960117000,5.75,5.22,5.75,5894517000,5624325500,5894517000,13058067230,13,10.437,1174947000,7.393,1.0,2618922000,0.445,1951197000,0,6931196000,5977506750,971911000,1788612000,1788612000,0,6162246000,2418041000,3744205000,13131694230,3537783000,0,-98992000,1886647000,-190402000,1595745000,592483000,798828000,1350277000,-722000,914049000,914049000,914049000,0,0,0.155,1544666000,1074256000,348199000,0.209,2.228,14.367,14.31,639608000,0,82.28,2.231,2.222,1262145000,4820109000,5885893000,5885893000,913712000,0.088,0.163,0.161,0.163,142345000,630954000,1.0,159597645,158919000,175159000,37.037,10313118000,0,46068000,231514000,64.513,6795109000
LRCX,MRY,2017-12-31,2017-06-25,2017-06-25,2018-04-24,-61700000,12122765000,12038843000,9142498000,2980267000,0.666,42.028,-157419000,2633739000,2633739000,4410261000,1697763000,3.099,0.753,2693413000,908439000,1784974000,2693413000,607672000,306905000,0,0.011,1.65,1811673000,2118578000,0.264,2118578000,1811673000,1811673000,10.47,9.24,10.47,6817451000,6536071000,6817451000,24781775146,13,11.697,1871863000,11.539,1.0,3603359000,0.45,1796668000,0,7435656000,7106315000,1232916000,3663628000,3663628000,0,5135453000,2950115000,2185338000,24483917146,-2661788000,0,-739096000,-1688313000,-243495000,-2632394000,-2058613000,-1883886000,2029282000,-63000,1697763000,1697763000,1697763000,0,0,0.212,1701227000,1902132000,464643000,0.158,3.591,14.421,14.497,685595000,0,151.78,3.055,3.073,1673398000,6249691000,8013620000,8013620000,1033742000,0.141,0.26,0.255,0.226,150087000,667485000,1.0,161311880,162222000,183770000,49.399,10326097000,0,113910000,120178000,63.658,6192383000
