ticker,dimension,calendardate,datekey,reportperiod,lastupdated,accoci,assets,assetsavg,assetsc,assetsnc,assetturnover,bvps,capex,cashneq,cashnequsd,cor,consolinc,currentratio,de,debt,debtc,debtnc,debtusd,deferredrev,depamor,deposits,divyield,dps,ebit,ebitda,ebitdamargin,ebitdausd,ebitusd,ebt,eps,epsdil,epsusd,equity,equityavg,equityusd,ev,evebit,evebitda,fcf,fcfps,fxusd,gp,grossmargin,intangibles,intexp,invcap,invcapavg,inventory,investments,investmentsc,investmentsnc,liabilities,liabilitiesc,liabilitiesnc,marketcap,ncf,ncfbus,ncfcommon,ncfdebt,ncfdiv,ncff,ncfi,ncfinv,ncfo,ncfx,netinc,netinccmn,netinccmnusd,netincdis,netincnci,netmargin,opex,opinc,payables,payoutratio,pb,pe,pe1,ppnenet,prefdivis,price,ps,ps1,receivables,retearn,revenue,revenueusd,rnd,roa,roe,roic,ros,sbcomp,sgna,sharefactor,sharesbas,shareswa,shareswadil,sps,tangibles,taxassets,taxexp,taxliabilities,tbvps,workingcapital
LUB,MRY,2011-12-31,2011-08-31,2011-08-31,2018-04-23,0,228020000,235181000,14764000,213256000,1.483,5.837,3634000,1252000,1252000,223801000,2965000,0.442,0.382,21500000,0,21500000,21500000,0,17278000,0,0.0,0.0,5956000,23234000,0.067,23234000,5956000,3513000,0.1,0.1,0.1,165037000,163199000,165037000,157809035,26,6.792,20087000,0.711,1.0,124947000,0.358,28293000,2443000,186553000,203081500,4191000,0,0,0,62983000,33422000,29561000,128041035,-1048000,-600000,27000,-20562000,0,-20535000,3034000,0,16453000,0,2965000,2965000,2965000,-165000,0,0.009,120431000,4516000,14226000,0.0,0.776,43.184,45.5,168009000,0,4.55,0.367,0.368,4429000,136872000,348748000,348748000,0,0.013,0.018,0.029,0.017,853000,47620000,1.0,28140887,28237000,28297000,12.351,199727000,10545000,548000,0,7.063,-18658000
LUB,MRY,2012-12-31,2012-08-29,2012-08-29,2018-04-23,0,231017000,228844250,13766000,217251000,1.53,6.086,-20613000,1223000,1223000,219240000,6753000,0.383,0.338,13000000,0,13000000,13000000,0,17974000,0,0.0,0.0,9349000,27323000,0.078,27323000,9349000,8407000,0.24,0.24,0.24,172659000,168550500,172659000,191043199,20,6.992,8649000,0.305,1.0,130857000,0.374,26874000,942000,179983000,181309500,3561000,0,0,0,58358000,35937000,22421000,177851199,-29000,0,0,-8501000,0,-8501000,-20790000,-177000,29262000,0,6753000,6753000,6753000,645000,0,0.019,121930000,8927000,14849000,0.0,1.03,26.337,26.292,174235000,0,6.31,0.508,0.511,4000000,143726000,350097000,350097000,0,0.03,0.04,0.052,0.027,822000,48905000,1.0,28185610,28351000,28429000,12.349,204143000,11286000,1654000,0,7.195,-22171000
LUB,MRY,2013-12-31,2013-08-28,2013-08-28,2018-04-23,0,250645000,241779500,15617000,235028000,1.589,6.156,-25378000,1528000,1528000,243150000,3161000,0.34,0.415,19200000,0,19200000,19200000,0,18571000,0,0.0,0.0,5856000,24427000,0.064,24427000,5856000,4936000,0.11,0.11,0.11,177133000,175024000,177133000,222769089,38,9.12,4064000,0.142,1.0,141046000,0.367,27686000,920000,194632000,191714250,4908000,0,0,0,73512000,45999000,27513000,204890089,305000,-10169000,404000,5862000,0,6330000,-35467000,80000,29442000,0,3161000,3161000,3161000,1386000,0,0.008,134839000,6207000,23655000,0.0,1.157,64.818,65.909,190946000,0,7.25,0.533,0.54,4083000,146626000,384196000,384196000,0,0.013,0.018,0.031,0.015,1446000,57803000,1.0,28260702,28618000,28866000,13.425,222959000,9558000,1775000,0,7.749,-30382000
LUB,MRY,2014-12-31,2014-08-27,2014-08-27,2018-04-23,0,275435000,264513250,15910000,259525000,1.497,6.053,-42054000,2788000,2788000,252023000,-3447000,0.318,0.574,42000000,0,42000000,42000000,0,20221000,0,0.0,0.0,-3860000,16361000,0.041,16361000,-3860000,-5107000,-0.12,-0.12,-0.12,175024000,175326000,175024000,188179416,-48,11.502,-21615000,-0.75,1.0,143899000,0.363,25695000,1247000,238986000,224900250,5556000,0,0,0,100411000,49966000,50445000,153992416,1260000,0,125000,22677000,0,22852000,-42031000,23000,20439000,0,-3447000,-3447000,-3447000,1436000,0,-0.009,147430000,-3531000,26269000,0.0,0.88,-44.674,-45.167,214483000,0,5.42,0.389,0.394,4112000,143179000,395922000,395922000,0,-0.013,-0.02,-0.017,-0.01,1238000,62756000,1.0,28411885,28812000,28812000,13.742,249740000,11881000,-1660000,0,8.636,-34056000
LUB,MRY,2015-12-31,2015-08-26,2015-08-26,2018-04-23,0,264258000,272522000,15148000,249110000,1.446,6.007,-7100000,1501000,1501000,251197000,-2074000,0.34,0.513,37500000,0,37500000,37500000,0,21431000,0,0.0,0.0,-813000,20618000,0.052,20618000,-813000,-3150000,-0.07,-0.07,-0.07,174659000,173079750,174659000,179691223,-221,8.715,3216000,0.111,1.0,142888000,0.363,24213000,2337000,231496000,248593000,4483000,0,0,0,89599000,44548000,45051000,133266223,-1287000,0,190000,-4755000,0,-4560000,-7043000,57000,10316000,0,-2074000,-2074000,-2074000,458000,0,-0.005,143768000,-880000,20173000,0.0,0.763,-64.256,-66.571,204738000,0,4.66,0.338,0.343,5175000,141105000,394085000,394085000,0,-0.008,-0.012,-0.003,-0.002,1509000,59843000,1.0,28597902,28974000,28974000,13.601,240045000,13494000,-1076000,0,8.256,-29400000
LUB,MRY,2016-12-31,2016-08-31,2016-08-31,2018-04-23,0,252225000,259534250,15542000,236683000,1.551,5.66,-13459000,1339000,1339000,256772000,-10346000,0.373,0.522,37000000,0,37000000,37000000,0,21906000,0,0.0,0.0,-3224000,18682000,0.046,18682000,-3224000,-5471000,-0.35,-0.35,-0.35,165753000,171395000,165753000,164821184,-51,8.822,400000,0.014,1.0,145867000,0.362,22679000,2247000,223504000,226866500,4596000,0,0,0,86472000,41703000,44769000,130230184,-162000,0,82000,-542000,0,-579000,-13442000,17000,13859000,0,-10346000,-10346000,-10346000,90000,0,-0.026,149191000,-3324000,17539000,0.0,0.786,-12.587,-12.857,198740000,0,4.5,0.323,0.327,5919000,130759000,402639000,402639000,0,-0.04,-0.06,-0.014,-0.008,1596000,64796000,1.0,28940041,29226000,29226000,13.777,229546000,9278000,4875000,0,7.839,-26161000
LUB,MRY,2017-12-31,2017-08-30,2017-08-30,2018-04-23,0,226457000,238005250,16991000,209466000,1.58,4.876,-3216000,1096000,1096000,242218000,-23262000,0.383,0.572,30698000,0,30698000,30698000,0,20438000,0,0.0,0.0,-18381000,2057000,0.005,2057000,-18381000,-20824000,-0.79,-0.79,-0.79,144052000,150076250,144052000,115683345,-6,56.239,6424000,0.218,1.0,133813000,0.356,20708000,2443000,190971000,207198250,4453000,0,0,0,82405000,44380000,38025000,76876345,-243000,0,0,-6667000,0,-6667000,-3216000,0,9640000,0,-23262000,-23262000,-23262000,466000,0,-0.062,151282000,-17469000,15937000,0.0,0.534,-3.305,-3.342,176186000,0,2.64,0.204,0.207,8011000,107497000,376031000,376031000,0,-0.098,-0.155,-0.089,-0.049,1561000,59665000,1.0,29119828,29476000,29476000,12.757,205749000,7254000,2438000,0,6.964,-27389000
