ticker,dimension,calendardate,datekey,reportperiod,lastupdated,accoci,assets,assetsavg,assetsc,assetsnc,assetturnover,bvps,capex,cashneq,cashnequsd,cor,consolinc,currentratio,de,debt,debtc,debtnc,debtusd,deferredrev,depamor,deposits,divyield,dps,ebit,ebitda,ebitdamargin,ebitdausd,ebitusd,ebt,eps,epsdil,epsusd,equity,equityavg,equityusd,ev,evebit,evebitda,fcf,fcfps,fxusd,gp,grossmargin,intangibles,intexp,invcap,invcapavg,inventory,investments,investmentsc,investmentsnc,liabilities,liabilitiesc,liabilitiesnc,marketcap,ncf,ncfbus,ncfcommon,ncfdebt,ncfdiv,ncff,ncfi,ncfinv,ncfo,ncfx,netinc,netinccmn,netinccmnusd,netincdis,netincnci,netmargin,opex,opinc,payables,payoutratio,pb,pe,pe1,ppnenet,prefdivis,price,ps,ps1,receivables,retearn,revenue,revenueusd,rnd,roa,roe,roic,ros,sbcomp,sgna,sharefactor,sharesbas,shareswa,shareswadil,sps,tangibles,taxassets,taxexp,taxliabilities,tbvps,workingcapital
LVS,MRY,2011-12-31,2011-12-31,2011-12-31,2018-04-28,94104000,22244123000,21795880250,5397152000,16846971000,0.432,10.733,-1502400000,3909861000,3909861000,4922677000,1883119000,2.16,1.631,10032977000,455846000,9577131000,10032977000,119915000,794404000,0,0.0,0.0,2054776000,2849180000,0.303,2849180000,2054776000,1771827000,1.74,1.56,1.74,7850689000,7458856000,7850689000,36877039231,17,12.943,1160096000,1.593,1.0,4488068000,0.477,80068000,282949000,25788465000,25206545500,34990000,0,0,0,12804971000,2498706000,10306265000,31309062231,865637000,0,38017000,-183601000,-75297000,-1093461000,-698106000,804394000,2662496000,-5292000,1560123000,1269508000,1269508000,0,322996000,0.135,2098181000,2389887000,104113000,0.0,3.988,24.662,24.557,16421447000,290615000,42.73,3.327,3.307,1336817000,2145692000,9410745000,9410745000,0,0.058,0.17,0.082,0.218,62714000,1022618000,1.0,732718517,728343428,811816687,12.921,22164055000,72345000,211704000,313498000,30.302,2898446000
LVS,MRY,2012-12-31,2012-12-31,2012-12-31,2018-04-28,263078000,22163652000,22652463000,4477514000,17686138000,0.491,8.588,-1446325000,2519225000,2519225000,6069575000,1881813000,1.707,1.912,10230067000,97802000,10132265000,10230067000,118435000,892046000,0,0.081,3.75,1963420000,2855466000,0.257,2855466000,1963420000,1704856000,1.89,1.85,1.89,7061842000,8441315500,7061842000,43753135625,22,15.323,1611432000,1.998,1.0,5061557000,0.455,70618000,258564000,27181053000,26378493750,43875000,0,0,0,13505240000,2622823000,10882417000,38010415625,-1389952000,0,575148000,-149100000,-3442312000,-3045306000,-1445632000,693000,3057757000,43229000,1524093000,1524093000,1524093000,0,357720000,0.137,2750175000,2311382000,106498000,1.984,5.383,24.94,24.423,17225489000,0,46.16,3.415,3.344,1819260000,560452000,11131132000,11131132000,0,0.067,0.181,0.074,0.176,65428000,1268965000,1.0,823449212,806395660,824556036,13.804,22093034000,45579000,180763000,350071000,26.866,1854691000
LVS,MRY,2013-12-31,2013-12-31,2013-12-31,2018-04-28,173783000,22724264000,22251034000,5515539000,17208725000,0.619,9.364,-865956000,3607253000,3607253000,7516457000,2954676000,1.762,1.725,9760259000,377507000,9382752000,9760259000,116955000,1007468000,0,0.018,1.4,2766044000,3773512000,0.274,3773512000,2766044000,2494833000,2.8,2.79,2.8,7665494000,7519465500,7665494000,71184963867,25,18.864,3573456000,4.346,1.0,6253428000,0.454,102081000,271211000,25645524000,25572791500,41946000,0,0,0,13223735000,3129665000,10094070000,64637801867,1087648000,0,-491204000,-365339000,-1564049000,-2432450000,-912209000,-382000,4439412000,-7105000,2305997000,2305997000,2305997000,0,648679000,0.167,2845185000,3408243000,119194000,0.5,8.432,28.03,28.168,16787772000,0,78.87,4.694,4.71,1762110000,1713339000,13769885000,13769885000,0,0.104,0.307,0.108,0.201,53377000,1519275000,1.0,819548648,822282515,826316108,16.746,22622183000,13821000,188836000,363198000,27.636,2385874000
LVS,MRY,2014-12-31,2014-12-31,2014-12-31,2018-04-28,76101000,22354047000,22276388000,5190499000,17163548000,0.655,9.025,-1177000000,3512885000,3512885000,7746000000,3588000000,1.922,1.848,9992647000,99734000,9892913000,9992647000,115475000,1031000000,0,0.034,2.0,3360000000,4391000000,0.301,4391000000,3360000000,3086000000,3.52,3.52,3.52,7213586000,7245862500,7213586000,53429204439,15,12.168,3656000000,4.536,1.0,6838000000,0.469,86260000,274000000,26047577000,26226859250,41674000,0,0,0,13333465000,2699972000,10633493000,46644214439,-94000000,0,-1621000000,293000000,-2387000000,-3721000000,-1177000000,0,4833000000,-29000000,2841000000,2841000000,2841000000,0,747000000,0.195,2739000000,4099000000,112721000,0.568,6.466,16.418,16.523,16725564000,0,58.16,3.198,3.214,1510772000,2945846000,14584000000,14584000000,0,0.128,0.392,0.128,0.23,44000000,1433000000,1.0,801998185,806000000,808000000,18.094,22267787000,24076000,245000000,418014000,27.861,2490527000
LVS,MRY,2015-12-31,2015-12-31,2015-12-31,2018-04-28,-66000000,20863000000,21005045250,3609000000,17254000000,0.556,8.566,-1527000000,2187000000,2187000000,6117000000,2386000000,1.465,1.826,9344000000,95000000,9249000000,9344000000,114000000,999000000,0,0.059,2.6,2467000000,3466000000,0.297,3466000000,2467000000,2202000000,2.47,2.47,2.47,6817000000,6980994000,6817000000,42158617154,17,12.163,1932000000,2.424,1.0,5571000000,0.477,71000000,265000000,25485000000,25500162000,43000000,0,0,0,12445000000,2464000000,9981000000,34892654154,-1327000000,0,-188000000,-321000000,-2707000000,-3216000000,-1528000000,-1000000,3459000000,-42000000,1966000000,1966000000,1966000000,0,420000000,0.168,2730000000,2841000000,111000000,1.053,5.118,17.748,17.749,16994000000,0,43.84,2.985,2.989,1268000000,2840000000,11688000000,11688000000,0,0.094,0.282,0.097,0.211,46000000,1443000000,1.0,795909082,797000000,798000000,14.665,20792000000,24000000,236000000,400000000,26.127,1145000000
LVS,MRY,2016-12-31,2016-12-31,2016-12-31,2018-04-28,-119000000,20469000000,20628775250,3098000000,17371000000,0.553,7.77,-1393000000,2138000000,2138000000,5837000000,2016000000,1.104,2.1,9595000000,167000000,9428000000,9595000000,0,1111000000,0,0.054,2.88,2183000000,3294000000,0.289,3294000000,2183000000,1909000000,2.1,2.1,2.1,6177000000,6395839500,6177000000,50407387160,23,15.303,2651000000,3.335,1.0,5573000000,0.488,103000000,274000000,25017000000,25663701000,46000000,0,0,0,12973000000,2806000000,10167000000,42449943160,-51000000,0,17000000,276000000,-2924000000,-2631000000,-1442000000,-2000000,4044000000,-22000000,1670000000,1670000000,1670000000,0,346000000,0.146,3080000000,2493000000,128000000,1.371,6.872,25.419,25.433,17113000000,0,53.41,3.72,3.721,776000000,2222000000,11410000000,11410000000,0,0.081,0.261,0.085,0.191,34000000,1540000000,1.0,794793918,795000000,795000000,14.352,20366000000,0,239000000,392000000,25.618,292000000
LVS,MRY,2017-12-31,2017-12-31,2017-12-31,2018-04-28,14000000,20687000000,20169750000,3207000000,17480000000,0.639,8.189,-822000000,2430000000,2430000000,6485000000,3261000000,1.085,2.014,9640000000,296000000,9344000000,9640000000,0,1171000000,0,0.042,2.92,2924000000,4095000000,0.318,4095000000,2924000000,2597000000,3.54,3.54,3.54,6486000000,6075500000,6486000000,62535455894,21,15.271,3721000000,4.698,1.0,6397000000,0.497,89000000,327000000,24852000000,25018750000,47000000,0,0,0,13060000000,2956000000,10104000000,54930455894,291000000,0,-335000000,-209000000,-2943000000,-3487000000,-823000000,-1000000,4543000000,58000000,2806000000,2806000000,2806000000,0,455000000,0.218,2935000000,3462000000,171000000,0.825,8.469,19.576,19.63,16753000000,0,69.49,4.264,4.272,615000000,2709000000,12882000000,12882000000,0,0.139,0.462,0.117,0.227,34000000,1589000000,1.0,790480010,792000000,792000000,16.265,20598000000,493000000,-209000000,467000000,26.008,251000000
