ticker,dimension,calendardate,datekey,reportperiod,lastupdated,accoci,assets,assetsavg,assetsc,assetsnc,assetturnover,bvps,capex,cashneq,cashnequsd,cor,consolinc,currentratio,de,debt,debtc,debtnc,debtusd,deferredrev,depamor,deposits,divyield,dps,ebit,ebitda,ebitdamargin,ebitdausd,ebitusd,ebt,eps,epsdil,epsusd,equity,equityavg,equityusd,ev,evebit,evebitda,fcf,fcfps,fxusd,gp,grossmargin,intangibles,intexp,invcap,invcapavg,inventory,investments,investmentsc,investmentsnc,liabilities,liabilitiesc,liabilitiesnc,marketcap,ncf,ncfbus,ncfcommon,ncfdebt,ncfdiv,ncff,ncfi,ncfinv,ncfo,ncfx,netinc,netinccmn,netinccmnusd,netincdis,netincnci,netmargin,opex,opinc,payables,payoutratio,pb,pe,pe1,ppnenet,prefdivis,price,ps,ps1,receivables,retearn,revenue,revenueusd,rnd,roa,roe,roic,ros,sbcomp,sgna,sharefactor,sharesbas,shareswa,shareswadil,sps,tangibles,taxassets,taxexp,taxliabilities,tbvps,workingcapital
M,MRY,2011-12-31,2012-01-28,2012-01-28,2018-04-04,-1061000000,22095000000,21320750000,8777000000,13318000000,1.238,14.132,-650000000,2827000000,2827000000,15738000000,1256000000,1.401,2.724,7758000000,1103000000,6655000000,7758000000,0,1085000000,0,0.01,0.35,2415000000,3500000000,0.133,3500000000,2415000000,1968000000,2.96,2.92,2.96,5933000000,5859000000,5933000000,20057420319,8,5.731,1443000000,3.437,1.0,10667000000,0.404,4341000000,447000000,16422000000,16477500000,5117000000,0,0,0,16162000000,6263000000,9899000000,14198420319,1363000000,0,-340000000,395000000,-148000000,-113000000,-617000000,0,2093000000,0,1256000000,1256000000,1256000000,0,0,0.048,8256000000,2411000000,4381000000,0.118,2.393,11.304,11.426,8420000000,0,33.82,0.538,0.538,368000000,4015000000,26405000000,26405000000,0,0.059,0.214,0.147,0.091,70000000,8281000000,1.0,419823191,419823191,,62.896,17754000000,0,712000000,1920000000,42.289,2514000000
M,MRY,2012-12-31,2013-02-02,2013-02-02,2018-04-04,-931000000,20991000000,21275750000,7876000000,13115000000,1.301,15.308,-876000000,1836000000,1836000000,16538000000,1335000000,1.552,2.469,6930000000,124000000,6806000000,6930000000,0,1049000000,0,0.02,0.8,2527000000,3576000000,0.129,3576000000,2527000000,2102000000,3.29,3.24,3.29,6051000000,5887500000,6051000000,21293347727,8,5.955,1303000000,3.296,1.0,11148000000,0.403,4304000000,425000000,16706000000,16750250000,5308000000,0,0,0,14940000000,5075000000,9865000000,15617347727,-991000000,0,-1163000000,-891000000,-324000000,-2389000000,-781000000,0,2179000000,0,1335000000,1335000000,1335000000,0,0,0.048,8487000000,2661000000,4189000000,0.243,2.581,11.698,12.009,8196000000,0,39.51,0.564,0.564,371000000,5108000000,27686000000,27686000000,0,0.063,0.227,0.151,0.091,61000000,8482000000,1.0,395275822,395275822,,70.042,16687000000,0,767000000,2000000000,42.216,2801000000
M,MRY,2013-12-31,2014-02-01,2014-02-01,2018-04-04,-665000000,21620000000,21384250000,8688000000,12932000000,1.306,16.959,-731000000,2273000000,2273000000,16725000000,1486000000,1.517,2.46,7177000000,463000000,6714000000,7177000000,0,1020000000,0,0.018,0.95,2680000000,3700000000,0.132,3700000000,2680000000,2290000000,3.93,3.86,3.93,6249000000,5879250000,6249000000,25629242080,9,6.927,1818000000,4.934,1.0,11206000000,0.401,4270000000,390000000,16528000000,16678250000,5557000000,0,0,0,15371000000,5726000000,9645000000,19603242080,437000000,0,-1256000000,300000000,-359000000,-1324000000,-788000000,0,2549000000,0,1486000000,1486000000,1486000000,0,0,0.053,8528000000,2678000000,4501000000,0.242,3.137,13.192,13.537,7930000000,0,53.2,0.702,0.702,438000000,6235000000,27931000000,27931000000,0,0.069,0.253,0.161,0.096,62000000,8440000000,1.0,368481994,368481994,,75.8,17350000000,0,804000000,2035000000,47.085,2962000000
M,MRY,2014-12-31,2015-01-31,2015-01-31,2018-04-04,-1072000000,21330000000,21413250000,8580000000,12750000000,1.313,15.575,-896000000,2246000000,2246000000,16863000000,1526000000,1.691,2.966,7309000000,76000000,7233000000,7309000000,0,1036000000,0,0.019,1.188,2785000000,3821000000,0.136,3821000000,2785000000,2390000000,4.3,4.22,4.3,5378000000,5659000000,5378000000,28227915354,10,7.388,1813000000,5.251,1.0,11242000000,0.4,4239000000,395000000,17079000000,17116750000,5417000000,0,0,0,15952000000,5075000000,10877000000,22056915354,-27000000,0,-1643000000,307000000,-421000000,-1766000000,-970000000,0,2709000000,0,1526000000,1526000000,1526000000,0,0,0.054,8442000000,2800000000,4703000000,0.276,4.101,14.454,14.856,7800000000,0,63.88,0.785,0.785,424000000,7340000000,28105000000,28105000000,0,0.071,0.27,0.163,0.099,73000000,8355000000,1.0,345286715,345286715,,81.396,17091000000,0,864000000,1739000000,49.498,3505000000
M,MRY,2015-12-31,2016-01-30,2016-01-30,2018-04-04,-1043000000,20576000000,20859250000,7652000000,12924000000,1.298,13.529,-909000000,1109000000,1109000000,16496000000,1070000000,1.336,3.838,7637000000,642000000,6995000000,7637000000,0,1061000000,0,0.034,1.393,2043000000,3104000000,0.115,3104000000,2043000000,1680000000,3.26,3.22,3.26,4253000000,4569750000,4253000000,20192591806,9,6.505,1075000000,3.42,1.0,10583000000,0.391,4411000000,363000000,16965000000,17410500000,5506000000,0,0,0,16323000000,5728000000,10595000000,12703591806,-1137000000,-212000000,-1838000000,264000000,-456000000,-2029000000,-1092000000,0,1984000000,0,1072000000,1072000000,1072000000,0,-2000000,0.04,8544000000,2039000000,4859000000,0.427,2.987,11.85,12.396,7616000000,0,40.41,0.469,0.469,558000000,6334000000,27079000000,27079000000,0,0.051,0.235,0.117,0.075,65000000,8256000000,1.0,314367528,314367528,,86.138,16165000000,0,608000000,1704000000,51.421,1924000000
M,MRY,2016-12-31,2017-01-28,2017-01-28,2018-04-04,-896000000,19851000000,20248000000,7626000000,12225000000,1.273,14.139,-239000000,1297000000,1297000000,15621000000,611000000,1.35,3.593,6871000000,309000000,6562000000,6871000000,0,1058000000,0,0.051,1.493,1327000000,2385000000,0.093,2385000000,1327000000,960000000,2.01,1.99,2.01,4322000000,4079250000,4322000000,15942055301,12,6.684,1562000000,5.11,1.0,10157000000,0.394,4395000000,367000000,15383000000,16456500000,5399000000,0,0,0,15529000000,5647000000,9882000000,8898055301,188000000,0,-280000000,-688000000,-459000000,-1426000000,-187000000,0,1801000000,0,619000000,619000000,619000000,0,-8000000,0.024,8842000000,1315000000,4986000000,0.743,2.059,14.375,14.483,7017000000,0,29.11,0.345,0.345,522000000,6088000000,25778000000,25778000000,0,0.031,0.152,0.081,0.051,61000000,8265000000,1.0,305670055,305670055,,84.333,15456000000,0,341000000,1795000000,50.564,1979000000
M,MRY,2017-12-31,2018-02-03,2018-02-03,2018-04-04,-724000000,19381000000,19454000000,7444000000,11937000000,1.277,18.587,-349000000,1455000000,1455000000,15152000000,1536000000,1.467,2.424,5883000000,22000000,5861000000,5883000000,0,991000000,0,0.061,1.508,1839000000,2830000000,0.114,2830000000,1839000000,1518000000,5.07,5.04,5.07,5661000000,4642000000,5661000000,13365657123,7,4.723,1595000000,5.237,1.0,9685000000,0.39,4385000000,321000000,14349000000,14963500000,5178000000,0,0,0,13720000000,5075000000,8645000000,7580657123,158000000,0,5000000,-969000000,-461000000,-1413000000,-373000000,0,1944000000,0,1547000000,1547000000,1547000000,0,-11000000,0.062,7878000000,1807000000,4757000000,0.297,1.339,4.9,4.909,6672000000,0,24.89,0.305,0.305,363000000,7174000000,24837000000,24837000000,0,0.08,0.333,0.123,0.074,58000000,8131000000,1.0,304566377,304566377,,81.549,14996000000,0,-29000000,1418000000,49.237,2369000000
