ticker,dimension,calendardate,datekey,reportperiod,lastupdated,accoci,assets,assetsavg,assetsc,assetsnc,assetturnover,bvps,capex,cashneq,cashnequsd,cor,consolinc,currentratio,de,debt,debtc,debtnc,debtusd,deferredrev,depamor,deposits,divyield,dps,ebit,ebitda,ebitdamargin,ebitdausd,ebitusd,ebt,eps,epsdil,epsusd,equity,equityavg,equityusd,ev,evebit,evebitda,fcf,fcfps,fxusd,gp,grossmargin,intangibles,intexp,invcap,invcapavg,inventory,investments,investmentsc,investmentsnc,liabilities,liabilitiesc,liabilitiesnc,marketcap,ncf,ncfbus,ncfcommon,ncfdebt,ncfdiv,ncff,ncfi,ncfinv,ncfo,ncfx,netinc,netinccmn,netinccmnusd,netincdis,netincnci,netmargin,opex,opinc,payables,payoutratio,pb,pe,pe1,ppnenet,prefdivis,price,ps,ps1,receivables,retearn,revenue,revenueusd,rnd,roa,roe,roic,ros,sbcomp,sgna,sharefactor,sharesbas,shareswa,shareswadil,sps,tangibles,taxassets,taxexp,taxliabilities,tbvps,workingcapital
MARPS,MRY,2011-12-31,2011-06-30,2011-06-30,2018-05-15,0,1360392,1247314,1345960,14432,2.761,0.68,0,1345960,1345960,0,3187776,,0.0,0,0,0,0,0,0,0,0.073,1.493,3187776,3187776,0.926,3187776,3187776,3187776,1.59,1.59,1.59,1360392,1247314,1360392,39588195,12,12.419,3187776,1.594,1.0,3443526,1.0,0,0,14432,14432,0,0,0,0,0,0,0,40842000,202506,0,0,0,-2985270,-2985270,0,0,3187776,0,3187776,3187776,3187776,0,0,0.926,255750,3187776,0,0.939,30.022,12.812,12.843,7,0,20.421,11.861,11.861,0,,3443526,3443526,0,2.556,2.556,220.882,0.926,0,255750,1.0,2000000,2000000,2000000,1.722,1360392,14425,0,0,0.68,1345960
MARPS,MRY,2012-12-31,2012-06-30,2012-06-30,2018-05-15,0,1187051,1286792,1184244,2807,3.195,0.594,0,1184244,1184244,0,3816713,,0.0,0,0,0,0,0,0,0,0.09,1.995,3816713,3816713,0.928,3816713,3816713,3816713,1.91,1.91,1.91,1187051,1286792,1187051,43258715,11,11.334,3816713,1.908,1.0,4111230,1.0,0,0,2807,11525,0,0,0,0,0,0,0,44520000,-173341,0,0,0,-3990054,-3990054,0,0,3816713,0,3816713,3816713,3816713,0,0,0.928,294517,3816713,0,1.045,37.505,11.664,11.654,7,0,22.26,10.829,10.829,0,,4111230,4111230,0,2.966,2.966,331.147,0.928,0,294517,1.0,2000000,2000000,2000000,2.056,1187051,2800,0,0,0.594,1184244
MARPS,MRY,2013-12-31,2013-06-30,2013-06-30,2018-05-15,0,1095526,1107928,1092719,2807,2.704,0.548,0,1092719,1092719,0,2722141,,0.0,0,0,0,0,0,0,0,0.084,1.407,2722141,2722141,0.909,2722141,2722141,2722141,1.36,1.36,1.36,1095526,1107928,1095526,32508560,11,11.942,2722141,1.361,1.0,2995877,1.0,0,0,2807,2807,0,0,0,0,0,0,0,33665000,-91525,0,0,0,-2813666,-2813666,0,0,2722141,0,2722141,2722141,2722141,0,0,0.909,273736,2722141,0,1.035,30.73,12.367,12.377,7,0,16.832,11.237,11.237,0,,2995877,2995877,0,2.457,2.457,969.769,0.909,0,273736,1.0,2000000,2000000,2000000,1.498,1095526,2800,0,0,0.548,1092719
MARPS,MRY,2014-12-31,2014-06-30,2014-06-30,2018-05-15,0,1134744,1129223,1131937,2807,2.768,0.567,0,1131937,1131937,0,2815576,,0.0,0,0,0,0,0,0,0,0.085,1.388,2815576,2815576,0.901,2815576,2815576,2815576,1.41,1.41,1.41,1134744,1129223,1134744,31724799,11,11.268,2815576,1.408,1.0,3125583,1.0,0,0,2807,2807,0,0,0,0,0,0,0,32740000,39218,0,0,0,-2776358,-2776358,0,0,2815576,0,2815576,2815576,2815576,0,0,0.901,310007,2815576,0,0.984,28.852,11.628,11.61,7,0,16.37,10.475,10.475,0,,3125583,3125583,0,2.493,2.493,1003.055,0.901,0,310007,1.0,2000000,2000000,2000000,1.563,1134744,2800,0,0,0.567,1131937
MARPS,MRY,2015-12-31,2015-06-30,2015-06-30,2018-05-15,0,795072,957686,792265,2807,2.209,0.398,0,792265,792265,0,1888690,,0.0,0,0,0,0,0,0,0,0.129,1.114,1888690,1888690,0.893,1888690,1888690,1888690,0.94,0.94,0.94,795072,957686,795072,16462534,8,8.716,1888690,0.944,1.0,2115290,1.0,0,0,2807,2807,0,0,0,0,0,0,0,17300200,-339672,0,0,0,-2228362,-2228362,0,0,1888690,0,1888690,1888690,1888690,0,0,0.893,226600,1888690,0,1.185,21.759,9.16,9.202,7,0,8.65,8.179,8.179,0,,2115290,2115290,0,1.972,1.972,672.85,0.893,0,226600,1.0,2000000,2000000,2000000,1.058,795072,2800,0,0,0.398,792265
MARPS,MRY,2016-12-31,2016-06-30,2016-06-30,2018-05-15,0,820188,828126,817381,2807,1.094,0.41,0,817381,817381,0,708142,,0.0,0,0,0,0,0,0,0,0.083,0.342,708142,708142,0.782,708142,708142,708142,0.35,0.35,0.35,820188,828126,820188,7456515,10,10.53,708142,0.354,1.0,905634,1.0,0,0,2807,2807,0,0,0,0,0,0,0,8280000,25116,0,0,0,-683026,-683026,0,0,708142,0,708142,708142,708142,0,0,0.782,197492,708142,0,0.977,10.095,11.693,11.829,7,0,4.14,9.143,9.143,0,,905634,905634,0,0.855,0.855,252.277,0.782,0,197492,1.0,2000000,2000000,2000000,0.453,820188,2800,0,0,0.41,817381
MARPS,MRY,2017-12-31,2017-06-30,2017-06-30,2018-05-15,0,1019488,923172,1016681,2807,1.029,0.51,,1016681,1016681,0,751506,,0.0,0,0,0,0,0,,0,0.074,0.276,751506,,,,751506,751506,0.38,0.38,0.38,1019488,923172,1019488,6571326,8,,,,1.0,949538,1.0,0,0,2807,2807,0,0,0,0,0,0,0,7480000,,,,,,,,,,,751506,751506,751506,0,0,0.791,198032,751506,0,0.726,7.337,9.953,9.842,7,0,3.74,7.878,7.878,0,,949538,949538,0,0.814,0.814,267.726,0.791,,198032,1.0,2000000,2000000,2000000,0.475,1019488,2800,0,0,0.51,1016681
