ticker,dimension,calendardate,datekey,reportperiod,lastupdated,accoci,assets,assetsavg,assetsc,assetsnc,assetturnover,bvps,capex,cashneq,cashnequsd,cor,consolinc,currentratio,de,debt,debtc,debtnc,debtusd,deferredrev,depamor,deposits,divyield,dps,ebit,ebitda,ebitdamargin,ebitdausd,ebitusd,ebt,eps,epsdil,epsusd,equity,equityavg,equityusd,ev,evebit,evebitda,fcf,fcfps,fxusd,gp,grossmargin,intangibles,intexp,invcap,invcapavg,inventory,investments,investmentsc,investmentsnc,liabilities,liabilitiesc,liabilitiesnc,marketcap,ncf,ncfbus,ncfcommon,ncfdebt,ncfdiv,ncff,ncfi,ncfinv,ncfo,ncfx,netinc,netinccmn,netinccmnusd,netincdis,netincnci,netmargin,opex,opinc,payables,payoutratio,pb,pe,pe1,ppnenet,prefdivis,price,ps,ps1,receivables,retearn,revenue,revenueusd,rnd,roa,roe,roic,ros,sbcomp,sgna,sharefactor,sharesbas,shareswa,shareswadil,sps,tangibles,taxassets,taxexp,taxliabilities,tbvps,workingcapital
MASI,MRY,2011-12-31,2011-12-31,2011-12-31,2018-05-07,1274000,366104000,354984500,262935000,103169000,1.237,4.674,-5057000,129882000,129882000,144854000,64053000,3.462,0.312,122000,48000,74000,122000,17003000,7342000,0,0.0,0.0,86178000,93520000,0.213,93520000,86178000,86178000,1.07,1.05,1.07,276828000,275126500,276828000,978404508,11,10.462,73900000,1.239,1.0,294134000,0.67,11841000,0,148550000,151235500,45944000,0,0,0,86438000,75953000,10485000,1121461508,41577000,0,-30244000,-50000,0,-30154000,-7508000,0,78957000,282000,63700000,63700000,63700000,0,353000,0.145,207617000,86517000,27302000,0.0,4.051,17.605,17.467,15239000,0,18.69,2.555,2.54,64115000,69364000,438988000,438988000,38412000,0.179,0.232,0.57,0.196,15259000,169205000,1.0,60003291,59659000,60845000,7.358,354263000,31328000,22478000,570000,5.982,186982000
MASI,MRY,2012-12-31,2012-12-29,2012-12-29,2018-05-07,3542000,374661000,386418500,219347000,155314000,1.276,4.769,-10517000,71554000,71554000,166982000,61938000,2.45,0.363,115000,55000,60000,115000,19854000,9369000,0,0.049,1.0,84155000,93524000,0.19,93524000,84155000,84155000,1.08,1.07,1.08,273079000,287943250,273079000,1064980005,12,11.387,64606000,1.125,1.0,326251000,0.661,50187000,0,163496000,158998250,47358000,0,0,0,98993000,89539000,9454000,1177839005,-58328000,-37399000,-24626000,-26000,-57275000,-82089000,-51580000,0,75123000,218000,62272000,62272000,62272000,0,-334000,0.126,241025000,85226000,27033000,0.926,4.313,18.914,19.056,23924000,0,20.58,2.388,2.397,75041000,74361000,493233000,493233000,47077000,0.161,0.216,0.529,0.171,15183000,193948000,1.0,57232216,57445000,58374000,8.586,324474000,36069000,21883000,1504000,5.667,129808000
MASI,MRY,2013-12-31,2013-12-28,2013-12-28,2018-05-07,3995000,438662000,412871750,271798000,166864000,1.325,5.77,-9428000,95466000,95466000,188418000,55721000,2.619,0.344,336000,111000,225000,336000,21321000,11421000,0,0.0,0.0,78386000,89807000,0.164,89807000,78386000,78386000,1.03,1.02,1.03,326469000,302906000,326469000,1540179975,19,17.15,45675000,0.806,1.0,358827000,0.656,50897000,0,188845000,176725000,56813000,0,0,0,112261000,103790000,8471000,1631541975,23912000,0,-16501000,-132000,0,-17941000,-13802000,0,55103000,552000,58381000,58381000,58381000,0,-2660000,0.107,279110000,79717000,28004000,0.0,4.998,27.946,28.019,24866000,0,28.86,2.981,2.99,76759000,132742000,547245000,547245000,55631000,0.141,0.193,0.444,0.143,13675000,215469000,1.0,56532986,56690000,57480000,9.653,387765000,45941000,20005000,2406000,6.854,168008000
MASI,MRY,2014-12-31,2015-01-03,2015-01-03,2018-05-07,-2093000,565006000,513721250,297076000,267930000,1.142,5.854,-75061000,134453000,134453000,195864000,74363000,2.398,0.841,125224000,79000,125145000,125224000,21520000,12818000,0,0.0,0.0,100196000,113014000,0.193,113014000,100196000,100196000,1.33,1.3,1.33,305999000,315526250,305999000,1362654742,13,12.057,20552000,0.376,1.0,390779000,0.666,48750000,0,383133000,270020750,69718000,0,0,0,257265000,123894000,133371000,1356411742,38987000,0,-97773000,124453000,0,26642000,-78964000,0,95613000,-4304000,72518000,72518000,72518000,0,1845000,0.124,287266000,103513000,38045000,0.0,4.433,18.704,19.459,101952000,0,25.88,2.312,2.413,71017000,205260000,586643000,586643000,56581000,0.141,0.23,0.371,0.171,11005000,241016000,1.0,52411582,54708000,55571000,10.723,516256000,42675000,27678000,6562000,9.877,173182000
MASI,MRY,2015-12-31,2016-01-02,2016-01-02,2018-05-07,-4739000,601735000,584589250,299142000,302593000,1.078,5.477,-50393000,132317000,132317000,220128000,81500000,2.255,1.184,185145000,74000,185071000,185145000,21578000,15684000,0,0.0,0.0,118145000,133829000,0.212,133829000,118145000,118145000,1.62,1.55,1.62,275415000,287992750,275415000,2174041302,18,16.245,66813000,1.302,1.0,409983000,0.651,47950000,0,473980000,464351750,62038000,0,0,0,326023000,132633000,193390000,2087442302,-2142000,0,-121867000,59920000,0,-62073000,-54594000,0,117206000,-2681000,83300000,83300000,83300000,0,-1800000,0.132,289733000,120250000,25865000,0.0,7.579,25.059,25.623,132466000,0,41.51,3.313,3.38,80960000,288560000,630111000,630111000,56617000,0.142,0.289,0.254,0.187,10825000,252725000,1.0,50287697,51311000,53707000,12.28,553785000,46724000,34845000,2777000,11.013,166509000
MASI,MRY,2016-12-31,2016-12-31,2016-12-31,2018-05-07,-7027000,820525000,670980750,507227000,313298000,1.035,11.213,-19707000,305970000,305970000,230826000,300666000,2.302,0.465,71000,71000,0,71000,63534000,16817000,0,0.0,0.0,418341000,435158000,0.626,435158000,418341000,418341000,6.07,5.65,6.07,560236000,364138750,560236000,3374781700,8,7.755,399418000,8.064,1.0,463799000,0.668,49156000,0,245104000,436626000,72542000,0,0,0,260289000,220366000,39923000,3348269700,175736000,-763000,-30928000,-185696000,0,-216624000,-25314000,-200000,419125000,-1451000,300666000,300666000,300666000,0,0,0.433,43029000,420770000,34335000,0.0,5.977,11.136,11.104,135996000,0,67.4,4.82,4.806,101667000,589226000,694625000,694625000,59362000,0.448,0.826,0.958,0.602,12503000,253667000,1.0,49677592,49530000,53195000,14.024,771369000,39956000,117675000,76316000,15.439,286861000
MASI,MRY,2017-12-31,2017-12-30,2017-12-30,2018-05-07,-2941000,905435000,896210000,559694000,345741000,0.891,14.016,-43684000,315302000,315302000,263008000,131616000,4.317,0.251,0,0,0,0,32105000,20061000,0,0.0,0.0,199374000,219435000,0.275,219435000,199374000,199374000,2.55,2.36,2.55,724024000,696166000,724024000,4091769011,20,18.647,12378000,0.24,1.0,535100000,0.67,47740000,0,412739000,365273250,92259000,0,0,0,181411000,129654000,51757000,4381713011,7285000,0,-4067000,-71000,0,-4138000,-47908000,-1145000,56062000,3269000,131616000,131616000,131616000,0,0,0.165,337739000,197361000,33780000,0.0,6.052,33.292,33.255,164096000,0,84.8,5.49,5.474,118532000,737955000,798108000,798108000,61953000,0.147,0.189,0.546,0.25,17187000,275786000,1.0,51671144,51516000,55874000,15.492,857695000,19981000,67758000,0,16.604,430040000
