ticker,dimension,calendardate,datekey,reportperiod,lastupdated,accoci,assets,assetsavg,assetsc,assetsnc,assetturnover,bvps,capex,cashneq,cashnequsd,cor,consolinc,currentratio,de,debt,debtc,debtnc,debtusd,deferredrev,depamor,deposits,divyield,dps,ebit,ebitda,ebitdamargin,ebitdausd,ebitusd,ebt,eps,epsdil,epsusd,equity,equityavg,equityusd,ev,evebit,evebitda,fcf,fcfps,fxusd,gp,grossmargin,intangibles,intexp,invcap,invcapavg,inventory,investments,investmentsc,investmentsnc,liabilities,liabilitiesc,liabilitiesnc,marketcap,ncf,ncfbus,ncfcommon,ncfdebt,ncfdiv,ncff,ncfi,ncfinv,ncfo,ncfx,netinc,netinccmn,netinccmnusd,netincdis,netincnci,netmargin,opex,opinc,payables,payoutratio,pb,pe,pe1,ppnenet,prefdivis,price,ps,ps1,receivables,retearn,revenue,revenueusd,rnd,roa,roe,roic,ros,sbcomp,sgna,sharefactor,sharesbas,shareswa,shareswadil,sps,tangibles,taxassets,taxexp,taxliabilities,tbvps,workingcapital
MATW,MRY,2011-12-31,2011-09-30,2011-09-30,2018-05-01,-58658000,1097455000,1058001500,369846000,727609000,0.85,15.893,-22440000,61662000,61662000,547161000,73460000,2.287,1.333,317184000,18014000,299170000,317184000,14320000,27661000,0,0.01,0.32,119169000,146830000,0.163,146830000,119169000,110928000,2.47,2.46,2.47,464642000,485324500,464642000,1112372708,9,7.576,75391000,2.579,1.0,351660000,0.391,527828000,8241000,663408000,618693250,125567000,15105000,0,15105000,619200000,161741000,457459000,898387708,552000,-84369000,-42638000,68893000,-9632000,10403000,-106816000,-1470000,97831000,-866000,72372000,72372000,72372000,0,1088000,0.081,233144000,118516000,43001000,0.13,1.934,12.413,12.441,134504000,0,30.73,1.0,1.0,164738000,681658000,898821000,898821000,0,0.068,0.149,0.193,0.133,6972000,233144000,1.0,29234875,29234875,,30.745,569627000,35540000,38556000,27279000,19.485,208105000
MATW,MRY,2012-12-31,2012-09-30,2012-09-30,2018-05-01,-65083000,1128042000,1110834000,393345000,734697000,0.81,17.1,-33236000,58259000,58259000,563747000,54637000,2.175,1.333,319714000,21566000,298148000,319714000,15883000,28821000,0,0.012,0.36,95107000,123928000,0.138,123928000,95107000,83631000,1.96,1.95,1.96,477821000,475870500,477821000,1098866020,11,8.867,49161000,1.759,1.0,336570000,0.374,535196000,11476000,673428000,676134500,130690000,18842000,0,18842000,637127000,180873000,456254000,833275020,-4332000,-12541000,-30750000,274000,-10325000,-40971000,-45274000,-958000,82397000,-484000,55276000,55276000,55276000,0,-639000,0.061,243985000,92585000,44294000,0.184,1.744,15.075,15.214,144049000,0,29.82,0.926,0.926,174632000,727176000,900317000,900317000,0,0.05,0.116,0.141,0.106,5472000,243985000,1.0,27943495,27943495,,32.219,592846000,34341000,28355000,26256000,21.216,212472000
MATW,MRY,2013-12-31,2013-09-30,2013-09-30,2018-05-01,-26940000,1209262000,1218140000,400317000,808945000,0.809,19.786,-24924000,48078000,48078000,628839000,54005000,2.132,1.221,374655000,23587000,351068000,374655000,0,37865000,0,0.011,0.4,93220000,131085000,0.133,131085000,93220000,80295000,1.96,1.95,1.96,542827000,508338250,542827000,1366930063,14,10.428,83145000,3.031,1.0,356518000,0.362,589653000,12925000,758402000,780813500,129811000,22288000,0,22288000,662970000,187784000,475186000,1044710063,-557000,-73959000,-20648000,33189000,-11282000,-10823000,-98631000,0,108069000,828000,54121000,54121000,54121000,0,-116000,0.055,261903000,94615000,45232000,0.204,1.925,19.303,19.429,180731000,0,38.08,1.06,1.06,177623000,769124000,985357000,985357000,0,0.044,0.106,0.119,0.095,5562000,261903000,1.0,27434613,27434613,,35.917,619609000,15940000,26174000,26242000,22.585,212533000
MATW,MRY,2014-12-31,2014-09-30,2014-09-30,2018-05-01,-66817000,2024048000,1432070000,566228000,1457820000,0.773,23.489,-29237000,63003000,63003000,714101000,43271000,2.236,1.619,729255000,15228000,714027000,729255000,0,42864000,0,0.01,0.44,78058000,120922000,0.109,120922000,78058000,65430000,1.51,1.49,1.51,771145000,620778750,771145000,1728538824,22,14.295,61442000,1.871,1.0,392496000,0.355,1201329000,12628000,1235688000,888017500,152842000,23130000,0,23130000,1248842000,253283000,995559000,1440935824,14925000,-382104000,-1954000,357278000,-13396000,338060000,-411079000,0,90679000,-2735000,42625000,42625000,42625000,0,646000,0.039,310974000,81522000,72040000,0.291,1.869,33.805,29.066,209315000,0,43.89,1.302,1.302,282730000,798353000,1106597000,1106597000,0,0.03,0.069,0.088,0.071,6812000,310974000,1.0,32830618,32830618,,33.706,822719000,22216000,22805000,136649000,25.06,312945000
MATW,MRY,2015-12-31,2015-09-30,2015-09-30,2018-05-01,-150326000,2143611000,1991644500,604901000,1538710000,0.716,22.17,-48251000,72196000,72196000,896693000,63288000,2.432,1.929,902954000,11737000,891217000,902954000,0,62620000,0,0.011,0.52,110423000,173043000,0.121,173043000,110423000,89813000,1.93,1.91,1.93,730820000,741283000,730820000,2232881389,20,12.904,92813000,2.816,1.0,529375000,0.371,1270728000,20610000,1454898000,1261555500,171423000,25517000,0,25517000,1409565000,248743000,1160822000,1614270389,9193000,-203052000,-10552000,179159000,-17847000,131215000,-263166000,0,141064000,80000,63449000,63449000,63449000,0,-161000,0.044,424352000,105023000,68896000,0.269,2.209,25.442,25.373,227408000,0,48.97,1.132,1.132,283963000,843955000,1426068000,1426068000,0,0.032,0.086,0.088,0.077,9097000,424352000,1.0,32964476,32964476,,43.261,872883000,1284000,26364000,136746000,26.48,356158000
MATW,MRY,2016-12-31,2016-09-30,2016-09-30,2018-05-01,-181868000,2091041000,2121991000,574184000,1516857000,0.698,22.068,-41682000,55711000,55711000,924010000,66161000,2.214,1.95,872554000,27747000,844807000,872554000,0,65480000,0,0.01,0.6,120166000,185646000,0.125,185646000,120166000,95822000,2.04,2.03,2.04,708665000,715872000,708665000,2796129707,23,15.062,98592000,3.07,1.0,556454000,0.376,1245330000,24344000,1403206000,1450853750,162472000,31365000,0,31365000,1381707000,259348000,1122359000,1951189707,-16485000,-6937000,-51592000,-29959000,-19413000,-108848000,-47141000,0,140274000,-770000,66749000,66749000,66749000,0,-588000,0.045,437639000,118815000,58118000,0.294,2.753,29.232,29.784,219492000,0,60.76,1.318,1.318,294915000,896224000,1480464000,1480464000,0,0.031,0.093,0.083,0.081,10612000,437639000,1.0,32113063,32113063,,46.102,845711000,775000,29073000,122565000,26.335,314836000
MATW,MRY,2017-12-31,2017-09-30,2017-09-30,2018-05-01,0,2244649000,2190438750,595059000,1649590000,0.692,24.535,-44935000,57515000,57515000,952221000,73933000,2.087,1.842,911130000,29528000,881602000,911130000,0,67981000,0,0.011,0.68,123093000,191074000,0.126,191074000,123093000,96722000,2.31,2.28,2.31,789707000,735677250,789707000,2888844944,23,15.119,104364000,3.242,1.0,563387000,0.372,1322176000,26371000,1490956000,1495686000,171445000,37667000,0,37667000,1454390000,285132000,1169258000,2003638944,1804000,-98235000,-14011000,28596000,-21762000,-7177000,-141617000,-2211000,149299000,1299000,74368000,74368000,74368000,0,-435000,0.049,450784000,112603000,66607000,0.294,2.537,26.942,26.948,235533000,0,62.25,1.322,1.322,319566000,948830000,1515608000,1515608000,0,0.034,0.101,0.082,0.081,14562000,450784000,1.0,32186971,32186971,,47.088,922473000,2456000,22354000,160816000,28.66,309927000
