ticker,dimension,calendardate,datekey,reportperiod,lastupdated,accoci,assets,assetsavg,assetsc,assetsnc,assetturnover,bvps,capex,cashneq,cashnequsd,cor,consolinc,currentratio,de,debt,debtc,debtnc,debtusd,deferredrev,depamor,deposits,divyield,dps,ebit,ebitda,ebitdamargin,ebitdausd,ebitusd,ebt,eps,epsdil,epsusd,equity,equityavg,equityusd,ev,evebit,evebitda,fcf,fcfps,fxusd,gp,grossmargin,intangibles,intexp,invcap,invcapavg,inventory,investments,investmentsc,investmentsnc,liabilities,liabilitiesc,liabilitiesnc,marketcap,ncf,ncfbus,ncfcommon,ncfdebt,ncfdiv,ncff,ncfi,ncfinv,ncfo,ncfx,netinc,netinccmn,netinccmnusd,netincdis,netincnci,netmargin,opex,opinc,payables,payoutratio,pb,pe,pe1,ppnenet,prefdivis,price,ps,ps1,receivables,retearn,revenue,revenueusd,rnd,roa,roe,roic,ros,sbcomp,sgna,sharefactor,sharesbas,shareswa,shareswadil,sps,tangibles,taxassets,taxexp,taxliabilities,tbvps,workingcapital
MBT,MRY,2011-12-31,2011-12-31,2011-12-31,2018-04-28,,,,,,,,-63352000000,,,101039000000,45939000000,,,,,,,,63932000000,,0.072,1.056,77174000000,141106000000,0.405,4383740760,2397565017,57841000000,42.94,42.94,1.334,,,,,,,50210000000,25.475,32.188,247532000000,0.71,,19333000000,,,,,,,,,,,31316000000,-6479000000,0,57860000000,-34783000000,-5630000000,-77210000000,5960000000,113562000000,594000000,42315000000,42315000000,1314600302,-1806000000,3624000000,0.121,167237000000,80295000000,,0.792,,,11.004,,0,14.68,,2.672,,,348571000000,10829056882,0,,,,0.221,0,93981000000,,,1970953000,1970953000,5.494,,,15526000000,,,
MBT,MRY,2012-12-31,2012-12-31,2012-12-31,2018-04-28,-13676000000,454978000000,,92362000000,362616000000,,55.67,-79441000000,22014000000,720543630,108093000000,30612000000,0.814,3.059,233985000000,29553000000,204432000000,7658599135,16548000000,67910000000,0,0.04,0.74,66699000000,134609000000,0.356,4405907947,2183135259,49026000000,29.8,29.8,0.975,110723000000,,3624091595,,,,52682000000,26.488,30.552,270147000000,0.714,73448000000,17673000000,480096000000,,8586000000,15380000000,4034000000,11346000000,338689000000,113405000000,225284000000,,-37575000000,-1937000000,0,-45213000000,-29626000000,-75346000000,-93367000000,-1997000000,132123000000,-985000000,29642000000,29642000000,970216875,32846000000,970000000,0.078,176353000000,93794000000,24926000000,0.759,,,19.121,271781000000,0,18.65,,2.996,33708000000,148371000000,378240000000,12380231796,0,,,,0.176,0,99644000000,0.5,,1988919000,1988919000,6.225,381530000000,12413000000,19384000000,11398000000,191.828,-21043000000
MBT,MRY,2013-12-31,2013-12-31,2013-12-31,2018-04-28,1733000000,478218000000,466598000000,108743000000,369475000000,0.854,76.673,-66728000000,30612000000,930866187,106413000000,80788000000,1.071,2.109,220445000000,24460000000,195985000000,6703410317,17884000000,73253000000,0,0.056,1.212,114970000000,188223000000,0.472,5723586383,3496069696,99472000000,80.28,80.28,2.441,152491000000,131607000000,4637028477,,,,92649000000,46.584,32.886,292030000000,0.733,74329000000,15498000000,492223000000,486159500000,8498000000,36249000000,14633000000,21616000000,321621000000,101499000000,220122000000,12965359255,8598000000,-5088000000,0,-19389000000,-39706000000,-55145000000,-96671000000,-10541000000,159377000000,1037000000,79839000000,79839000000,2427787322,-3733000000,949000000,0.2,190272000000,101758000000,42575000000,0.496,2.796,5.34,8.86,269838000000,0,21.63,1.07,3.551,37981000000,172527000000,398443000000,12116069392,0,0.171,0.607,0.236,0.289,0,108319000000,0.5,1198831184,1988849000,1988849000,6.092,403889000000,17394000000,19633000000,15736000000,203.077,7244000000
MBT,MRY,2014-12-31,2014-12-31,2014-12-31,2018-04-28,13478000000,599304000000,538761000000,141053000000,458251000000,0.762,84.892,-72954000000,61410000000,1070952569,144498000000,51496000000,1.012,2.492,295707000000,46636000000,249071000000,5156947915,19355000000,75021000000,0,0.197,1.418,84467000000,159488000000,0.388,2781372470,1473052445,67215000000,52.12,52.12,0.909,168829000000,160660000000,2944273756,9624527174,6,3.46,86025000000,43.256,57.341,266180000000,0.648,98520000000,17252000000,595701000000,543962000000,7509000000,64464000000,9942000000,54522000000,420682000000,139380000000,281302000000,4303803950,30954000000,-10522000000,-2000000,16564000000,-49921000000,-33212000000,-105008000000,-3176000000,158979000000,10195000000,51306000000,51306000000,894745034,-5775000000,-190000000,0.125,163766000000,102414000000,57258000000,1.56,1.462,4.81,7.899,299023000000,0,7.18,0.601,1.994,38988000000,174556000000,410678000000,7161971330,0,0.095,0.319,0.155,0.206,0,88095000000,0.5,1198831184,1988757000,1988757000,3.601,500784000000,22913000000,15909000000,26177000000,251.808,1673000000
MBT,MRY,2015-12-31,2015-12-31,2015-12-31,2018-04-28,11176000000,653378000000,626341000000,159017000000,494361000000,0.681,132.161,-73683000000,33464000000,457103024,163360000000,47404000000,1.007,3.029,356323000000,63479000000,292844000000,4867210164,17451000000,82473000000,0,0.115,0.71,89842000000,172315000000,0.404,2353744550,1227200869,63420000000,,,,160115000000,164472000000,2187098097,8156969250,6,3.466,70405000000,58.113,73.209,263279000000,0.617,109064000000,26422000000,709263000000,652482000000,14510000000,119853000000,49840000000,70013000000,485007000000,157910000000,327097000000,3743583284,-28102000000,-10426000000,-6000000,29314000000,-50786000000,-27595000000,-145356000000,-41807000000,144088000000,761000000,49489000000,49489000000,675997237,5668000000,2085000000,0.116,171060000000,92219000000,59565000000,,1.712,5.538,,302662000000,0,6.18,0.642,1.285,44203000000,173200000000,426639000000,5827694752,0,0.079,0.301,0.138,0.211,0,87340000000,0.5,1211515626,1211515626,,4.81,544314000000,24292000000,13931000000,28177000000,449.284,1107000000
MBT,MRY,2016-12-31,2016-12-31,2016-12-31,2018-04-28,-6030000000,544470000000,598924000000,90994000000,453476000000,0.727,114.928,-51496000000,18470000000,299835228,175732000000,48450000000,0.713,2.877,290143000000,50256000000,239887000000,4710075405,15460000000,83259000000,0,0.09,0.822,90748000000,174007000000,0.399,2824766032,1473169860,63612000000,,,,139235000000,149675000000,2260290095,10257524289,6,3.631,79069000000,65.266,61.6,259960000000,0.597,108813000000,27136000000,579785000000,644524000000,14330000000,70636000000,8657000000,61979000000,400522000000,127545000000,272977000000,5518363801,-14994000000,-7075000000,-748000000,-32518000000,-52805000000,-83038000000,-57302000000,29282000000,130565000000,-5219000000,48474000000,48474000000,786909197,4021000000,24000000,0.111,175723000000,84237000000,42487000000,,2.441,7.013,,272841000000,0,9.11,0.78,1.56,37899000000,145622000000,435692000000,7072864668,0,0.081,0.324,0.141,0.208,0,94046000000,0.5,1211495895,1211495895,,5.838,435657000000,14849000000,15138000000,27573000000,359.603,-36551000000
MBT,MRY,2017-12-31,2017-12-31,2017-12-31,2018-04-28,-8854000000,551070000000,547770000000,146032000000,405038000000,0.809,100.912,-49023000000,30586000000,529995168,169402000000,56590000000,0.932,3.553,307654000000,67510000000,240144000000,5331038177,17878000000,79912000000,0,0.07,0.714,101083000000,180995000000,0.409,3136287046,1751569399,75019000000,,,,120126000000,129680500000,2081547102,10876746843,6,3.468,95617000000,80.323,57.71,273509000000,0.618,113678000000,26064000000,557789000000,568787000000,9995000000,73507000000,50757000000,22750000000,426865000000,156671000000,270194000000,6065096427,12116000000,-1090000000,-21896000000,23315000000,-51759000000,-50445000000,-81510000000,-8332000000,144640000000,-569000000,56042000000,56042000000,971097536,0,-548000000,0.127,181611000000,91898000000,48416000000,,2.914,6.246,,263063000000,0,10.19,0.79,1.581,39377000000,151043000000,442911000000,7674775723,0,0.102,0.432,0.178,0.228,0,95186000000,0.5,1190401654,1190401654,,6.447,437392000000,15548000000,18977000000,24923000000,367.432,-10639000000
