ticker,dimension,calendardate,datekey,reportperiod,lastupdated,accoci,assets,assetsavg,assetsc,assetsnc,assetturnover,bvps,capex,cashneq,cashnequsd,cor,consolinc,currentratio,de,debt,debtc,debtnc,debtusd,deferredrev,depamor,deposits,divyield,dps,ebit,ebitda,ebitdamargin,ebitdausd,ebitusd,ebt,eps,epsdil,epsusd,equity,equityavg,equityusd,ev,evebit,evebitda,fcf,fcfps,fxusd,gp,grossmargin,intangibles,intexp,invcap,invcapavg,inventory,investments,investmentsc,investmentsnc,liabilities,liabilitiesc,liabilitiesnc,marketcap,ncf,ncfbus,ncfcommon,ncfdebt,ncfdiv,ncff,ncfi,ncfinv,ncfo,ncfx,netinc,netinccmn,netinccmnusd,netincdis,netincnci,netmargin,opex,opinc,payables,payoutratio,pb,pe,pe1,ppnenet,prefdivis,price,ps,ps1,receivables,retearn,revenue,revenueusd,rnd,roa,roe,roic,ros,sbcomp,sgna,sharefactor,sharesbas,shareswa,shareswadil,sps,tangibles,taxassets,taxexp,taxliabilities,tbvps,workingcapital
MCRS,MRY,2011-12-31,2011-06-30,2011-06-30,2017-06-18,48323000,1433018000,1331304750,1051707000,381311000,0.757,12.553,-16286000,661259000,661259000,447790000,144613000,2.965,0.403,0,0,0,0,143238000,24279000,0,0.0,0.0,210127000,234406000,0.233,234406000,210127000,209058000,1.78,1.74,1.78,1016711000,943052750,1016711000,3425655643,16,14.614,183298000,2.271,1.0,560069000,0.556,280322000,1069000,136742000,172052750,38119000,165232000,119006000,46226000,409767000,354695000,55072000,4032150643,284054000,-18586000,-5297000,-1442000,0,-673000,35458000,70669000,199584000,49685000,144059000,144059000,144059000,0,554000,0.143,349610000,210459000,54851000,0.0,3.966,27.99,27.927,28145000,0,49.71,4.001,3.982,181833000,833839000,1007859000,1007859000,45844000,0.108,0.153,1.221,0.208,12448000,286976000,1.0,81113471,80726000,82672000,12.485,1152696000,41834000,64999000,48275000,14.232,697012000
MCRS,MRY,2012-12-31,2012-06-30,2012-06-30,2017-06-18,-17847000,1566020000,1462805750,916096000,649924000,0.757,13.598,-24665000,562786000,562786000,492921000,167101000,2.202,0.43,0,0,0,0,169989000,23325000,0,0.0,0.0,237639000,260964000,0.236,260964000,237639000,237073000,2.08,2.03,2.08,1092645000,1037056000,1092645000,3378764044,14,12.947,155284000,1.934,1.0,614610000,0.555,523121000,566000,64144000,123308500,44278000,53708000,19252000,34456000,469889000,415969000,53920000,4113412044,-98473000,-258940000,-44266000,0,0,-43884000,-183880000,99658000,179949000,-50658000,166983000,166983000,166983000,0,118000,0.151,380090000,234520000,69978000,0.0,3.765,24.634,24.615,35435000,0,51.2,3.714,3.712,235433000,1000822000,1107531000,1107531000,52031000,0.114,0.161,1.927,0.215,16501000,311882000,1.0,80340079,80300000,82238000,13.792,1042899000,67452000,70090000,39064000,12.979,500127000
MCRS,MRY,2013-12-31,2013-06-30,2013-06-30,2017-06-18,-23625000,1589038000,1609543500,984238000,604800000,0.788,14.313,-27572000,486023000,486023000,604193000,171847000,2.351,0.422,1757000,1757000,0,1757000,177236000,27781000,0,0.0,0.0,233711000,261492000,0.206,261492000,233711000,233376000,2.16,2.12,2.16,1115056000,1145942750,1115056000,2832411600,12,10.832,175953000,2.22,1.0,663892000,0.524,503247000,335000,182940000,138845750,49273000,148046000,148046000,0,470768000,418585000,52183000,3394128600,-76763000,-4000,-167547000,1953000,0,-163108000,-115051000,-87632000,203525000,-2129000,171418000,171418000,171418000,0,429000,0.135,436882000,227010000,73099000,0.0,3.044,19.8,19.977,44127000,0,43.15,2.677,2.697,228455000,1136763000,1268085000,1268085000,72602000,0.107,0.15,1.683,0.184,21102000,341707000,1.0,78658832,79247000,80772000,16.002,1085791000,77979000,61958000,47178000,13.938,565653000
MCRS,MRY,2014-12-31,2014-06-30,2014-06-30,2017-06-18,21298000,1752644000,1666706750,1106470000,646174000,0.843,16.445,-44075000,626371000,626371000,669293000,182179000,2.399,0.427,0,0,0,0,193897000,28569000,0,0.0,0.0,262524000,291093000,0.207,291093000,262524000,261211000,2.42,2.37,2.42,1226199000,1160843750,1226199000,4497406765,17,15.45,195386000,2.598,1.0,736104000,0.524,534629000,1313000,130345000,145525250,57583000,73437000,73437000,0,523186000,461299000,61887000,5080301765,140348000,0,-141695000,-1354000,0,-139475000,31162000,76652000,239461000,9200000,182014000,182014000,182014000,0,165000,0.13,477494000,258610000,78231000,0.0,4.143,27.912,28.058,57966000,0,67.9,3.615,3.634,287616000,1203030000,1405397000,1405397000,82028000,0.109,0.157,1.804,0.187,22057000,373380000,1.0,74820350,75217000,76803000,18.685,1218015000,59995000,79197000,54170000,16.335,645171000
