ticker,dimension,calendardate,datekey,reportperiod,lastupdated,accoci,assets,assetsavg,assetsc,assetsnc,assetturnover,bvps,capex,cashneq,cashnequsd,cor,consolinc,currentratio,de,debt,debtc,debtnc,debtusd,deferredrev,depamor,deposits,divyield,dps,ebit,ebitda,ebitdamargin,ebitdausd,ebitusd,ebt,eps,epsdil,epsusd,equity,equityavg,equityusd,ev,evebit,evebitda,fcf,fcfps,fxusd,gp,grossmargin,intangibles,intexp,invcap,invcapavg,inventory,investments,investmentsc,investmentsnc,liabilities,liabilitiesc,liabilitiesnc,marketcap,ncf,ncfbus,ncfcommon,ncfdebt,ncfdiv,ncff,ncfi,ncfinv,ncfo,ncfx,netinc,netinccmn,netinccmnusd,netincdis,netincnci,netmargin,opex,opinc,payables,payoutratio,pb,pe,pe1,ppnenet,prefdivis,price,ps,ps1,receivables,retearn,revenue,revenueusd,rnd,roa,roe,roic,ros,sbcomp,sgna,sharefactor,sharesbas,shareswa,shareswadil,sps,tangibles,taxassets,taxexp,taxliabilities,tbvps,workingcapital
MEAS,MRY,2011-12-31,2011-03-31,2011-03-31,2017-04-25,14152000,329766000,318457000,126644000,203122000,0.863,13.993,-9628000,20860000,20860000,159981000,28175000,2.611,0.577,69841000,2923000,66918000,69841000,0,14893000,0,0.0,0.0,36057000,50950000,0.185,50950000,36057000,33012000,1.92,1.84,1.92,209069000,189881500,209069000,566275793,15,11.114,24278000,1.652,1.0,114808000,0.418,144520000,3045000,185715000,188490250,52212000,2578000,0,2578000,120697000,48512000,72185000,508801793,-2969000,-27037000,3933000,-4973000,0,-291000,-36584000,0,33906000,664000,28175000,28175000,28175000,0,0,0.103,78882000,35926000,21815000,0.0,2.434,18.059,17.719,50303000,0,34.02,1.852,1.819,44846000,101309000,274789000,274789000,0,0.088,0.148,0.191,0.131,3588000,78673000,1.0,14955961,14692000,14692000,18.703,185246000,6095000,4837000,6467000,12.399,78132000
MEAS,MRY,2012-12-31,2012-03-31,2012-03-31,2017-04-25,12569000,418207000,385143250,150995000,267212000,0.813,16.023,-20655000,32725000,32725000,187323000,27704000,2.772,0.721,103012000,2020000,100992000,103012000,0,16735000,0,0.0,0.0,36431000,53166000,0.17,53166000,36431000,33857000,1.84,1.74,1.84,243017000,230252000,243017000,588683265,16,11.073,21965000,1.456,1.0,125881000,0.402,193833000,2574000,240191000,220457500,57704000,3038000,0,3038000,175190000,54470000,120720000,509323265,11843000,-46575000,2473000,32890000,0,36453000,-67230000,0,42620000,22000,27704000,27704000,27704000,0,0,0.088,90363000,35518000,31879000,0.0,2.096,18.384,18.315,60484000,0,33.7,1.626,1.623,52282000,129013000,313204000,313204000,0,0.072,0.12,0.165,0.116,4264000,89963000,1.0,15113450,15086000,15086000,20.761,224374000,5239000,6153000,13683000,14.794,96525000
MEAS,MRY,2013-12-31,2013-03-31,2013-03-31,2017-04-25,8831000,445542000,434639250,157130000,288412000,0.798,18.109,-12998000,36028000,36028000,204879000,34193000,3.106,0.589,98316000,245000,98071000,98316000,0,17870000,0,0.0,0.0,45232000,63102000,0.182,63102000,45232000,42539000,2.22,2.12,2.22,280324000,265084750,280324000,688574260,15,10.912,34708000,2.257,1.0,142089000,0.41,209941000,2693000,247300000,249073500,55984000,2657000,0,2657000,165218000,50589000,114629000,613962260,3905000,-28058000,790000,-4864000,0,-2745000,-41056000,0,47706000,-602000,34193000,34193000,34193000,0,0,0.099,102026000,40063000,26601000,0.0,2.19,17.956,17.914,64329000,0,39.77,1.77,1.763,57666000,163206000,346968000,346968000,0,0.079,0.129,0.182,0.13,4733000,101537000,1.0,15437824,15381000,16158000,22.558,235601000,5700000,8346000,11843000,15.22,106541000
MEAS,MRY,2014-12-31,2014-03-31,2014-03-31,2017-04-25,16625000,541660000,529684000,192951000,348709000,0.779,21.182,-17958000,49964000,49964000,240739000,37755000,3.145,0.609,125652000,377000,125275000,125652000,0,20433000,0,0.0,0.0,51242000,71675000,0.174,71675000,51242000,48029000,2.39,2.26,2.39,336546000,319327750,336546000,1162420934,22,16.218,40972000,2.594,1.0,171926000,0.417,254716000,3213000,301280000,304131000,68280000,3265000,33000,3232000,205114000,61352000,143762000,1083707934,12218000,-57259000,664000,26706000,0,28505000,-75217000,0,58930000,1718000,37755000,37755000,37755000,0,0,0.091,121894000,50032000,32967000,0.0,3.22,28.704,28.389,77253000,0,67.85,2.626,2.597,66858000,200961000,412665000,412665000,0,0.071,0.118,0.168,0.124,7374000,121894000,1.0,15972114,15795000,16685000,26.126,286944000,5659000,10274000,13880000,18.06,131599000
