ticker,dimension,calendardate,datekey,reportperiod,lastupdated,accoci,assets,assetsavg,assetsc,assetsnc,assetturnover,bvps,capex,cashneq,cashnequsd,cor,consolinc,currentratio,de,debt,debtc,debtnc,debtusd,deferredrev,depamor,deposits,divyield,dps,ebit,ebitda,ebitdamargin,ebitdausd,ebitusd,ebt,eps,epsdil,epsusd,equity,equityavg,equityusd,ev,evebit,evebitda,fcf,fcfps,fxusd,gp,grossmargin,intangibles,intexp,invcap,invcapavg,inventory,investments,investmentsc,investmentsnc,liabilities,liabilitiesc,liabilitiesnc,marketcap,ncf,ncfbus,ncfcommon,ncfdebt,ncfdiv,ncff,ncfi,ncfinv,ncfo,ncfx,netinc,netinccmn,netinccmnusd,netincdis,netincnci,netmargin,opex,opinc,payables,payoutratio,pb,pe,pe1,ppnenet,prefdivis,price,ps,ps1,receivables,retearn,revenue,revenueusd,rnd,roa,roe,roic,ros,sbcomp,sgna,sharefactor,sharesbas,shareswa,shareswadil,sps,tangibles,taxassets,taxexp,taxliabilities,tbvps,workingcapital
MFLX,MRY,2011-12-31,2011-09-30,2011-09-30,2017-04-16,39802000,625745000,581551750,353399000,272346000,1.43,17.267,-78385000,97890000,97890000,726850000,37873000,1.819,0.504,0,0,0,0,0,45530000,0,0.0,0.0,47502000,93032000,0.112,93032000,47502000,47030000,1.58,1.56,1.58,416083000,399857000,416083000,380477625,8,4.09,-18020000,-0.75,1.0,104711000,0.126,14368000,472000,319153000,302076000,87166000,0,0,0,209662000,194334000,15328000,480485625,-1985000,0,-681000,0,0,-1876000,-63394000,14991000,60365000,2920000,37873000,37873000,37873000,0,0,0.046,58648000,46063000,162790000,0.0,1.155,12.687,12.62,244026000,0,19.94,0.578,0.576,150507000,288702000,831561000,831561000,10485000,0.065,0.095,0.157,0.057,4170000,43977000,1.0,24096571,24027179,24335819,34.609,611377000,17521000,9157000,3608000,25.372,159065000
MFLX,MRY,2012-12-31,2012-09-30,2012-09-30,2017-04-16,40953000,696410000,647140500,391717000,304693000,1.265,18.602,-74606000,82322000,82322000,736241000,29485000,1.661,0.576,0,0,0,0,0,53082000,0,0.0,0.0,36256000,89338000,0.109,89338000,36256000,35701000,1.24,1.22,1.24,441989000,436667750,441989000,408325204,11,4.571,-6323000,-0.266,1.0,82691000,0.101,14567000,555000,363673000,334866250,124770000,0,0,0,254421000,235848000,18573000,535756204,-15568000,0,-8676000,0,0,-9630000,-74606000,0,68283000,385000,29485000,29485000,29485000,0,0,0.036,49443000,33248000,199737000,0.0,1.212,18.17,18.185,274886000,0,22.55,0.654,0.655,165408000,318187000,818932000,818932000,7615000,0.046,0.068,0.108,0.044,4723000,44296000,1.0,23758590,23782540,24077479,34.434,681843000,17308000,6216000,2393000,28.697,155869000
MFLX,MRY,2013-12-31,2013-09-30,2013-09-30,2017-04-16,48676000,610214000,625206000,341515000,268699000,1.26,16.308,-44569000,105150000,105150000,788774000,-65531000,1.717,0.556,0,0,0,0,0,58154000,0,0.0,0.0,-64134000,-5980000,-0.008,-5980000,-64134000,-64621000,-2.74,-2.74,-2.74,392191000,421131750,392191000,275990679,-4,-46.152,28801000,1.205,1.0,-1130000,-0.001,7703000,487000,298401000,318443750,86853000,0,0,0,218023000,198960000,19063000,390085679,22828000,0,-1483000,0,0,-4908000,-44569000,0,73370000,-1065000,-65531000,-65531000,-65531000,0,0,-0.083,64733000,-65863000,166474000,0.0,0.995,-5.953,-5.92,244056000,0,16.22,0.495,0.492,132247000,252656000,787644000,787644000,7776000,-0.105,-0.156,-0.201,-0.081,13583000,39838000,1.0,24049672,23897651,23897651,32.959,602511000,20129000,910000,1027000,25.054,142555000
MFLX,MRY,2014-12-31,2014-09-30,2014-09-30,2017-04-16,48562000,519449000,530194500,331605000,187844000,1.194,12.838,-14379000,98667000,98667000,633304000,-84532000,1.765,0.674,0,0,0,0,0,51380000,0,0.0,0.0,-71944000,-20564000,-0.032,-20564000,-71944000,-72441000,-3.5,-3.5,-3.5,310325000,333269250,310325000,128528453,-1,-6.25,-10106000,-0.419,1.0,-151000,0.0,3091000,497000,229838000,240852000,75998000,0,0,0,209124000,187853000,21271000,225968453,-6483000,0,848000,-442000,0,-80000,-10748000,4151000,4273000,72000,-84532000,-84532000,-84532000,0,0,-0.134,74316000,-74467000,156793000,0.0,0.728,-2.673,-2.671,175888000,0,9.35,0.357,0.356,133748000,168124000,633153000,633153000,5941000,-0.159,-0.254,-0.299,-0.114,3090000,34436000,1.0,24167749,24122843,24122843,26.247,516358000,13486000,12091000,1020000,21.362,143752000
MFLX,MRY,2015-12-31,2015-12-31,2015-12-31,2017-04-16,34775000,501460000,498676000,356495000,144965000,1.277,14.781,-8123000,214234000,214234000,556543000,45082000,2.682,0.389,0,0,0,0,0,45536000,0,0.0,0.0,49221000,94757000,0.149,94757000,49221000,48854000,1.85,1.79,1.85,361082000,351380750,361082000,335959672,6,3.545,84752000,3.478,1.0,80056000,0.126,3193000,367000,151087000,186235500,56455000,0,0,0,140378000,132946000,7432000,504495672,81852000,0,0,0,0,-1683000,-7603000,0,92875000,-1737000,45082000,45082000,45082000,0,0,0.071,37860000,42196000,106902000,0.0,1.397,11.191,11.178,131987000,0,20.68,0.792,0.792,80142000,229181000,636599000,636599000,5062000,0.09,0.128,0.264,0.077,4413000,34555000,1.0,24395342,24366503,25247873,26.126,498267000,9023000,3772000,3124000,20.396,223549000
