ticker,dimension,calendardate,datekey,reportperiod,lastupdated,accoci,assets,assetsavg,assetsc,assetsnc,assetturnover,bvps,capex,cashneq,cashnequsd,cor,consolinc,currentratio,de,debt,debtc,debtnc,debtusd,deferredrev,depamor,deposits,divyield,dps,ebit,ebitda,ebitdamargin,ebitdausd,ebitusd,ebt,eps,epsdil,epsusd,equity,equityavg,equityusd,ev,evebit,evebitda,fcf,fcfps,fxusd,gp,grossmargin,intangibles,intexp,invcap,invcapavg,inventory,investments,investmentsc,investmentsnc,liabilities,liabilitiesc,liabilitiesnc,marketcap,ncf,ncfbus,ncfcommon,ncfdebt,ncfdiv,ncff,ncfi,ncfinv,ncfo,ncfx,netinc,netinccmn,netinccmnusd,netincdis,netincnci,netmargin,opex,opinc,payables,payoutratio,pb,pe,pe1,ppnenet,prefdivis,price,ps,ps1,receivables,retearn,revenue,revenueusd,rnd,roa,roe,roic,ros,sbcomp,sgna,sharefactor,sharesbas,shareswa,shareswadil,sps,tangibles,taxassets,taxexp,taxliabilities,tbvps,workingcapital
MFRM,MRY,2011-12-31,2012-01-31,2012-01-31,2017-04-12,0,613481000,,132142000,481339000,,9.121,-34356000,47946000,47946000,428018000,34351000,1.594,1.736,228354000,2414000,225940000,228354000,0,17450000,6294000,0.0,0.0,54846000,72296000,0.102,72296000,54846000,25536000,1.4,1.4,1.4,224259000,,224259000,1496402388,27,20.698,47319000,1.925,1.0,280589000,0.396,375936000,29310000,335069000,,40961000,0,0,0,389222000,82884000,306338000,1115384388,43501000,-7958000,110446000,-106306000,0,4140000,-42314000,0,81675000,0,34351000,34351000,34351000,0,0,0.048,220048000,60541000,42396000,0.0,4.974,32.47,23.593,95674000,0,33.03,1.574,1.146,18607000,-137796000,708607000,708607000,0,,,,0.077,523000,219289000,1.0,33768828,24586274,24586274,28.821,237545000,12574000,-8815000,31045000,9.662,49258000
MFRM,MRY,2012-12-31,2013-01-29,2013-01-29,2017-04-12,0,724679000,681812500,126595000,598084000,1.485,7.92,-68604000,14556000,14556000,614572000,39871000,0.857,1.709,252999000,33930000,219069000,252999000,0,23507000,8012000,0.0,0.0,75827000,99334000,0.098,99334000,75827000,66569000,1.18,1.18,1.18,267496000,251317750,267496000,1158811395,15,11.666,10134000,0.3,1.0,398161000,0.393,441457000,9258000,373975000,359380250,63228000,0,0,0,457183000,147690000,309493000,937083395,-33390000,-63051000,510000,19017000,0,19527000,-131655000,0,78738000,0,39871000,39871000,39871000,0,0,0.039,322345000,75816000,64642000,0.0,3.503,23.503,23.517,144612000,0,27.75,0.925,0.925,26246000,-97925000,1012733000,1012733000,0,0.058,0.159,0.211,0.075,2856000,319195000,1.0,33768771,33770779,33853276,29.988,283222000,3710000,26698000,26800000,8.385,-21095000
MFRM,MRY,2013-12-31,2014-01-28,2014-01-28,2017-04-12,0,784631000,759994750,146274000,638357000,1.608,9.679,-55546000,22878000,22878000,751487000,52924000,1.147,1.389,221208000,3621000,217587000,221208000,0,29498000,9318000,0.0,0.0,96946000,126444000,0.103,126444000,96946000,86082000,1.56,1.55,1.56,328492000,305727000,328492000,1632092931,16,12.908,47895000,1.414,1.0,470942000,0.385,451038000,10864000,404384000,385788250,81507000,0,0,0,456139000,127539000,328600000,1422168931,8322000,-8833000,2534000,-33966000,0,-30740000,-64379000,0,103441000,0,52924000,52924000,52924000,0,0,0.043,373996000,96946000,72165000,0.0,4.329,26.872,26.891,174770000,0,41.95,1.163,1.162,20812000,-45001000,1222429000,1222429000,0,0.07,0.173,0.251,0.079,4846000,372497000,1.0,33901524,33870461,34131456,36.091,333593000,4729000,33158000,37921000,9.83,18735000
MFRM,MRY,2014-12-31,2015-02-03,2015-02-03,2017-04-12,0,1600142000,1254781250,271205000,1328937000,1.443,12.404,-79897000,13475000,13475000,1116666000,44251000,0.978,2.674,770038000,9947000,760091000,770038000,0,41740000,19398000,0.0,0.0,95410000,137150000,0.076,137150000,95410000,73486000,1.29,1.27,1.29,435483000,389695500,435483000,2757358010,28,20.105,24916000,0.725,1.0,693947000,0.383,1037302000,21924000,1042196000,765515500,163518000,0,0,0,1164659000,277207000,887452000,2003357010,-9403000,-566522000,3746000,525525000,0,532203000,-646419000,0,104813000,0,44251000,44251000,44251000,0,0,0.024,596249000,97698000,149612000,0.0,4.6,45.273,44.349,267602000,0,57.21,1.106,1.087,51193000,-750000,1810613000,1810613000,0,0.035,0.114,0.125,0.053,5468000,594436000,1.0,35017602,34389282,34811076,52.651,562840000,0,29235000,32573000,16.031,-6002000
MFRM,MRY,2015-12-31,2016-02-02,2016-02-02,2017-04-12,0,1658684000,1650012000,283067000,1375617000,1.544,14.496,-124676000,1778000,1778000,1590636000,64522000,1.021,2.243,683697000,8664000,675033000,683697000,0,62247000,20028000,0.0,0.0,143742000,205989000,0.081,205989000,143742000,103595000,1.83,1.82,1.83,511482000,480751750,511482000,1924924884,13,9.345,71675000,2.036,1.0,956268000,0.375,1041670000,40147000,1021686000,1028660500,161190000,0,0,0,1147202000,277247000,869955000,1237703884,-11697000,-3541000,640000,-81633000,0,-79831000,-128217000,0,196351000,0,64522000,64522000,64522000,0,0,0.025,812526000,143742000,164686000,0.0,2.42,19.183,19.175,317451000,0,35.09,0.486,0.485,64923000,63772000,2546904000,2546904000,0,0.039,0.134,0.14,0.056,8512000,805002000,1.0,35272268,35212124,35540357,72.33,617014000,0,39073000,52299000,17.487,5820000
