ticker,dimension,calendardate,datekey,reportperiod,lastupdated,accoci,assets,assetsavg,assetsc,assetsnc,assetturnover,bvps,capex,cashneq,cashnequsd,cor,consolinc,currentratio,de,debt,debtc,debtnc,debtusd,deferredrev,depamor,deposits,divyield,dps,ebit,ebitda,ebitdamargin,ebitdausd,ebitusd,ebt,eps,epsdil,epsusd,equity,equityavg,equityusd,ev,evebit,evebitda,fcf,fcfps,fxusd,gp,grossmargin,intangibles,intexp,invcap,invcapavg,inventory,investments,investmentsc,investmentsnc,liabilities,liabilitiesc,liabilitiesnc,marketcap,ncf,ncfbus,ncfcommon,ncfdebt,ncfdiv,ncff,ncfi,ncfinv,ncfo,ncfx,netinc,netinccmn,netinccmnusd,netincdis,netincnci,netmargin,opex,opinc,payables,payoutratio,pb,pe,pe1,ppnenet,prefdivis,price,ps,ps1,receivables,retearn,revenue,revenueusd,rnd,roa,roe,roic,ros,sbcomp,sgna,sharefactor,sharesbas,shareswa,shareswadil,sps,tangibles,taxassets,taxexp,taxliabilities,tbvps,workingcapital
MGIC,MRY,2011-12-31,2011-12-31,2011-12-31,2018-04-30,-19000,135971000,123960500,63469000,72502000,0.914,2.941,-5719000,28711000,28711000,67258000,15266000,2.336,0.287,0,0,0,0,5359000,5040000,0,0.0,0.0,14620000,19660000,0.173,19660000,14620000,14841000,0.41,0.41,0.41,105625000,97245000,105625000,142002663,9,7.223,9519000,0.265,1.0,46070000,0.407,66298000,-221000,13797000,11627500,0,3411000,3411000,0,30346000,27165000,3181000,185652663,-14950000,-23504000,854000,20000,0,-503000,-29828000,-605000,15238000,143000,15044000,15044000,15044000,0,222000,0.133,31353000,14717000,3545000,0.0,1.758,12.341,12.61,2029000,0,5.17,1.638,1.638,35171000,-20249000,113328000,113328000,2047000,0.121,0.155,1.257,0.129,633000,29306000,1.0,35909606,35909606,,3.156,69673000,0,-203000,0,1.94,36304000
MGIC,MRY,2012-12-31,2012-12-31,2012-12-31,2018-04-30,-586000,152954000,144462500,73697000,79257000,0.875,3.228,-5479000,37744000,37744000,73393000,16460000,2.499,0.294,24000,12000,12000,24000,4160000,7444000,0,0.021,0.1,16267000,23711000,0.188,23711000,16267000,16277000,0.44,0.44,0.44,117786000,111705500,117786000,142805094,8,6.023,17469000,0.479,1.0,52987000,0.419,74721000,-10000,11021000,12409000,0,890000,890000,0,34593000,29492000,5101000,171503094,9033000,-7491000,309000,14000,-3661000,-3425000,-10426000,2544000,22948000,-64000,16183000,16183000,16183000,0,277000,0.128,36579000,16408000,4722000,0.227,1.456,10.598,10.682,1898000,0,4.7,1.357,1.357,35785000,-7727000,126380000,126380000,2947000,0.112,0.145,1.311,0.129,515000,33632000,1.0,36490020,36490020,,3.463,78233000,1565000,94000,738000,2.144,44205000
MGIC,MRY,2013-12-31,2013-12-31,2013-12-31,2018-04-30,-172000,167003000,159978500,73173000,93830000,0.906,3.499,-5150000,35134000,35134000,85893000,16856000,2.613,0.296,3329000,1055000,2274000,3329000,3294000,8380000,0,0.029,0.21,18139000,26519000,0.183,26519000,18139000,17455000,0.43,0.43,0.43,128144000,122965000,128144000,224869639,12,8.48,17130000,0.468,1.0,59065000,0.407,87862000,684000,19334000,15177500,0,854000,854000,0,37872000,28002000,9870000,262613639,-2610000,-16557000,1462000,-142000,-7787000,-3328000,-21707000,0,22280000,145000,15880000,15880000,15880000,0,976000,0.11,39938000,19127000,4149000,0.488,2.049,16.537,16.674,1773000,0,7.17,1.812,1.812,39303000,430000,144958000,144958000,3706000,0.099,0.129,1.195,0.125,325000,36232000,1.0,36626728,36626728,,3.958,79141000,1674000,1575000,2204000,2.161,45171000
MGIC,MRY,2014-12-31,2014-12-31,2014-12-31,2018-04-30,-5347000,224184000,195593500,128207000,95977000,0.84,4.981,-5260000,72515000,72515000,99727000,16566000,5.096,0.197,3343000,2853000,490000,3343000,3431000,8660000,0,0.036,0.215,19613000,28273000,0.172,28273000,19613000,17827000,0.36,0.36,0.36,185065000,156604500,185065000,189269362,9,6.694,12934000,0.348,1.0,64577000,0.393,88033000,1786000,41821000,30577500,0,11915000,11915000,0,36460000,25158000,11302000,221074362,37381000,-9363000,54930000,69000,-8681000,46318000,-26061000,-11438000,18194000,-1070000,15520000,15520000,15520000,0,1046000,0.094,43851000,20726000,3861000,0.597,1.195,14.244,16.528,2005000,0,5.95,1.346,1.346,46153000,7269000,164304000,164304000,4750000,0.079,0.099,0.641,0.119,1557000,39101000,1.0,37155355,37155355,,4.422,136151000,2137000,2307000,4846000,3.664,103049000
MGIC,MRY,2015-12-31,2015-12-31,2015-12-31,2018-04-30,-6695000,239846000,232015000,135302000,104544000,0.759,4.324,-4956000,62188000,62188000,113221000,17076000,4.771,0.245,3270000,13000,3257000,3270000,4092000,9885000,0,0.032,0.176,20564000,30449000,0.173,30449000,20564000,19879000,0.37,0.36,0.37,191008000,188036500,191008000,175111420,8,5.751,14662000,0.332,1.0,62809000,0.357,96883000,685000,55688000,48754500,0,14496000,14496000,0,46740000,28357000,18383000,244283420,-10327000,-9182000,419000,-2874000,-7788000,-11935000,-16632000,-2494000,19618000,-1378000,16198000,16198000,16198000,0,878000,0.092,41375000,21434000,6331000,0.476,1.279,15.081,14.946,2296000,0,5.53,1.388,1.388,59706000,15679000,176030000,176030000,4888000,0.07,0.086,0.422,0.117,234000,36487000,1.0,44174217,44174217,,3.985,142963000,2823000,3681000,5726000,3.236,106945000
MGIC,MRY,2016-12-31,2016-12-31,2016-12-31,2018-04-30,-7428000,316399000,278122500,158356000,158043000,0.725,4.426,-5023000,75314000,75314000,133382000,16708000,3.544,0.61,35401000,5645000,29756000,35401000,3882000,11608000,0,0.026,0.175,16286000,27894000,0.138,27894000,16286000,15856000,0.27,0.27,0.27,196218000,193613000,196218000,236726981,14,8.487,22932000,0.517,1.0,68264000,0.339,147182000,430000,84616000,70152000,0,12508000,12508000,0,119758000,44688000,75070000,295644981,13126000,-31436000,41000,936000,-7761000,22190000,-35982000,477000,27955000,-1037000,11907000,11907000,11907000,0,4801000,0.059,47177000,21087000,8393000,0.648,1.507,24.83,24.698,3065000,0,6.668,1.466,1.466,72214000,19825000,201646000,201646000,5839000,0.043,0.061,0.232,0.081,152000,41338000,1.0,44335220,44335220,,4.548,169217000,3548000,3949000,0,3.817,113668000
MGIC,MRY,2017-12-31,2017-12-31,2017-12-31,2018-04-30,83000,342539000,329469000,181640000,160899000,0.784,4.741,-5171000,76076000,76076000,175161000,17914000,3.066,0.613,37585000,9771000,27814000,37585000,5586000,13611000,0,0.016,0.13,23484000,37095000,0.144,37095000,23484000,21773000,0.35,0.35,0.35,210281000,203249500,210281000,331681898,14,8.941,20337000,0.458,1.0,82979000,0.321,149200000,1711000,95611000,90113500,0,14870000,14870000,0,128976000,59237000,69739000,371594898,762000,-6890000,586000,-8190000,-9359000,-14312000,-12419000,-358000,25508000,1985000,15442000,15442000,15442000,0,2472000,0.06,57023000,25956000,12185000,0.371,1.767,24.064,23.936,3468000,0,8.378,1.44,1.44,92709000,25713000,258140000,258140000,6942000,0.047,0.076,0.261,0.091,78000,50081000,1.0,44355770,44355770,,5.82,193339000,2990000,6331000,0,4.359,122403000
