ticker,dimension,calendardate,datekey,reportperiod,lastupdated,accoci,assets,assetsavg,assetsc,assetsnc,assetturnover,bvps,capex,cashneq,cashnequsd,cor,consolinc,currentratio,de,debt,debtc,debtnc,debtusd,deferredrev,depamor,deposits,divyield,dps,ebit,ebitda,ebitdamargin,ebitdausd,ebitusd,ebt,eps,epsdil,epsusd,equity,equityavg,equityusd,ev,evebit,evebitda,fcf,fcfps,fxusd,gp,grossmargin,intangibles,intexp,invcap,invcapavg,inventory,investments,investmentsc,investmentsnc,liabilities,liabilitiesc,liabilitiesnc,marketcap,ncf,ncfbus,ncfcommon,ncfdebt,ncfdiv,ncff,ncfi,ncfinv,ncfo,ncfx,netinc,netinccmn,netinccmnusd,netincdis,netincnci,netmargin,opex,opinc,payables,payoutratio,pb,pe,pe1,ppnenet,prefdivis,price,ps,ps1,receivables,retearn,revenue,revenueusd,rnd,roa,roe,roic,ros,sbcomp,sgna,sharefactor,sharesbas,shareswa,shareswadil,sps,tangibles,taxassets,taxexp,taxliabilities,tbvps,workingcapital
MGPI,MRY,2011-12-31,2011-06-30,2011-06-30,2018-05-02,-15000,136483000,128366000,60213000,76270000,1.931,4.221,-12775000,9226000,9226000,225038000,-1313000,1.592,0.815,14065000,6363000,7702000,14065000,0,8843000,0,0.006,0.05,-887000,7956000,0.032,7956000,-887000,-1245000,-0.08,-0.08,-0.08,75198000,78674000,75198000,160176316,-180,20.133,-9636000,-0.541,1.0,22877000,0.092,0,358000,103490000,103465250,17079000,13173000,598000,12575000,61285000,37832000,23453000,155161316,1234000,0,467000,11294000,-891000,10870000,-12775000,0,3139000,0,-1313000,-1313000,-1313000,0,0,-0.005,22232000,645000,24218000,-0.625,2.063,-118.173,-108.875,63250000,0,8.71,0.626,0.626,27844000,69224000,247915000,247915000,0,-0.01,-0.017,-0.009,-0.004,1164000,21157000,1.0,17814158,17814158,,13.917,136483000,4265000,68000,3740000,7.661,22381000
MGPI,MRY,2012-12-31,2012-12-31,2012-12-31,2018-05-02,-233000,163171000,164728000,78091000,85080000,2.03,4.841,-5966000,12000,12000,309312000,1624000,2.623,0.879,32744000,1683000,31061000,32744000,0,11568000,0,0.015,0.05,2810000,14378000,0.043,14378000,2810000,1942000,0.09,0.09,0.09,86827000,86080250,86827000,94848076,33,6.597,-10992000,-0.613,1.0,25023000,0.075,0,868000,166132000,144715750,36532000,7301000,0,7301000,76344000,29771000,46573000,61335076,-383000,9103000,-84000,3080000,-914000,1438000,3205000,-500000,-5026000,0,1624000,1624000,1624000,0,0,0.005,25967000,-944000,22868000,0.556,0.706,37.768,38.0,75391000,0,3.42,0.183,0.183,35325000,72531000,334335000,334335000,0,0.01,0.019,0.019,0.008,969000,26536000,1.0,17934233,17934233,,18.642,163171000,5525000,318000,5283000,9.098,48320000
MGPI,MRY,2013-12-31,2013-12-31,2013-12-31,2018-05-02,-4000,151329000,156569500,71886000,79443000,2.065,4.571,-6208000,2857000,2857000,302025000,-4929000,2.105,0.854,23168000,1557000,21611000,23168000,3925000,12009000,0,0.01,0.05,-4525000,7484000,0.023,7484000,-4525000,-5643000,-0.29,-0.29,-0.29,81603000,84583250,81603000,123079466,-27,16.446,11092000,0.621,1.0,21239000,0.066,0,1118000,137490000,153455750,34917000,7123000,0,7123000,69726000,34150000,35576000,92649466,2857000,2797000,-540000,-9576000,-916000,-11032000,-3411000,0,17300000,0,-4929000,-4929000,-4929000,-878000,0,-0.015,26438000,-5199000,24311000,-0.172,1.135,-18.797,-17.897,70244000,0,5.19,0.287,0.287,27821000,66686000,323264000,323264000,0,-0.031,-0.058,-0.029,-0.014,932000,26202000,1.0,17851535,17851535,,18.108,151329000,5443000,-714000,4977000,8.477,37736000
MGPI,MRY,2014-12-31,2014-12-31,2014-12-31,2018-05-02,-732000,160215000,153500000,82245000,77970000,2.042,6.031,-6948000,5641000,5641000,284972000,23675000,2.675,0.535,9899000,2613000,7286000,9899000,4099000,12325000,0,0.003,0.05,26756000,39081000,0.125,39081000,26756000,25940000,1.32,1.32,1.32,104365000,94338000,104365000,296465913,11,7.586,8864000,0.512,1.0,28431000,0.091,0,816000,133725000,140348250,34441000,12373000,0,12373000,55850000,30748000,25102000,279802913,2784000,0,-672000,-12885000,-907000,-14530000,1502000,0,15812000,0,23675000,22843000,22843000,0,0,0.073,11812000,16619000,19409000,0.038,2.681,12.249,12.015,63881000,832000,15.86,0.893,0.876,32672000,89454000,313403000,313403000,0,0.149,0.242,0.191,0.085,1393000,20101000,1.0,17642050,17305866,17305866,18.11,160215000,8312000,2265000,9297000,9.258,51497000
MGPI,MRY,2015-12-31,2015-12-31,2015-12-31,2018-05-02,-500000,194310000,182316750,91180000,103130000,1.797,7.021,-30526000,747000,747000,269071000,26191000,2.421,0.673,33460000,3345000,30115000,33460000,3402000,12382000,0,0.002,0.06,38952000,51334000,0.157,51334000,38952000,38418000,1.48,1.48,1.48,116160000,112731750,116160000,461579087,11,8.992,-11864000,-0.693,1.0,58533000,0.179,0,534000,189362000,163967000,58701000,18563000,0,18563000,78150000,37661000,40489000,432892087,-4894000,0,-15408000,23813000,-1087000,6970000,-30526000,0,18662000,0,26191000,25318000,25318000,0,0,0.077,25683000,32850000,23231000,0.041,3.727,17.098,17.534,83554000,873000,25.95,1.321,1.356,30670000,113531000,327604000,327604000,0,0.139,0.225,0.238,0.119,1414000,25683000,1.0,16681776,17123556,17123556,19.132,194310000,0,12227000,3442000,11.745,53519000
MGPI,MRY,2016-12-31,2016-12-31,2016-12-31,2018-05-02,-373000,225336000,214574750,110901000,114435000,1.483,8.761,-16713000,1569000,1569000,252980000,31184000,2.998,0.54,36001000,4359000,31642000,36001000,2978000,11253000,0,0.002,0.12,46011000,57264000,0.18,57264000,46011000,44717000,1.82,1.82,1.82,146292000,134217250,146292000,878081070,19,15.334,3008000,0.181,1.0,65283000,0.205,0,1294000,222773000,218202000,78858000,18934000,0,18934000,79044000,36995000,42049000,832615070,822000,-1551000,-1518000,2482000,-2066000,-1216000,-17683000,351000,19721000,0,31184000,30230000,30230000,0,0,0.095,23308000,41975000,23691000,0.066,5.691,27.543,27.462,92791000,954000,49.98,2.616,2.614,26085000,142652000,318263000,318263000,0,0.141,0.225,0.211,0.145,2402000,26693000,1.0,16658965,16643811,16643811,19.122,225336000,2705000,13533000,3432000,13.495,73906000
MGPI,MRY,2017-12-31,2017-12-31,2017-12-31,2018-05-02,-311000,240328000,237716000,134742000,105586000,1.462,10.055,-21055000,3084000,3084000,271432000,41823000,3.241,0.424,24554000,372000,24182000,24554000,2151000,11308000,0,0.013,1.01,53942000,65250000,0.188,65250000,53942000,52758000,2.44,2.44,2.44,168730000,160698750,168730000,1312844703,24,20.12,12416000,0.741,1.0,76016000,0.219,0,1184000,220218000,235825000,93149000,0,0,0,71598000,41580000,30018000,1285797703,1515000,0,-4663000,-11313000,-17380000,-33733000,1777000,22832000,33471000,0,41823000,40827000,40827000,0,0,0.118,33107000,42909000,30037000,0.414,7.62,31.494,31.508,103051000,996000,76.88,3.701,3.706,34347000,167129000,347448000,347448000,0,0.172,0.254,0.229,0.155,2574000,33107000,1.0,16724736,16746731,16746731,20.747,240328000,1980000,10935000,12000,14.322,93162000
