ticker,dimension,calendardate,datekey,reportperiod,lastupdated,accoci,assets,assetsavg,assetsc,assetsnc,assetturnover,bvps,capex,cashneq,cashnequsd,cor,consolinc,currentratio,de,debt,debtc,debtnc,debtusd,deferredrev,depamor,deposits,divyield,dps,ebit,ebitda,ebitdamargin,ebitdausd,ebitusd,ebt,eps,epsdil,epsusd,equity,equityavg,equityusd,ev,evebit,evebitda,fcf,fcfps,fxusd,gp,grossmargin,intangibles,intexp,invcap,invcapavg,inventory,investments,investmentsc,investmentsnc,liabilities,liabilitiesc,liabilitiesnc,marketcap,ncf,ncfbus,ncfcommon,ncfdebt,ncfdiv,ncff,ncfi,ncfinv,ncfo,ncfx,netinc,netinccmn,netinccmnusd,netincdis,netincnci,netmargin,opex,opinc,payables,payoutratio,pb,pe,pe1,ppnenet,prefdivis,price,ps,ps1,receivables,retearn,revenue,revenueusd,rnd,roa,roe,roic,ros,sbcomp,sgna,sharefactor,sharesbas,shareswa,shareswadil,sps,tangibles,taxassets,taxexp,taxliabilities,tbvps,workingcapital
MILL,MRY,2011-12-31,2011-04-30,2011-04-30,2016-12-23,0,509081000,504413455,8304000,500777000,0.045,7.457,-11315000,1762000,1762000,10511000,-3880000,0.519,0.727,2000000,2000000,0,2000000,0,10961000,0,0.0,0.0,-9226749,1734251,0.076,1734251,-9226749,-10160749,-0.11,-0.11,-0.11,294742000,284293706,294742000,227783865,-24,131.344,-3581000,-0.099,1.0,12331000,0.54,0,934000,493333000,491378188,1043000,10027000,0,10027000,214339000,15986000,198353000,228882923,-1436000,0,0,2000000,0,2145000,-11315000,0,7734000,0,-3879749,-3879749,-3879749,0,0,-0.17,26923000,-14592000,7496000,0.0,0.777,-58.994,-52.455,490686000,0,5.77,10.02,9.122,5240000,245725000,22842000,22842000,0,-0.008,-0.014,-0.019,-0.404,5126000,14555000,1.0,39667751,36112286,36112286,0.633,509081000,0,-6281000,178326000,12.88,-7682000
MILL,MRY,2012-12-31,2012-04-30,2012-04-30,2016-12-23,0,536389000,534836083,14603000,521786000,0.066,7.087,-33967000,6221000,6221000,15787000,-18690000,0.338,0.843,24130000,24130000,0,24130000,0,13310000,0,0.0,0.0,-27859000,-14549000,-0.411,-14549000,-27859000,-29696000,-0.48,-0.48,-0.48,291005000,295859058,291005000,248581621,-8,-17.086,-27066000,-0.663,1.0,19615000,0.554,0,1837000,511117000,514606189,1835000,9875000,0,9875000,245384000,43181000,202203000,223101057,2412000,0,0,22130000,0,29478000,-33967000,0,6901000,0,-18690000,-19537000,-19537000,0,0,-0.552,44700000,-25085000,9504000,0.0,0.767,-11.419,-11.313,510072000,847000,5.43,6.302,6.26,6065000,226188000,35402000,35402000,1241000,-0.037,-0.066,-0.054,-0.787,14072000,29718000,1.0,41086751,40811308,40811308,0.867,536389000,0,-11006000,167319000,13.064,-28578000
MILL,MRY,2013-12-31,2013-04-30,2013-04-30,2016-12-23,0,572824000,561481750,30564000,542260000,0.062,6.657,-35894000,10082000,10082000,28887000,-20420000,1.162,0.983,54978000,6000000,48978000,54978000,0,13170000,0,0.0,0.0,-25927000,-12757000,-0.367,-12757000,-25927000,-30203000,-0.6,-0.6,-0.6,288881000,297425500,288881000,202732837,-7,-15.892,-47385000,-1.11,1.0,5914000,0.17,0,4276000,591411000,572625500,3382000,10207000,0,10207000,283943000,26309000,257634000,164975837,-1420000,0,0,30870000,-1231000,45965000,-35894000,0,-11491000,0,-20420000,-25495000,-25495000,0,0,-0.733,38263000,-32349000,13129000,0.0,0.571,-6.471,-6.333,529427000,5075000,3.8,4.741,4.661,15917000,200693000,34801000,34801000,1458000,-0.045,-0.086,-0.045,-0.745,10722000,26067000,1.0,43414694,42682685,42682685,0.815,572824000,0,-9783000,157530000,13.2,4255000
MILL,MRY,2014-12-31,2014-04-30,2014-04-30,2016-12-23,0,766822000,671863250,71236000,695586000,0.105,6.234,-121088000,6428000,6428000,26933000,-28567000,0.951,1.472,184202000,9459000,174743000,184202000,0,33528000,0,0.0,0.0,-35983000,-2455000,-0.035,-2455000,-35983000,-43453000,-0.94,-0.94,-0.94,282759000,290776000,282759000,275085389,-7,-112.051,-105766000,-2.38,1.0,43625000,0.618,0,7470000,869682000,700526000,5102000,12075000,0,12075000,416303000,74914000,341389000,218067389,3198000,-59557000,0,116623000,-8552000,170713000,-182837000,0,15322000,0,-28567000,-41767000,-41767000,0,0,-0.592,54318000,-10693000,38836000,0.0,0.771,-5.221,-5.128,682044000,13200000,4.82,3.091,3.036,55530000,158926000,70558000,70558000,2009000,-0.062,-0.144,-0.051,-0.51,9034000,31744000,1.0,45242197,44445556,44445556,1.588,766822000,0,-14886000,142626000,16.906,-3678000
