ticker,dimension,calendardate,datekey,reportperiod,lastupdated,accoci,assets,assetsavg,assetsc,assetsnc,assetturnover,bvps,capex,cashneq,cashnequsd,cor,consolinc,currentratio,de,debt,debtc,debtnc,debtusd,deferredrev,depamor,deposits,divyield,dps,ebit,ebitda,ebitdamargin,ebitdausd,ebitusd,ebt,eps,epsdil,epsusd,equity,equityavg,equityusd,ev,evebit,evebitda,fcf,fcfps,fxusd,gp,grossmargin,intangibles,intexp,invcap,invcapavg,inventory,investments,investmentsc,investmentsnc,liabilities,liabilitiesc,liabilitiesnc,marketcap,ncf,ncfbus,ncfcommon,ncfdebt,ncfdiv,ncff,ncfi,ncfinv,ncfo,ncfx,netinc,netinccmn,netinccmnusd,netincdis,netincnci,netmargin,opex,opinc,payables,payoutratio,pb,pe,pe1,ppnenet,prefdivis,price,ps,ps1,receivables,retearn,revenue,revenueusd,rnd,roa,roe,roic,ros,sbcomp,sgna,sharefactor,sharesbas,shareswa,shareswadil,sps,tangibles,taxassets,taxexp,taxliabilities,tbvps,workingcapital
MIND,MRY,2011-12-31,2012-01-31,2012-01-31,2018-04-13,7204000,198229000,177563500,65278000,132951000,0.635,12.48,-57164000,15385000,15385000,55082000,24321000,2.722,0.275,14183000,1399000,12784000,14183000,543000,28774000,0,0.0,0.0,35070000,63844000,0.566,63844000,35070000,34330000,2.13,2.02,2.13,155434000,135167000,155434000,263203280,7,4.123,-21206000,-1.855,1.0,57752000,0.512,9016000,740000,164030000,137495000,6708000,2273000,2273000,0,42795000,23981000,18814000,272953280,640000,-148000,2809000,-12371000,0,22143000,-57312000,0,35958000,-149000,24321000,24321000,24321000,0,0,0.216,23208000,34544000,13037000,0.0,1.756,11.223,10.315,120377000,0,21.97,2.419,2.226,35788000,39297000,112834000,112834000,0,0.137,0.18,0.255,0.311,553000,21354000,1.0,12423909,11432000,12069000,9.87,189213000,6113000,10009000,7854000,15.192,41297000
MIND,MRY,2012-12-31,2013-01-31,2013-01-31,2018-04-13,8181000,190407000,195658500,57878000,132529000,0.535,13.776,-34247000,15951000,15951000,67272000,17051000,6.105,0.08,4383000,145000,4238000,4383000,539000,34939000,0,0.0,0.0,14057000,48996000,0.468,48996000,14057000,13524000,1.34,1.29,1.34,176313000,171720750,176313000,179787070,12,3.669,10010000,0.787,1.0,37413000,0.357,8309000,533000,161050000,169938750,6188000,0,0,0,14094000,9480000,4614000,190257070,-137000,-450000,329000,-9935000,0,-9875000,-34697000,0,44257000,178000,17051000,17051000,17051000,0,0,0.163,23511000,13902000,6921000,0.0,1.079,11.158,11.06,119608000,0,14.82,1.817,1.8,25227000,56348000,104685000,104685000,0,0.087,0.099,0.083,0.134,1166000,22539000,1.0,12837859,12715000,13242000,8.233,182098000,11729000,-3527000,376000,14.228,48398000
MIND,MRY,2013-12-31,2014-01-31,2014-01-31,2018-04-13,-1888000,205419000,192136750,62160000,143259000,0.479,13.364,-37207000,15243000,15243000,60093000,4768000,4.998,0.205,22200000,75000,22125000,22200000,35000,31037000,0,0.0,0.0,6340000,37377000,0.406,37377000,6340000,6026000,0.37,0.36,0.37,170448000,174718500,170448000,171574397,27,4.59,-15992000,-1.253,1.0,32015000,0.348,7521000,314000,192417000,161562500,8338000,0,0,0,34971000,12438000,22533000,193243397,12000,0,-1702000,17864000,0,16809000,-37207000,0,21215000,-805000,4768000,4768000,4768000,0,0,0.052,26210000,5805000,10745000,0.0,1.134,40.529,40.811,129573000,0,15.1,2.098,2.092,30519000,61116000,92108000,92108000,0,0.025,0.027,0.039,0.069,1148000,23669000,1.0,12797576,12763000,13177000,7.217,197898000,10278000,1258000,408000,15.517,49722000
MIND,MRY,2014-12-31,2015-01-31,2015-01-31,2018-04-13,-8526000,179611000,197770000,54149000,125462000,0.42,12.183,-16742000,5359000,5359000,59892000,-9192000,5.415,0.226,26355000,3218000,23137000,26355000,710000,36986000,0,0.0,0.0,-9284000,27702000,0.333,27702000,-9284000,-10186000,-0.74,-0.74,-0.74,146474000,163219250,146474000,93284554,-10,3.367,8463000,0.678,1.0,23254000,0.28,16425000,902000,174182000,188567000,11451000,0,0,0,33137000,10000000,23137000,67791554,-9987000,-14500000,-9442000,4107000,0,-5434000,-31242000,0,25205000,1484000,-9192000,-9192000,-9192000,0,0,-0.111,29999000,-6745000,2399000,0.0,0.463,-7.375,-7.581,100087000,0,5.61,0.815,0.842,27332000,51924000,83146000,83146000,0,-0.046,-0.056,-0.049,-0.112,1298000,24958000,1.0,12084056,12479000,12479000,6.663,163186000,12367000,-994000,0,13.573,44149000
MIND,MRY,2015-12-31,2016-01-31,2016-01-31,2018-04-13,-12101000,134759000,156552750,42884000,91875000,0.331,8.71,-269000,3769000,3769000,49150000,-38736000,3.443,0.283,20484000,3218000,17266000,20484000,326000,32111000,0,0.0,0.0,-27034000,5077000,0.098,5077000,-27034000,-27759000,-3.22,-3.22,-3.22,105037000,131751750,105037000,40849999,-1,8.046,14778000,1.227,1.0,2669000,0.052,14621000,725000,124397000,142711500,12944000,0,0,0,29722000,12456000,17266000,33006999,-1406000,-10000000,-3000,-5817000,0,-5638000,-10269000,0,15047000,-546000,-38736000,-38736000,-38736000,0,0,-0.748,29429000,-26760000,3543000,0.0,0.314,-0.852,-0.848,73516000,0,2.73,0.637,0.634,24747000,13188000,51819000,51819000,931000,-0.247,-0.294,-0.189,-0.522,1293000,18035000,1.0,12090476,12041000,12041000,4.304,120138000,3109000,10977000,0,9.963,30428000
MIND,MRY,2016-12-31,2017-01-31,2017-01-31,2018-04-13,-10594000,94714000,109851750,35059000,59655000,0.373,6.702,4412000,3511000,3511000,48413000,-33153000,2.604,0.17,6371000,6371000,0,6371000,651000,28275000,0,0.0,0.0,-30696000,-2421000,-0.059,-2421000,-30696000,-31339000,-2.79,-2.79,-2.79,80932000,92950750,80932000,64200223,-2,-26.518,7566000,0.627,1.0,-7414000,-0.181,13009000,643000,71100000,91787500,11960000,0,0,0,13782000,13465000,317000,58756223,-258000,0,-4000,-14117000,0,-7313000,4412000,0,3154000,-511000,-33153000,-33639000,-33639000,0,0,-0.82,23876000,-31290000,1929000,0.0,0.726,-1.747,-1.742,43838000,486000,4.86,1.433,1.431,18610000,-20451000,40999000,40999000,974000,-0.306,-0.362,-0.334,-0.749,737000,19753000,1.0,12089758,12070000,12070000,3.397,81705000,1565000,1814000,0,6.766,21594000
MIND,MRY,2017-12-31,2018-01-31,2018-01-31,2018-04-13,-8854000,73679000,79455000,33046000,40633000,0.608,5.447,8997000,10146000,10146000,42192000,-21069000,4.393,0.119,0,0,0,0,741000,16637000,0,0.0,0.0,-20206000,-3569000,-0.074,-3569000,-20206000,-20159000,-1.82,-1.82,-1.82,65849000,72274250,65849000,38685914,-1,-10.839,9716000,0.804,1.0,6084000,0.126,10546000,-47000,45464000,53950750,10856000,0,0,0,7830000,7523000,307000,45455914,6635000,0,0,-6307000,0,-3038000,8997000,0,719000,-43000,-21069000,-21974000,-21974000,0,0,-0.455,25792000,-19708000,1271000,0.0,0.69,-2.069,-2.066,22900000,905000,3.76,0.942,0.941,15146000,-42425000,48276000,48276000,1502000,-0.277,-0.304,-0.375,-0.419,903000,19663000,1.0,12089339,12084000,12084000,3.995,63133000,1609000,910000,258000,5.222,25523000
