ticker,dimension,calendardate,datekey,reportperiod,lastupdated,accoci,assets,assetsavg,assetsc,assetsnc,assetturnover,bvps,capex,cashneq,cashnequsd,cor,consolinc,currentratio,de,debt,debtc,debtnc,debtusd,deferredrev,depamor,deposits,divyield,dps,ebit,ebitda,ebitdamargin,ebitdausd,ebitusd,ebt,eps,epsdil,epsusd,equity,equityavg,equityusd,ev,evebit,evebitda,fcf,fcfps,fxusd,gp,grossmargin,intangibles,intexp,invcap,invcapavg,inventory,investments,investmentsc,investmentsnc,liabilities,liabilitiesc,liabilitiesnc,marketcap,ncf,ncfbus,ncfcommon,ncfdebt,ncfdiv,ncff,ncfi,ncfinv,ncfo,ncfx,netinc,netinccmn,netinccmnusd,netincdis,netincnci,netmargin,opex,opinc,payables,payoutratio,pb,pe,pe1,ppnenet,prefdivis,price,ps,ps1,receivables,retearn,revenue,revenueusd,rnd,roa,roe,roic,ros,sbcomp,sgna,sharefactor,sharesbas,shareswa,shareswadil,sps,tangibles,taxassets,taxexp,taxliabilities,tbvps,workingcapital
MITK,MRY,2011-12-31,2011-09-30,2011-09-30,2018-05-07,-9855,19851683,12496350,19117031,734652,0.822,0.75,-204358,5655716,5655716,1171734,-125057,10.78,0.099,0,0,0,0,873230,179291,0,0.0,0.0,266929,446220,0.043,446220,266929,-122565,-0.01,-0.01,-0.01,18055291,10373383,18055291,207882381,778,465.874,111810,0.005,1.0,9094241,0.886,0,389494,12422636,4304486,0,10604868,10187638,417230,1796392,1773331,23061,221801689,4350667,0,14853580,0,0,14853580,-10819081,-10614723,316168,0,-125057,-125057,-125057,0,0,-0.012,8837843,256398,358907,0.0,12.285,-1773.605,-925.0,196519,0,9.25,21.606,19.378,2956295,-15619395,10265975,10265975,2996109,-0.01,-0.012,0.062,0.026,1271238,5841734,1.0,23978561,21506508,21506508,0.477,19851683,0,2492,0,0.824,17343700
MITK,MRY,2012-12-31,2012-09-30,2012-09-30,2018-05-07,-616,16722921,19375473,14104103,2618818,0.469,0.53,-339715,6702090,6702090,1263920,-7839996,4.546,0.234,0,0,0,0,1632085,231981,0,0.0,0.0,-7836780,-7604799,-0.836,-7604799,-7836780,-7844004,-0.31,-0.31,-0.31,13556679,16272369,13556679,77540837,-9,-10.196,-2118479,-0.084,1.0,7828763,0.861,0,7224,6918175,9889888,0,7905227,5819537,2085690,3166242,3102656,63586,83733851,1046374,0,732287,-14916,0,717371,2107767,2447482,-1778764,0,-7839996,-7839996,-7839996,0,0,-0.862,15709927,-7881164,711950,0.0,6.177,-10.68,-10.419,491079,0,3.23,9.209,8.925,1097311,-23459391,9092683,9092683,6664030,-0.405,-0.482,-0.792,-0.862,2599858,9045897,1.0,25923793,25124179,25124179,0.362,16722921,0,-4008,0,0.654,11001447
MITK,MRY,2013-12-31,2013-09-30,2013-09-30,2018-05-07,1838,32853374,25256473,31181661,1671713,0.586,0.847,-1460871,23294456,23294456,1603599,-7275706,5.359,0.277,0,0,0,0,2846657,323383,0,0.0,0.0,-7267768,-6944385,-0.469,-6944385,-7267768,-7274630,-0.26,-0.26,-0.26,25728742,18739814,25728742,133654919,-18,-19.246,-2075932,-0.076,1.0,13199586,0.892,0,6862,3740454,3290157,0,5730872,5730872,0,7124632,5818464,1306168,156600551,16592366,0,16653453,-16914,0,16636539,570888,2031759,-615061,0,-7275706,-7275706,-7275706,0,0,-0.491,20499124,-7299538,1875909,0.0,6.087,-21.524,-19.846,1629664,0,5.16,10.579,9.583,1494627,-30735097,14803185,14803185,6793412,-0.288,-0.388,-2.209,-0.491,2791862,13705712,1.0,30348944,27492670,27492670,0.538,32853374,0,1076,0,1.082,25363197
MITK,MRY,2014-12-31,2014-09-30,2014-09-30,2018-05-07,-7810,31102856,31538685,27695519,3407337,0.607,0.785,-134000,7766590,7766590,2148000,-5292000,4.459,0.299,0,0,0,0,3137895,471000,0,0.0,0.0,-5290000,-4819000,-0.252,-4819000,-5290000,-5290000,-0.17,-0.17,-0.17,23942033,24027468,23942033,64372713,-12,-13.358,-2603000,-0.085,1.0,17002000,0.888,0,0,17124767,16361012,0,18341188,16269170,2072018,7160823,6211499,949324,73513839,-15528000,0,70000,-19000,0,51000,-13110000,-12976000,-2469000,0,-5292000,-5292000,-5292000,0,0,-0.276,22410000,-5408000,1792267,0.0,3.07,-13.892,-14.176,1293270,0,2.41,3.839,3.834,2955350,-36026966,19150000,19150000,6020000,-0.168,-0.22,-0.323,-0.276,3444000,16390000,1.0,30503668,30466063,30466063,0.629,31102856,0,2000,0,1.019,21484020
MITK,MRY,2015-12-31,2015-09-30,2015-09-30,2018-05-07,-3000,38746000,35330446,31409000,7337000,0.718,0.98,-73000,2753000,2753000,2471000,2526000,4.242,0.273,0,0,0,0,3738000,605000,0,0.0,0.0,1983000,2588000,0.102,2588000,1983000,1983000,0.08,0.08,0.08,30433000,27447802,30433000,96125522,48,37.143,6032000,0.196,1.0,22896000,0.903,6270000,0,22319000,19163635,0,23921000,23921000,0,8313000,7404000,909000,98856348,-5014000,-5423000,246000,-20000,0,226000,-11344000,-5848000,6105000,-1000,2526000,2526000,2526000,0,0,0.1,21004000,1892000,1538000,0.0,3.248,39.136,39.875,975000,0,3.19,3.897,3.872,3937000,-33501000,25367000,25367000,5577000,0.071,0.092,0.103,0.078,3367000,14059000,1.0,30989451,30790000,31480000,0.824,32476000,0,-543000,0,1.046,24005000
MITK,MRY,2016-12-31,2016-09-30,2016-09-30,2018-05-07,-42000,48385000,44075246,40307000,8078000,0.787,1.237,-250000,9010000,9010000,3395000,1959000,4.841,0.225,0,0,0,0,3650000,1388000,0,0.0,0.0,1958000,3346000,0.096,3346000,1958000,1958000,0.06,0.06,0.06,39485000,35368576,39485000,266301577,136,79.588,7604000,0.241,1.0,31306000,0.902,5646000,0,25402000,22523911,0,26815000,24863000,1952000,8900000,8327000,573000,271310577,6257000,0,1755000,-22000,0,1733000,-3285000,-3035000,7854000,-45000,1959000,1959000,1959000,0,0,0.056,29482000,1824000,1318000,0.0,6.871,138.494,138.167,440000,0,8.29,7.819,7.546,4949000,-31542000,34701000,34701000,7794000,0.044,0.055,0.087,0.056,4079000,19512000,1.0,32727452,31587000,33819000,1.099,42739000,0,-1000,0,1.339,31980000
MITK,MRY,2017-12-31,2017-09-30,2017-09-30,2018-05-07,147000,71719000,56677250,50876000,20843000,0.801,1.799,-488000,12289000,12289000,4041000,14092000,5.336,0.168,0,0,0,0,3390000,913000,0,0.0,0.0,3171000,4084000,0.09,4084000,3171000,3171000,0.43,0.4,0.43,61408000,47574750,61408000,309767943,97,75.849,9957000,0.301,1.0,41349000,0.911,5311000,0,44585000,32945500,0,34059000,30279000,3780000,10311000,9534000,777000,319066943,3279000,0,687000,0,0,687000,-7777000,-7289000,10445000,-76000,14092000,14092000,14092000,0,0,0.31,38580000,2769000,1918000,0.0,5.196,22.642,22.093,613000,0,9.5,7.029,6.924,7099000,-17450000,45390000,45390000,10430000,0.249,0.296,0.096,0.07,5478000,25794000,1.0,33585994,33083000,35537000,1.372,66408000,11065000,-10921000,0,1.945,41342000
