ticker,dimension,calendardate,datekey,reportperiod,lastupdated,accoci,assets,assetsavg,assetsc,assetsnc,assetturnover,bvps,capex,cashneq,cashnequsd,cor,consolinc,currentratio,de,debt,debtc,debtnc,debtusd,deferredrev,depamor,deposits,divyield,dps,ebit,ebitda,ebitdamargin,ebitdausd,ebitusd,ebt,eps,epsdil,epsusd,equity,equityavg,equityusd,ev,evebit,evebitda,fcf,fcfps,fxusd,gp,grossmargin,intangibles,intexp,invcap,invcapavg,inventory,investments,investmentsc,investmentsnc,liabilities,liabilitiesc,liabilitiesnc,marketcap,ncf,ncfbus,ncfcommon,ncfdebt,ncfdiv,ncff,ncfi,ncfinv,ncfo,ncfx,netinc,netinccmn,netinccmnusd,netincdis,netincnci,netmargin,opex,opinc,payables,payoutratio,pb,pe,pe1,ppnenet,prefdivis,price,ps,ps1,receivables,retearn,revenue,revenueusd,rnd,roa,roe,roic,ros,sbcomp,sgna,sharefactor,sharesbas,shareswa,shareswadil,sps,tangibles,taxassets,taxexp,taxliabilities,tbvps,workingcapital
MITL,MRY,2011-12-31,2011-04-30,2011-04-30,2018-05-03,-80600000,672200000,678225000,291500000,380700000,0.869,0.936,-6200000,73900000,73900000,281900000,88100000,1.784,12.58,323300000,16400000,306900000,323300000,53200000,34000000,0,0.0,0.0,19700000,53700000,0.091,53700000,19700000,-300000,1.66,1.57,1.66,49500000,16650000,49500000,537788615,27,10.015,26300000,0.497,1.0,307400000,0.522,233200000,20000000,525000000,533700000,26100000,50100000,20000000,30100000,622700000,163400000,459300000,279888615,-2700000,0,1300000,-29000000,0,-31400000,-5300000,0,32500000,1500000,88100000,88100000,88100000,-1700000,0,0.149,290600000,16800000,107000000,0.0,5.654,3.177,3.187,15700000,0,5.29,0.475,0.475,124700000,-741800000,589300000,589300000,61300000,0.13,5.291,0.037,0.033,4700000,212800000,1.0,52909001,52900000,56000000,11.14,439000000,97000000,-88400000,0,8.299,128100000
MITL,MRY,2012-12-31,2012-04-30,2012-04-30,2018-05-03,-96900000,687200000,655650000,303000000,384200000,0.933,1.679,-13600000,78700000,78700000,282400000,49800000,2.131,6.653,311800000,4600000,307200000,311800000,45400000,33400000,0,0.0,0.0,29200000,62600000,0.102,62600000,29200000,10400000,0.93,0.89,0.93,89800000,51950000,89800000,488399335,16,7.802,21400000,0.4,1.0,329400000,0.538,211100000,18800000,567000000,526800000,28300000,40500000,16900000,23600000,597400000,142200000,455200000,254599335,4800000,0,1800000,-14700000,0,-16600000,-12800000,0,35000000,-800000,49800000,49800000,49800000,-600000,0,0.081,300100000,29300000,104300000,0.0,2.835,5.112,5.108,21500000,0,4.75,0.416,0.415,129000000,-692000000,611800000,611800000,58600000,0.076,0.959,0.055,0.048,4800000,200600000,1.0,53599860,53500000,56000000,11.436,476100000,130300000,-39400000,0,8.899,160800000
MITL,MRY,2013-12-31,2013-04-30,2013-04-30,2018-05-03,-113500000,656400000,672625000,284900000,371500000,0.858,1.564,-11800000,69000000,69000000,256300000,6200000,2.035,6.814,288100000,6500000,281600000,288100000,47200000,35800000,0,0.0,0.0,17100000,52900000,0.092,52900000,17100000,-2600000,0.12,0.11,0.12,84000000,87075000,84000000,401953708,23,7.598,32200000,0.6,1.0,320600000,0.556,188500000,19700000,547000000,558925000,27900000,34100000,15400000,18700000,572400000,140000000,432400000,187853708,-9700000,0,400000,-33000000,0,-41100000,-11600000,0,44000000,-1000000,6200000,6200000,6200000,3700000,0,0.011,298500000,22100000,101100000,0.0,2.236,30.299,29.167,30100000,0,3.5,0.326,0.326,123000000,-685800000,576900000,576900000,55700000,0.009,0.071,0.031,0.03,4200000,198700000,1.0,53672488,53700000,56200000,10.743,467900000,136900000,-8800000,0,8.713,144900000
MITL,MRY,2014-12-31,2014-12-31,2014-12-31,2018-05-03,-147000000,1271800000,1294175000,508400000,763400000,0.853,4.474,-13500000,111300000,111300000,513900000,-7300000,1.698,1.84,309800000,6200000,303600000,309800000,113800000,75900000,0,0.0,0.0,-9200000,66700000,0.06,66700000,-9200000,-30200000,-0.08,-0.08,-0.08,447800000,473500000,447800000,1264753984,-137,18.962,59000000,0.617,1.0,590100000,0.535,516100000,21000000,654800000,675850000,88300000,37800000,18100000,19700000,824000000,299400000,524600000,1067753984,71100000,-8200000,6700000,36500000,0,28000000,-21700000,0,72500000,-7700000,-7300000,-7300000,-7300000,0,0,-0.007,589100000,1000000,215000000,0.0,2.384,-146.268,-133.625,50700000,0,10.69,0.967,0.926,237500000,-698600000,1104000000,1104000000,118300000,-0.006,-0.015,-0.014,-0.008,6100000,344700000,1.0,99883441,95600000,95600000,11.548,755700000,165300000,-22900000,0,7.549,209000000
MITL,MRY,2015-12-31,2015-12-31,2015-12-31,2018-05-03,-168000000,1856600000,1702350000,552500000,1304100000,0.603,5.016,-16200000,82200000,82200000,480600000,-20700000,1.48,2.069,645300000,11700000,633600000,645300000,128300000,99100000,0,0.0,0.0,200000,99300000,0.097,99300000,200000,-17600000,-0.18,-0.18,-0.18,604900000,552025000,604900000,1488578524,7442,14.991,38400000,0.338,1.0,545200000,0.531,480500000,17800000,1565800000,1041475000,87100000,29600000,12600000,17000000,1251700000,373400000,878300000,925178524,-19700000,-346700000,4100000,308300000,0,292800000,-362900000,0,54600000,-4200000,-20700000,-20700000,-20700000,27200000,0,-0.02,528900000,16300000,200700000,0.0,1.529,-44.695,-42.722,43900000,0,7.69,0.902,0.852,209300000,-729400000,1025800000,1025800000,102200000,-0.012,-0.037,0.0,0.0,12800000,331000000,1.0,120309301,113700000,118000000,9.022,1376100000,173400000,3100000,0,11.41,179100000
MITL,MRY,2016-12-31,2016-12-31,2016-12-31,2018-05-03,-191700000,1561400000,1722600000,543300000,1018100000,0.573,3.136,-17300000,97300000,97300000,455600000,-217300000,1.408,3.078,586000000,38900000,547100000,586000000,127400000,100700000,0,0.0,0.0,-201800000,-101100000,-0.102,-101100000,-201800000,-218600000,-1.79,-1.73,-1.79,382900000,522925000,382900000,1342229003,-6,-13.276,82400000,0.678,1.0,532000000,0.539,446700000,16800000,1217600000,996725000,74900000,12500000,5800000,6700000,1178500000,385800000,792700000,828929003,9200000,0,2200000,-71200000,0,-69000000,-17300000,0,99700000,-4200000,-217300000,-217300000,-217300000,252300000,0,-0.22,482200000,49800000,200600000,0.0,2.165,-3.815,-3.799,39100000,0,6.8,0.839,0.837,186300000,-946700000,987600000,987600000,96500000,-0.126,-0.416,-0.202,-0.204,16800000,339800000,1.0,121901324,121500000,125500000,8.128,1114700000,185200000,-1300000,0,9.129,157500000
MITL,MRY,2017-12-31,2017-12-31,2017-12-31,2018-05-03,-168800000,1630500000,1368200000,451200000,1179300000,0.774,2.878,-19200000,40900000,40900000,480200000,-49700000,1.028,3.717,629100000,17100000,612000000,629100000,224700000,76000000,0,0.0,0.0,-51300000,24700000,0.023,24700000,-51300000,-70000000,-0.41,-0.41,-0.41,345700000,340050000,345700000,1564655324,-30,63.346,17500000,0.145,1.0,578900000,0.547,949700000,18700000,830300000,689100000,79600000,7400000,3400000,4000000,1284800000,438700000,846100000,987755324,-57500000,-74100000,-24800000,34400000,0,-6500000,-93300000,0,36700000,5600000,-49700000,-49700000,-49700000,1400000,0,-0.047,610700000,-31800000,245800000,0.0,2.857,-19.874,-20.073,52700000,0,8.23,0.933,0.938,219200000,-990600000,1059100000,1059100000,104500000,-0.036,-0.146,-0.074,-0.048,14400000,367900000,1.0,120018873,120700000,120700000,8.775,680800000,124400000,-20300000,0,5.669,12500000
