ticker,dimension,calendardate,datekey,reportperiod,lastupdated,accoci,assets,assetsavg,assetsc,assetsnc,assetturnover,bvps,capex,cashneq,cashnequsd,cor,consolinc,currentratio,de,debt,debtc,debtnc,debtusd,deferredrev,depamor,deposits,divyield,dps,ebit,ebitda,ebitdamargin,ebitdausd,ebitusd,ebt,eps,epsdil,epsusd,equity,equityavg,equityusd,ev,evebit,evebitda,fcf,fcfps,fxusd,gp,grossmargin,intangibles,intexp,invcap,invcapavg,inventory,investments,investmentsc,investmentsnc,liabilities,liabilitiesc,liabilitiesnc,marketcap,ncf,ncfbus,ncfcommon,ncfdebt,ncfdiv,ncff,ncfi,ncfinv,ncfo,ncfx,netinc,netinccmn,netinccmnusd,netincdis,netincnci,netmargin,opex,opinc,payables,payoutratio,pb,pe,pe1,ppnenet,prefdivis,price,ps,ps1,receivables,retearn,revenue,revenueusd,rnd,roa,roe,roic,ros,sbcomp,sgna,sharefactor,sharesbas,shareswa,shareswadil,sps,tangibles,taxassets,taxexp,taxliabilities,tbvps,workingcapital
MKC,MRY,2011-12-31,2011-11-30,2011-11-30,2018-03-27,-59000000,4087800000,3717350000,1222900000,2864900000,0.995,12.199,-96100000,53900000,53900000,2175100000,348800000,1.231,1.526,1252100000,222400000,1029700000,1252100000,0,98300000,0,0.023,1.12,542600000,640900000,0.173,640900000,542600000,491400000,2.82,2.79,2.82,1618500000,1639375000,1618500000,7440823983,13,11.61,243900000,1.838,1.0,1522500000,0.412,2044200000,51200000,2248500000,2109300000,613700000,297600000,0,297600000,2469300000,993300000,1476000000,6461023983,3100000,-441400000,-31300000,367600000,-148500000,187800000,-537500000,0,340000000,12800000,348800000,348800000,348800000,0,0,0.094,982200000,540300000,366600000,0.397,3.992,18.524,17.27,523100000,0,48.7,1.747,1.747,427000000,838800000,3697600000,3697600000,0,0.094,0.213,0.257,0.147,13000000,982200000,1.0,132669897,132669897,,27.871,2043600000,0,142600000,0,15.404,229600000
MKC,MRY,2012-12-31,2012-11-30,2012-11-30,2018-03-27,-159900000,4165400000,4066950000,1285400000,2880000000,0.987,12.83,-109000000,79000000,79000000,2396400000,386300000,1.082,1.45,1171800000,392600000,779200000,1171800000,0,102800000,0,0.019,1.24,580700000,683500000,0.17,683500000,580700000,526100000,3.07,3.04,3.07,1700200000,1688925000,1700200000,9740492351,16,14.251,346000000,2.611,1.0,1617800000,0.403,2018800000,54600000,2051800000,2246775000,615000000,313900000,0,313900000,2465200000,1187600000,1277600000,8555192351,25100000,0,-79100000,-80500000,-164700000,-324300000,-109000000,0,455000000,3400000,386300000,386300000,386300000,0,0,0.096,1039500000,578300000,375800000,0.404,5.032,22.146,21.029,547300000,0,64.56,2.131,2.131,465900000,934600000,4014200000,4014200000,0,0.095,0.229,0.258,0.145,20200000,1039500000,1.0,132515371,132515371,,30.292,2146600000,0,139800000,0,16.199,97800000
MKC,MRY,2013-12-31,2013-11-30,2013-11-30,2018-03-27,-300000,4449700000,4274400000,1370200000,3079500000,0.965,14.75,-97400000,63000000,63000000,2457600000,365800000,1.289,1.285,1233100000,214100000,1019000000,1233100000,0,106000000,0,0.02,1.36,552700000,658700000,0.16,658700000,552700000,499400000,2.94,2.91,2.94,1947700000,1800925000,1947700000,10343309202,18,15.703,367800000,2.785,1.0,1665800000,0.404,2131900000,53300000,2424800000,2274550000,676900000,371000000,0,371000000,2502000000,1063100000,1438900000,9111509202,-16000000,-142300000,-132700000,66700000,-179900000,-245900000,-239700000,0,465200000,4400000,365800000,365800000,365800000,0,0,0.089,1115300000,550500000,387300000,0.463,4.678,24.908,23.469,576600000,0,69.0,2.21,2.21,495500000,970400000,4123400000,4123400000,0,0.086,0.203,0.243,0.134,18700000,1075000000,1.0,132050858,132050858,,31.226,2317800000,0,133600000,0,17.552,307100000
MKC,MRY,2014-12-31,2014-11-30,2014-11-30,2018-03-27,-186000000,4414300000,4431350000,1416200000,2998100000,0.958,14.011,-131600000,77300000,77300000,2513000000,408500000,1.262,1.44,1284900000,270800000,1014100000,1284900000,0,102700000,0,0.02,1.48,604100000,706800000,0.167,706800000,604100000,554400000,3.37,3.34,3.37,1809400000,1936675000,1809400000,10873208157,17,15.384,372000000,2.88,1.0,1730200000,0.408,2053000000,49700000,2446900000,2501475000,713800000,342400000,0,342400000,2604900000,1122000000,1482900000,9599308157,14300000,0,-212600000,56100000,-192400000,-348900000,-131600000,0,503600000,-8800000,408500000,408500000,408500000,0,0,0.096,1127200000,603000000,372100000,0.439,5.305,23.499,22.056,602700000,0,74.33,2.262,2.262,493600000,982600000,4243200000,4243200000,0,0.092,0.211,0.241,0.142,18200000,1122000000,1.0,129144466,129144466,,32.856,2361300000,0,145900000,0,18.284,294200000
MKC,MRY,2015-12-31,2015-11-30,2015-11-30,2018-03-27,-406100000,4472600000,4384800000,1357400000,3115200000,0.98,13.174,-128000000,112600000,112600000,2559000000,364900000,1.096,1.651,1394400000,343000000,1051400000,1394400000,0,105900000,0,0.019,1.6,549500000,655400000,0.153,655400000,549500000,496200000,3.14,3.11,3.14,1686900000,1722075000,1686900000,12385388359,22,18.897,462000000,3.608,1.0,1737300000,0.404,2131400000,53300000,2384400000,2303800000,710800000,365400000,0,365400000,2785700000,1238600000,1547100000,11001788359,35300000,-210900000,-107400000,118000000,-204900000,-199600000,-338900000,0,590000000,-16200000,364900000,364900000,364900000,0,0,0.085,1188900000,548400000,411900000,0.51,6.522,30.15,27.363,618400000,0,85.92,2.561,2.561,455200000,1036700000,4296300000,4296300000,0,0.083,0.212,0.239,0.128,18700000,1127400000,1.0,128046885,128046885,,33.553,2341200000,0,131300000,0,18.284,118800000
MKC,MRY,2016-12-31,2016-11-30,2016-11-30,2018-03-27,-514400000,4635900000,4571700000,1421800000,3214100000,0.965,12.993,-152100000,118400000,118400000,2579800000,436200000,0.999,1.83,1447200000,393200000,1054000000,1447200000,0,108700000,0,0.019,1.72,645200000,753900000,0.171,753900000,645200000,589200000,3.73,3.69,3.73,1638100000,1728275000,1638100000,12981412182,20,17.219,506000000,4.014,1.0,1831700000,0.415,2196300000,56000000,2345700000,2479950000,756300000,348400000,0,348400000,2997800000,1422700000,1575100000,11497812182,5800000,-116400000,-205900000,55700000,-217800000,-371500000,-267100000,0,658100000,-13700000,436200000,436200000,436200000,0,0,0.099,1190700000,641000000,450800000,0.461,7.019,26.359,24.45,669400000,0,91.2,2.606,2.606,465200000,1056800000,4411500000,4411500000,0,0.095,0.252,0.26,0.146,25600000,1175000000,1.0,126072502,126072502,,34.992,2439600000,0,153000000,79900000,19.351,-900000
MKC,MRY,2017-12-31,2017-11-30,2017-11-30,2018-03-27,-279500000,10385800000,7597675000,1617000000,8768800000,0.636,19.625,-181300000,186800000,186800000,2823900000,443500000,0.83,3.04,5027100000,583200000,4443900000,5027100000,0,125200000,0,0.018,1.88,690500000,815700000,0.169,815700000,690500000,594800000,3.77,3.72,3.77,2570900000,2161300000,2570900000,18596313344,26,22.798,634000000,4.84,1.0,2010200000,0.416,7561200000,95700000,5717600000,4124450000,793300000,398500000,0,398500000,7814900000,1947300000,5867600000,13385413344,68400000,-4327400000,445700000,3574600000,-237600000,3756000000,-4508300000,0,815300000,5400000,443500000,443500000,443500000,0,0,0.092,1307800000,702400000,639900000,0.499,5.207,30.181,27.103,809100000,0,102.18,2.769,2.769,555100000,1166500000,4834100000,4834100000,0,0.058,0.205,0.167,0.143,23900000,1244800000,1.0,130998369,130998369,,36.902,2824600000,0,151300000,1094500000,21.562,-330300000
