ticker,dimension,calendardate,datekey,reportperiod,lastupdated,accoci,assets,assetsavg,assetsc,assetsnc,assetturnover,bvps,capex,cashneq,cashnequsd,cor,consolinc,currentratio,de,debt,debtc,debtnc,debtusd,deferredrev,depamor,deposits,divyield,dps,ebit,ebitda,ebitdamargin,ebitdausd,ebitusd,ebt,eps,epsdil,epsusd,equity,equityavg,equityusd,ev,evebit,evebitda,fcf,fcfps,fxusd,gp,grossmargin,intangibles,intexp,invcap,invcapavg,inventory,investments,investmentsc,investmentsnc,liabilities,liabilitiesc,liabilitiesnc,marketcap,ncf,ncfbus,ncfcommon,ncfdebt,ncfdiv,ncff,ncfi,ncfinv,ncfo,ncfx,netinc,netinccmn,netinccmnusd,netincdis,netincnci,netmargin,opex,opinc,payables,payoutratio,pb,pe,pe1,ppnenet,prefdivis,price,ps,ps1,receivables,retearn,revenue,revenueusd,rnd,roa,roe,roic,ros,sbcomp,sgna,sharefactor,sharesbas,shareswa,shareswadil,sps,tangibles,taxassets,taxexp,taxliabilities,tbvps,workingcapital
MKTY,MRY,2011-12-31,2011-12-31,2011-12-31,2018-03-29,0,6402000,4667000,4629000,1773000,2.205,0.305,-163000,1669000,1669000,3806000,1648000,3.113,0.929,0,0,0,0,58000,307000,0,0.0,0.0,838000,1145000,0.111,1145000,838000,838000,0.48,0.48,0.48,1601000,-386750,1601000,1041441,1,0.91,-96000,-0.019,1.0,6487000,0.63,0,0,3246000,1459500,957000,0,0,0,1487000,1487000,0,2627441,551000,0,0,0,0,647000,-163000,0,67000,0,2386000,2386000,2386000,0,-738000,0.232,6435000,52000,191000,0.0,1.641,1.101,1.042,258000,0,0.5,0.255,0.243,1881000,-120097000,10293000,10293000,1441000,0.511,-6.169,0.574,0.081,661000,4994000,1.0,5254883,5001934,5001934,2.058,6402000,1535000,-1548000,0,1.218,3142000
MKTY,MRY,2012-12-31,2012-12-31,2012-12-31,2018-03-29,0,4845000,4916000,3197000,1648000,1.2,-0.06,126000,289000,289000,2967000,-2089000,1.731,-5.901,0,0,0,0,591000,129000,0,0.0,0.0,-2079000,-1950000,-0.331,-1950000,-2079000,-2080000,-0.4,-0.4,-0.4,-313000,18000,-313000,362670,0,-0.186,-1380000,-0.263,1.0,2933000,0.497,0,1000,2709000,2281250,1118000,0,0,0,1847000,1847000,0,893670,-1380000,0,0,0,0,0,126000,0,-1506000,0,-2086000,-2086000,-2086000,0,-3000,-0.354,5015000,-2082000,208000,0.0,-2.855,-0.428,-0.425,129000,0,0.17,0.151,0.151,1674000,-122183000,5900000,5900000,1364000,-0.424,-115.889,-0.911,-0.352,172000,3813000,1.0,5256883,5256227,5256227,1.122,4845000,1535000,6000,0,0.922,1350000
MKTY,MRY,2013-12-31,2013-12-31,2013-12-31,2018-03-29,0,4534000,4509750,2913000,1621000,1.852,0.645,-95000,1211000,1211000,3254000,3579000,2.551,0.337,0,0,0,0,0,91000,0,0.0,0.0,3689000,3780000,0.453,3780000,3689000,3689000,0.7,0.69,0.7,3392000,785500,3392000,4670433,1,1.236,922000,0.175,1.0,5098000,0.61,0,0,2181000,2245750,742000,0,0,0,1142000,1142000,0,5677433,922000,-25000,25000,0,0,25000,-120000,0,1017000,0,3654000,3654000,3654000,0,-75000,0.438,5103000,-5000,149000,0.0,1.674,1.554,1.543,146000,0,1.08,0.68,0.68,824000,-118529000,8352000,8352000,1320000,0.81,4.652,1.643,0.442,51000,3417000,1.0,5256883,5256883,5308498,1.589,4534000,1500000,35000,0,0.862,1771000
MKTY,MRY,2014-12-31,2014-12-31,2014-12-31,2018-03-29,0,5479000,4648750,4024000,1455000,1.889,0.802,-77000,1923000,1923000,3284000,740000,3.191,0.299,0,0,0,0,0,83000,0,0.0,0.0,700000,783000,0.089,783000,700000,700000,0.14,0.14,0.14,4218000,3378500,4218000,2823806,4,3.606,609000,0.116,1.0,5497000,0.626,0,0,2295000,2292000,773000,20000,20000,0,1261000,1261000,0,3733806,712000,0,1000,0,0,1000,25000,102000,686000,0,740000,740000,740000,0,0,0.084,4797000,700000,216000,0.0,0.885,5.046,5.071,140000,0,0.71,0.425,0.425,1196000,-117789000,8781000,8781000,1346000,0.159,0.219,0.305,0.08,85000,3586000,1.0,5258883,5257360,5464003,1.67,5479000,1335000,-40000,0,1.042,2763000
MKTY,MRY,2015-12-31,2015-12-31,2015-12-31,2018-03-29,0,2586000,4208250,2471000,115000,1.504,0.29,-55000,462000,462000,2475000,-2832000,2.333,0.694,0,0,0,0,0,80000,0,0.0,0.0,-1472000,-1392000,-0.22,-1392000,-1472000,-1472000,-0.54,-0.54,-0.54,1527000,3043750,1527000,4044350,-2,-2.905,-1481000,-0.282,1.0,3855000,0.609,0,0,1065000,1934250,1006000,0,0,0,1059000,1059000,0,4943350,-1461000,0,0,0,0,0,-35000,20000,-1426000,0,-2832000,-2832000,-2832000,0,0,-0.447,5327000,-1472000,152000,0.0,3.237,-1.746,-1.741,115000,0,0.94,0.781,0.781,931000,-120621000,6330000,6330000,1546000,-0.673,-0.93,-0.761,-0.233,141000,3779000,1.0,5258883,5258883,5258883,1.204,2586000,0,1360000,0,0.492,1412000
MKTY,MRY,2016-12-31,2016-12-31,2016-12-31,2018-03-29,0,5180000,3162000,5020000,160000,2.231,0.693,-136000,3381000,3381000,2722000,-359000,4.874,0.248,0,0,0,0,0,85000,0,0.0,0.0,-368000,-283000,-0.04,-283000,-368000,-368000,-0.06,-0.06,-0.06,4150000,1939000,4150000,12161798,-33,-42.975,386000,0.064,1.0,4334000,0.614,0,0,769000,656000,676000,0,0,0,1030000,1030000,0,13047798,2919000,0,2734000,0,0,2533000,-136000,0,522000,0,-359000,-359000,-359000,0,0,-0.051,4702000,-368000,124000,0.0,3.144,-36.345,-24.167,160000,0,1.45,1.849,1.231,881000,-120980000,7056000,7056000,1243000,-0.114,-0.185,-0.561,-0.052,449000,3452000,1.0,8998482,5988545,5988545,1.178,5180000,0,-9000,0,0.865,3990000
MKTY,MRY,2017-12-31,2017-12-31,2017-12-31,2018-03-29,0,6202000,5539000,6018000,184000,1.275,0.539,-107000,3828000,3828000,2234000,582000,4.861,0.249,0,0,0,0,0,81000,0,0.0,0.0,588000,669000,0.095,669000,588000,588000,0.06,0.06,0.06,4964000,4350750,4964000,5881013,10,8.791,256000,0.028,1.0,4827000,0.684,0,0,1136000,907000,694000,0,0,0,1238000,1238000,0,9241013,447000,0,216000,0,0,191000,-107000,0,363000,0,582000,582000,582000,0,0,0.082,4239000,588000,325000,0.0,1.862,15.878,16.833,184000,0,1.01,1.309,1.306,1406000,-120398000,7061000,7061000,1149000,0.105,0.134,0.648,0.083,41000,3090000,1.0,9149518,9129178,9332676,0.773,6202000,0,6000,0,0.674,4780000
