ticker,dimension,calendardate,datekey,reportperiod,lastupdated,accoci,assets,assetsavg,assetsc,assetsnc,assetturnover,bvps,capex,cashneq,cashnequsd,cor,consolinc,currentratio,de,debt,debtc,debtnc,debtusd,deferredrev,depamor,deposits,divyield,dps,ebit,ebitda,ebitdamargin,ebitdausd,ebitusd,ebt,eps,epsdil,epsusd,equity,equityavg,equityusd,ev,evebit,evebitda,fcf,fcfps,fxusd,gp,grossmargin,intangibles,intexp,invcap,invcapavg,inventory,investments,investmentsc,investmentsnc,liabilities,liabilitiesc,liabilitiesnc,marketcap,ncf,ncfbus,ncfcommon,ncfdebt,ncfdiv,ncff,ncfi,ncfinv,ncfo,ncfx,netinc,netinccmn,netinccmnusd,netincdis,netincnci,netmargin,opex,opinc,payables,payoutratio,pb,pe,pe1,ppnenet,prefdivis,price,ps,ps1,receivables,retearn,revenue,revenueusd,rnd,roa,roe,roic,ros,sbcomp,sgna,sharefactor,sharesbas,shareswa,shareswadil,sps,tangibles,taxassets,taxexp,taxliabilities,tbvps,workingcapital
MLAB,MRY,2011-12-31,2011-03-31,2011-03-31,2018-02-06,0,50560000,45994500,17318000,33242000,0.744,11.271,-2645000,3546000,3546000,14659000,6183000,1.744,0.388,6500000,5000000,1500000,6500000,0,1844000,0,0.016,0.46,9751000,11595000,0.339,11595000,9751000,9751000,1.91,1.86,1.91,36417000,34123750,36417000,97884657,10,8.442,6223000,1.926,1.0,19568000,0.572,25934000,0,17649000,17929750,5714000,0,0,0,14143000,9931000,4212000,93513657,-6925000,-17973000,91000,6222000,-1488000,4825000,-20618000,0,8868000,0,6183000,6183000,6183000,0,0,0.181,9704000,9864000,1323000,0.241,2.568,15.124,15.079,7308000,0,28.8,2.732,2.719,7017000,31349000,34227000,34227000,1441000,0.134,0.181,0.544,0.285,383000,8263000,1.0,3247002,3231000,3330000,10.593,24626000,645000,3568000,3612000,7.622,7387000
MLAB,MRY,2012-12-31,2012-03-31,2012-03-31,2018-02-06,0,50696000,50912750,19161000,31535000,0.778,13.308,-683000,7191000,7191000,16105000,7919000,4.496,0.154,0,0,0,0,0,2215000,0,0.01,0.5,12331000,14546000,0.367,14546000,12331000,12331000,2.41,2.29,2.41,43915000,40960750,43915000,158375706,12,10.888,11806000,3.594,1.0,23511000,0.593,24269000,0,14974000,16337250,4438000,0,0,0,6781000,4262000,2519000,162316706,3645000,-737000,721000,-6500000,-1645000,-7424000,-1420000,0,12489000,0,7919000,7919000,7919000,0,0,0.2,11034000,12477000,573000,0.207,3.696,20.497,20.465,7266000,0,49.32,4.097,4.09,6486000,35745000,39616000,39616000,1359000,0.156,0.193,0.755,0.311,464000,9325000,1.0,3291093,3285000,3462000,12.06,26427000,710000,4412000,3570000,8.008,14899000
MLAB,MRY,2013-12-31,2013-03-31,2013-03-31,2018-02-06,0,65919000,65172000,19455000,46464000,0.712,15.603,-908000,4006000,4006000,17573000,8450000,4.173,0.25,4000000,0,4000000,4000000,0,3432000,0,0.01,0.54,12978000,16410000,0.353,16410000,12978000,12978000,2.52,2.35,2.52,52753000,49311250,52753000,180635441,13,11.008,10494000,3.126,1.0,28862000,0.622,39058000,0,22193000,24354750,5576000,0,0,0,13166000,4662000,8504000,178357441,-3185000,-16660000,796000,4000000,-1815000,2981000,-17568000,0,11402000,0,8450000,8450000,8450000,0,0,0.182,15758000,13104000,1010000,0.214,3.381,21.107,20.943,7406000,0,52.776,3.841,3.815,8474000,41550000,46435000,46435000,2011000,0.13,0.171,0.533,0.279,1112000,13747000,1.0,3379518,3357000,3593000,13.832,26861000,846000,4528000,3509000,7.945,14793000
MLAB,MRY,2014-12-31,2014-03-31,2014-03-31,2018-02-06,0,97529000,79928250,26566000,70963000,0.66,18.183,-1041000,5575000,5575000,21036000,9000000,2.601,0.516,16500000,0,16500000,16500000,1886000,3844000,0,0.006,0.58,13103000,16947000,0.321,16947000,13103000,13103000,2.61,2.49,2.61,64333000,58466250,64333000,324934818,24,19.174,11332000,3.289,1.0,31688000,0.601,63283000,0,34956000,26123000,7771000,0,0,0,33196000,10215000,22981000,311094818,1569000,-22097000,1823000,12500000,-1989000,12334000,-23138000,0,12373000,0,9000000,9000000,9000000,0,0,0.171,19903000,11785000,2019000,0.222,4.836,34.566,34.579,7680000,0,90.25,5.9,5.897,9278000,48561000,52724000,52724000,2320000,0.113,0.154,0.502,0.249,840000,17583000,1.0,3447034,3445000,3611000,15.304,34246000,1878000,4103000,4861000,9.679,16351000
MLAB,MRY,2015-12-31,2015-03-31,2015-03-31,2018-02-06,-234000,117320000,113970500,29622000,87698000,0.626,20.728,-2828000,2034000,2034000,27938000,9583000,2.021,0.597,26250000,3000000,23250000,26250000,1314000,5656000,0,0.009,0.62,15347000,21003000,0.294,21003000,15347000,15347000,2.72,2.63,2.72,73479000,70298500,73479000,281832923,18,13.419,7988000,2.269,1.0,43392000,0.608,78100000,0,48779000,49341250,12420000,0,0,0,43841000,14657000,29184000,255259923,-3541000,-20543000,1504000,9750000,-2182000,9072000,-23371000,0,10816000,-58000,9583000,9583000,9583000,0,0,0.134,27528000,15864000,2503000,0.228,3.474,26.637,26.544,9598000,0,72.2,3.579,3.564,12145000,55962000,71330000,71330000,3294000,0.084,0.136,0.311,0.215,993000,24234000,1.0,3535456,3521000,3650000,20.258,39220000,1689000,5764000,6330000,11.063,14965000
MLAB,MRY,2016-12-31,2016-03-31,2016-03-31,2018-02-06,-1151000,160748000,147236500,37186000,123562000,0.575,23.314,-7729000,5695000,5695000,33246000,11169000,1.551,0.898,45250000,3000000,42250000,45250000,3026000,7174000,0,0.007,0.64,15555000,22729000,0.268,22729000,15555000,15555000,3.1,2.97,3.1,84678000,80165000,84678000,393143972,25,17.297,9174000,2.545,1.0,51413000,0.607,106934000,0,69398000,64912000,14017000,0,0,0,76070000,23971000,52099000,349415972,3661000,-24111000,1923000,19000000,-2303000,18620000,-31840000,0,16903000,-22000,11169000,11169000,11169000,0,0,0.132,35090000,16323000,2823000,0.206,4.126,31.284,31.081,16628000,0,96.35,4.127,4.103,15313000,64828000,84659000,84659000,3972000,0.076,0.139,0.24,0.184,1327000,31118000,1.0,3626528,3605000,3757000,23.484,53814000,1218000,4386000,7659000,14.817,13215000
MLAB,MRY,2017-12-31,2017-03-31,2017-03-31,2018-02-06,-1760000,171733000,167626000,35785000,135948000,0.559,26.353,-11605000,5820000,5820000,40426000,11183000,2.16,0.756,54800000,1125000,53675000,54800000,4117000,8737000,0,0.005,0.64,14296000,23033000,0.246,23033000,14296000,14296000,3.04,2.91,3.04,97821000,92370000,97821000,501671380,35,21.781,-3855000,-1.048,1.0,53239000,0.568,109946000,0,94200000,83069750,13873000,0,0,0,73912000,16567000,57345000,454076380,125000,-6800000,3513000,9550000,-2355000,10708000,-18405000,0,7750000,72000,11183000,11183000,11183000,0,0,0.119,36926000,16313000,2168000,0.211,4.642,40.604,40.362,26002000,0,122.7,4.848,4.819,14319000,73656000,93665000,93665000,4157000,0.067,0.121,0.172,0.153,1411000,32769000,1.0,3700704,3679000,3844000,25.459,61787000,587000,3113000,4068000,16.645,19218000
