ticker,dimension,calendardate,datekey,reportperiod,lastupdated,accoci,assets,assetsavg,assetsc,assetsnc,assetturnover,bvps,capex,cashneq,cashnequsd,cor,consolinc,currentratio,de,debt,debtc,debtnc,debtusd,deferredrev,depamor,deposits,divyield,dps,ebit,ebitda,ebitdamargin,ebitdausd,ebitusd,ebt,eps,epsdil,epsusd,equity,equityavg,equityusd,ev,evebit,evebitda,fcf,fcfps,fxusd,gp,grossmargin,intangibles,intexp,invcap,invcapavg,inventory,investments,investmentsc,investmentsnc,liabilities,liabilitiesc,liabilitiesnc,marketcap,ncf,ncfbus,ncfcommon,ncfdebt,ncfdiv,ncff,ncfi,ncfinv,ncfo,ncfx,netinc,netinccmn,netinccmnusd,netincdis,netincnci,netmargin,opex,opinc,payables,payoutratio,pb,pe,pe1,ppnenet,prefdivis,price,ps,ps1,receivables,retearn,revenue,revenueusd,rnd,roa,roe,roic,ros,sbcomp,sgna,sharefactor,sharesbas,shareswa,shareswadil,sps,tangibles,taxassets,taxexp,taxliabilities,tbvps,workingcapital
MLI,MRY,2011-12-31,2011-12-31,2011-12-31,2018-04-25,-49409000,1347604000,1361767500,1026699000,320905000,1.775,11.258,-18751000,514162000,514162000,2115677000,87086000,4.815,0.541,197741000,41265000,156476000,197741000,0,36865000,0,0.01,0.2,140949000,177814000,0.074,177814000,140949000,129396000,1.14,1.13,1.14,855688000,849620250,855688000,1229354561,8,6.914,134998000,1.784,1.0,302120000,0.125,102250000,11553000,715689000,793967500,219193000,0,0,0,462842000,213244000,249598000,1468654561,120023000,-6882000,0,3470000,-15146000,-6944000,-26704000,0,153749000,-78000,86321000,86321000,86321000,0,765000,0.036,162318000,139802000,65545000,0.175,1.716,17.014,16.851,203744000,0,19.21,0.607,0.601,250027000,682380000,2417797000,2417797000,0,0.063,0.102,0.178,0.058,2629000,135953000,1.0,76452606,75670000,76392000,31.952,1245354000,21104000,43075000,14856000,16.385,813455000
MLI,MRY,2012-12-31,2012-12-29,2012-12-29,2018-04-25,-42623000,1104155000,1215493250,747194000,356961000,1.802,7.173,-56825000,198934000,198934000,1904463000,83673000,2.888,1.117,234870000,27570000,207300000,234870000,0,31495000,0,0.009,0.215,125966000,157461000,0.072,157461000,125966000,119076000,1.17,1.15,1.17,506908000,699840750,506908000,1438336768,11,9.135,51472000,0.728,1.0,285475000,0.13,104579000,6890000,776816000,721088250,229434000,0,0,0,566189000,258696000,307493000,1383971768,-315228000,-11044000,-427446000,35342000,-14891000,-408648000,-16376000,0,108297000,1499000,82395000,82395000,82395000,0,1278000,0.038,158770000,126705000,87574000,0.184,2.73,16.797,21.051,233263000,0,24.63,0.632,0.795,271093000,749777000,2189938000,2189938000,0,0.068,0.118,0.175,0.058,3608000,129456000,1.0,56190490,70664000,71492000,30.991,999576000,26438000,36681000,20910000,14.145,488498000
MLI,MRY,2013-12-31,2013-12-28,2013-12-28,2018-04-25,-10819000,1247767000,1215294000,874717000,373050000,1.776,12.593,-41349000,311800000,311800000,1862089000,173289000,3.989,0.728,235333000,29083000,206250000,235333000,0,32394000,0,0.008,0.253,274699000,307093000,0.142,307093000,274699000,270709000,3.1,3.06,3.1,703405000,626878500,703405000,1691332370,6,5.508,87164000,1.564,1.0,296452000,0.137,94357000,3990000,857687000,846234750,251716000,0,0,0,511900000,219256000,292644000,1773923370,112866000,9871000,0,-193000,-13941000,-13643000,-2985000,0,128513000,981000,172600000,172600000,172600000,0,689000,0.08,25515000,270937000,80897000,0.082,2.522,10.278,10.119,244457000,0,31.37,0.822,0.81,271847000,908274000,2158541000,2158541000,0,0.142,0.275,0.325,0.127,4985000,134914000,1.0,56548402,55742000,56484000,38.724,1153410000,0,98109000,35975000,20.65,655461000
MLI,MRY,2014-12-31,2014-12-27,2014-12-27,2018-04-25,-42923000,1328096000,1322129750,941213000,386883000,1.788,13.568,-39173000,352134000,352134000,2043719000,102534000,3.954,0.699,241444000,36194000,205250000,241444000,0,33735000,0,0.009,0.305,152779000,186514000,0.079,186514000,152779000,147039000,1.81,1.79,1.81,762150000,755751000,762150000,1927352686,12,10.334,51432000,0.918,1.0,320508000,0.136,121373000,5740000,857964000,940325250,256585000,0,0,0,532662000,238069000,294593000,1944503686,40334000,3651000,0,6208000,-16819000,-10551000,-38424000,0,90605000,-1296000,101560000,101560000,101560000,0,974000,0.043,166512000,153996000,100735000,0.169,2.551,19.146,18.884,245910000,0,34.18,0.822,0.81,275065000,992798000,2364227000,2364227000,0,0.077,0.134,0.162,0.065,5428000,131740000,1.0,56890102,56042000,56768000,42.187,1206723000,0,45479000,24556000,21.483,703144000
MLI,MRY,2015-12-31,2015-12-26,2015-12-26,2018-04-25,-54990000,1338801000,1345528750,800401000,538400000,1.561,14.656,-28834000,274844000,274844000,1809702000,88407000,3.822,0.579,216010000,11760000,204250000,216010000,0,34608000,0,0.011,0.3,138913000,173521000,0.083,173521000,138913000,131246000,1.56,1.54,1.56,827285000,807195250,827285000,1597940040,11,9.209,130775000,2.322,1.0,290300000,0.138,160888000,7667000,909650000,938393500,239378000,65900000,0,65900000,479099000,209429000,269670000,1600429040,-77290000,-166306000,0,-24567000,-16903000,-41258000,-190807000,0,159609000,-4834000,87864000,87864000,87864000,0,543000,0.042,153032000,137268000,88051000,0.192,1.935,18.215,17.949,280224000,0,28.0,0.762,0.751,251571000,1063543000,2100002000,2100002000,0,0.065,0.109,0.148,0.066,5272000,130358000,1.0,57158180,56316000,56968000,37.29,1177913000,0,43382000,7161000,20.867,590972000
MLI,MRY,2016-12-31,2016-12-31,2016-12-31,2018-04-25,-66956000,1447476000,1413773000,894323000,553153000,1.454,15.855,-37497000,351317000,351317000,1723499000,99754000,4.084,0.569,227364000,13655000,213709000,227364000,0,35133000,0,0.009,0.375,155251000,190384000,0.093,190384000,155251000,147864000,1.76,1.74,1.76,898684000,879978750,898684000,2225813652,14,11.691,120280000,2.126,1.0,332123000,0.162,160161000,7387000,944370000,963706500,242013000,77110000,0,77110000,511039000,218992000,292047000,2292852652,76473000,-10229000,0,3734000,-21224000,-22561000,-53057000,0,157777000,-5686000,99727000,99727000,99727000,0,27000,0.049,179410000,152713000,103175000,0.213,2.551,22.991,22.705,295231000,0,39.96,1.115,1.1,256291000,1141831000,2055622000,2055622000,0,0.071,0.113,0.161,0.076,6387000,137499000,1.0,57378695,56572000,57169000,36.336,1287315000,0,48137000,19573000,22.712,675331000
MLI,MRY,2017-12-31,2017-12-30,2017-12-30,2018-04-25,-51056000,1320173000,1292895500,739115000,581058000,1.753,9.156,-46131000,120269000,120269000,1940617000,87011000,3.051,1.502,465072000,16480000,448592000,465072000,0,33944000,0,0.011,0.4,142984000,176928000,0.078,176928000,142984000,123482000,1.5,1.49,1.5,522111000,500065000,522111000,2344964149,16,13.254,-2136000,-0.038,1.0,325456000,0.144,172301000,19502000,1250423000,1221741750,327901000,76434000,0,76434000,784145000,242252000,541893000,2048040149,-231048000,9851000,0,-43118000,-196944000,-244566000,-33422000,0,43995000,2945000,85598000,85598000,85598000,0,1413000,0.038,173499000,151957000,102503000,0.267,3.923,23.926,23.62,304321000,0,35.43,0.904,0.89,244795000,743503000,2266073000,2266073000,0,0.066,0.171,0.117,0.063,7450000,139580000,1.0,57805254,56925000,57484000,39.808,1147872000,0,37884000,19403000,20.129,496863000
