ticker,dimension,calendardate,datekey,reportperiod,lastupdated,accoci,assets,assetsavg,assetsc,assetsnc,assetturnover,bvps,capex,cashneq,cashnequsd,cor,consolinc,currentratio,de,debt,debtc,debtnc,debtusd,deferredrev,depamor,deposits,divyield,dps,ebit,ebitda,ebitdamargin,ebitdausd,ebitusd,ebt,eps,epsdil,epsusd,equity,equityavg,equityusd,ev,evebit,evebitda,fcf,fcfps,fxusd,gp,grossmargin,intangibles,intexp,invcap,invcapavg,inventory,investments,investmentsc,investmentsnc,liabilities,liabilitiesc,liabilitiesnc,marketcap,ncf,ncfbus,ncfcommon,ncfdebt,ncfdiv,ncff,ncfi,ncfinv,ncfo,ncfx,netinc,netinccmn,netinccmnusd,netincdis,netincnci,netmargin,opex,opinc,payables,payoutratio,pb,pe,pe1,ppnenet,prefdivis,price,ps,ps1,receivables,retearn,revenue,revenueusd,rnd,roa,roe,roic,ros,sbcomp,sgna,sharefactor,sharesbas,shareswa,shareswadil,sps,tangibles,taxassets,taxexp,taxliabilities,tbvps,workingcapital
MOC,MRY,2011-12-31,2011-03-31,2011-03-31,2018-02-05,-174571,37542059,36064787,30034507,7507552,4.062,1.724,-220287,3546431,3546431,126394990,1620255,1.662,1.002,10108780,10108780,0,10108780,0,918554,0,0.0,0.0,3379739,4298293,0.029,4298293,3379739,3036255,0.15,0.15,0.15,18753068,18179087,18753068,31982119,9,7.441,7624779,0.701,1.0,20095169,0.137,4022955,343484,22012092,22922279,0,0,0,0,18788991,18069361,719630,20015700,2251513,0,8100,-5509359,0,-5501259,-92294,127993,7845066,0,1620255,1620255,1620255,0,0,0.011,16773651,3321518,617039,0.0,1.067,12.353,12.267,538414,0,1.84,0.137,0.137,21712418,2207773,146490159,146490159,0,0.045,0.089,0.147,0.023,467526,16574779,1.0,10878098,10874098,11090917,13.471,33519104,0,1416000,0,3.081,11965146
MOC,MRY,2012-12-31,2012-03-31,2012-03-31,2018-02-05,0,33041683,34146490,26191815,6849868,4.146,1.689,-85043,1258832,1258832,124459788,140760,1.719,0.918,7715046,7715046,0,7715046,0,824274,0,0.0,0.0,817173,1641447,0.012,1641447,817173,555760,0.01,0.01,0.01,17229620,18849848,17229620,25007795,30,15.235,5676624,0.53,1.0,17098381,0.121,3391821,261413,20870355,22728723,0,0,0,0,15812063,15235721,576342,14823267,-2287652,0,-1999509,-6038181,0,-8037690,-11629,73414,5761667,0,140760,140760,140760,0,0,0.001,16118290,980091,997605,0.0,0.86,105.309,138.0,385664,0,1.38,0.105,0.104,20608677,2348533,141558169,141558169,0,0.004,0.007,0.036,0.006,160730,15890719,1.0,10741498,10703881,10798741,13.225,29649862,0,415000,0,2.906,10956094
MOC,MRY,2013-12-31,2013-03-31,2013-03-31,2018-02-05,0,38331143,34681254,32401930,5929213,4.331,1.878,-523146,91592,91592,129972781,496320,1.56,1.26,10580496,10580496,0,10580496,0,676046,0,0.0,0.0,1676701,2352747,0.016,2352747,1676701,1537320,0.05,0.05,0.05,16958900,17426847,16958900,23878624,14,10.149,-2733323,-0.289,1.0,20246186,0.135,2563316,139381,25488699,22863016,0,0,0,0,21372243,20768032,604211,16630201,-1167305,398947,-958290,1866680,0,908390,134482,258681,-2210177,0,496320,496320,496320,0,0,0.003,18577033,1669153,1085528,0.0,0.981,33.507,37.0,669533,0,1.85,0.111,0.116,28460654,2844853,150218967,150218967,0,0.014,0.028,0.073,0.011,191250,18187417,1.0,8989298,9459591,9609395,15.88,35767827,0,1041000,0,3.961,11633898
MOC,MRY,2014-12-31,2014-03-31,2014-03-31,2018-02-05,0,41105106,39205480,33508938,7596168,3.997,2.002,-85694,3553545,3553545,135850889,1109746,1.546,1.192,11731269,11731269,0,11731269,0,675603,0,0.0,0.0,2621806,3297409,0.021,3297409,2621806,2404746,0.12,0.12,0.12,18755961,18042930,18755961,24297821,9,7.369,4919288,0.533,1.0,20859628,0.133,2163156,217060,25443690,25047591,0,2125000,0,2125000,22349145,21675984,673161,16459160,3461923,-2125000,534953,132682,0,667635,-2210694,0,5004982,0,1109746,1109746,1109746,0,0,0.007,18237822,2621806,1234307,0.0,0.878,14.831,14.75,478245,0,1.77,0.105,0.104,25328451,3954599,156710517,156710517,0,0.028,0.062,0.105,0.017,152362,17863068,1.0,9298961,9226693,9493527,16.984,38941950,0,1295000,0,4.156,11832954
MOC,MRY,2015-12-31,2015-03-31,2015-03-31,2018-02-05,0,36587155,37460491,29084474,7502681,3.716,2.114,-145866,2435839,2435839,119907591,1258263,1.885,0.778,7161023,7161023,0,7161023,0,642700,0,0.0,0.0,2393337,3036037,0.022,3036037,2393337,2238263,0.13,0.13,0.13,20574179,20181567,20574179,24302679,10,8.005,3254740,0.338,1.0,19277809,0.139,1763805,155074,24120127,24884406,0,2630000,0,2630000,16012976,15428407,584569,18781918,-1034588,0,280918,-4570246,0,-4289328,-145866,0,3400606,0,1258263,1258263,1258263,0,0,0.009,17389472,1888337,620282,0.0,0.913,14.927,14.846,383860,0,1.93,0.135,0.134,21712036,5212862,139185400,139185400,0,0.034,0.062,0.096,0.017,203215,17519531,1.0,9731564,9637594,9919654,14.442,34823350,0,980000,0,3.578,13656067
MOC,MRY,2016-12-31,2016-03-31,2016-03-31,2018-02-05,0,36145862,37121856,27415406,8730456,3.586,1.847,-56117,1486854,1486854,118200363,-2656323,1.637,0.999,7483682,7483682,0,7483682,0,577025,0,0.0,0.0,-4135449,-3558424,-0.027,-3558424,-4135449,-4296323,-0.27,-0.27,-0.27,18082710,19629170,18082710,30638807,-7,-8.61,-1332705,-0.136,1.0,14901326,0.112,1364966,160874,24027034,25322142,0,2695291,0,2695291,18063152,16750690,1312462,22620947,-948985,0,61061,322659,0,383720,-56117,0,-1276588,0,-2656323,-2656323,-2656323,0,0,-0.02,19102066,-4200740,945711,0.0,1.251,-8.516,-8.556,258157,0,2.31,0.17,0.17,21890623,2556539,133101689,133101689,0,-0.072,-0.135,-0.163,-0.031,103793,18675314,1.0,9792618,9771578,9771578,13.621,34780896,0,-1640000,0,3.552,10664716
MOC,MRY,2017-12-31,2017-03-31,2017-03-31,2018-02-05,0,41779850,42225000,34837686,6942164,3.841,1.613,-10394,1042291,1042291,143910434,-2324589,1.365,1.631,12811880,12811880,0,12811880,0,458590,0,0.0,0.0,-2074465,-1615875,-0.01,-1615875,-2074465,-2380589,-0.24,-0.24,-0.24,15882582,17876626,15882582,40631681,-19,-25.145,-5879307,-0.598,1.0,18268815,0.113,1028582,306124,26989912,29641848,0,513291,0,513291,25897268,25530945,366323,25014392,-444563,0,106546,5328198,0,5434744,-10394,0,-5868913,0,-2324589,-2324589,-2324589,0,0,-0.014,18161280,107535,1215591,0.0,1.575,-10.761,-10.583,146345,0,2.54,0.154,0.154,29189233,231950,162179249,162179249,0,-0.055,-0.13,-0.07,-0.013,17915,18299827,1.0,9848186,9824763,9824763,16.507,40751268,0,-56000,0,4.138,9306741
