ticker,dimension,calendardate,datekey,reportperiod,lastupdated,accoci,assets,assetsavg,assetsc,assetsnc,assetturnover,bvps,capex,cashneq,cashnequsd,cor,consolinc,currentratio,de,debt,debtc,debtnc,debtusd,deferredrev,depamor,deposits,divyield,dps,ebit,ebitda,ebitdamargin,ebitdausd,ebitusd,ebt,eps,epsdil,epsusd,equity,equityavg,equityusd,ev,evebit,evebitda,fcf,fcfps,fxusd,gp,grossmargin,intangibles,intexp,invcap,invcapavg,inventory,investments,investmentsc,investmentsnc,liabilities,liabilitiesc,liabilitiesnc,marketcap,ncf,ncfbus,ncfcommon,ncfdebt,ncfdiv,ncff,ncfi,ncfinv,ncfo,ncfx,netinc,netinccmn,netinccmnusd,netincdis,netincnci,netmargin,opex,opinc,payables,payoutratio,pb,pe,pe1,ppnenet,prefdivis,price,ps,ps1,receivables,retearn,revenue,revenueusd,rnd,roa,roe,roic,ros,sbcomp,sgna,sharefactor,sharesbas,shareswa,shareswadil,sps,tangibles,taxassets,taxexp,taxliabilities,tbvps,workingcapital
MOH,MRY,2011-12-31,2011-12-31,2011-12-31,2018-04-30,-1405000,1652146000,1613506250,1048082000,604064000,2.814,16.434,-60581000,493827000,493827000,3962737000,20818000,1.741,1.188,218126000,1197000,216929000,218126000,50947000,74383000,0,0.0,0.0,79251000,153634000,0.034,153634000,79251000,63732000,0.45,0.45,0.45,755073000,760813750,755073000,701017612,8,4.563,164814000,3.602,1.0,577526000,0.127,255750000,15519000,518861000,417458750,0,399214000,336916000,62298000,897073000,601834000,295239000,1020400612,37941000,-84253000,347000,48600000,0,49473000,-236927000,-47365000,225395000,0,20818000,20818000,20818000,56570000,0,0.005,441705000,135821000,549690000,0.0,1.351,49.015,49.622,190934000,0,22.33,0.225,0.225,191299000,490410000,4540263000,4540263000,0,0.013,0.027,0.19,0.017,16338000,393452000,1.0,45696400,45756000,46425000,99.228,1396396000,30006000,42914000,33127000,30.393,446248000
MOH,MRY,2012-12-31,2012-12-31,2012-12-31,2018-04-30,-457000,1934822000,1874840250,1349126000,585696000,3.155,16.782,-78145000,795770000,795770000,5291387000,9790000,1.629,1.473,262939000,1155000,261784000,262939000,141798000,78764000,0,0.0,0.0,37072000,115836000,0.02,115836000,37072000,20303000,0.21,0.21,0.21,782314000,764659250,782314000,806758098,21,6.965,269639000,5.814,1.0,622822000,0.105,228799000,16769000,345155000,409477000,0,400365000,342845000,57520000,1152508000,828037000,324471000,1260544098,301943000,9162000,5205000,38871000,0,47743000,-93584000,-11078000,347784000,0,9790000,9790000,9790000,3076000,0,0.002,581729000,41093000,678564000,0.0,1.611,128.758,128.857,221443000,0,27.06,0.213,0.212,149682000,500200000,5914209000,5914209000,0,0.005,0.013,0.091,0.006,20018000,518615000,1.0,46583300,46380000,46999000,127.516,1706023000,32443000,10513000,44420000,36.597,521089000
MOH,MRY,2013-12-31,2013-12-31,2013-12-31,2018-04-30,-1086000,3002937000,2749002000,2039664000,963273000,2.397,19.049,-98000000,935895000,935895000,5713000000,53000000,1.576,2.363,784862000,182008000,602854000,784862000,122216000,94000000,0,0.0,0.0,141000000,235000000,0.036,235000000,141000000,89000000,1.16,1.13,1.16,892937000,856592750,892937000,1503798900,10,6.399,92000000,2.0,1.0,876000000,0.133,329609000,52000000,1228319000,1322586250,0,952496000,703052000,249444000,2110000000,1293976000,816024000,1590173900,140000000,-62000000,31000000,450000000,0,493000000,-543000000,-389000000,190000000,0,53000000,53000000,53000000,-8000000,0,0.008,739000000,137000000,932830000,0.0,1.781,30.003,29.957,292083000,0,34.75,0.241,0.243,298935000,553129000,6589000000,6589000000,0,0.019,0.062,0.107,0.021,29000000,666000000,1.0,45760400,46000000,47000000,143.239,2673328000,59298000,36000000,580000,57.03,745688000
MOH,MRY,2014-12-31,2014-12-31,2014-12-31,2018-04-30,-1000000,4435000000,3809162500,3203000000,1232000000,2.538,21.489,-115000000,1539000000,1539000000,8616000000,62000000,1.473,3.391,887000000,0,887000000,887000000,196000000,134000000,0,0.0,0.0,192000000,326000000,0.034,326000000,192000000,135000000,1.29,1.29,1.29,1010000000,947270250,1010000000,1900902410,9,5.831,945000000,20.106,1.0,1051000000,0.109,361000000,57000000,1247000000,1192492500,0,1450000000,1019000000,431000000,3425000000,2175000000,1250000000,2590691410,603000000,-44000000,14000000,113000000,0,79000000,-536000000,-354000000,1060000000,0,62000000,62000000,62000000,0,0,0.006,858000000,193000000,1443000000,0.0,2.565,41.785,41.496,341000000,0,53.53,0.268,0.26,596000000,615000000,9667000000,9667000000,0,0.016,0.065,0.161,0.02,22000000,765000000,1.0,48397000,47000000,48000000,205.681,4074000000,15000000,73000000,9000000,86.681,1028000000
MOH,MRY,2015-12-31,2015-12-31,2015-12-31,2018-04-30,-4000000,6576000000,5849244750,5306000000,1270000000,2.424,29.942,-132000000,2329000000,2329000000,12541000000,143000000,1.388,3.224,1609000000,449000000,1160000000,1609000000,223000000,126000000,0,0.0,0.0,388000000,514000000,0.036,514000000,388000000,322000000,2.75,2.58,2.75,1557000000,1395027250,1557000000,2135251660,5,4.154,993000000,19.096,1.0,1637000000,0.115,641000000,66000000,1393000000,651471750,0,2284000000,2175000000,109000000,5019000000,3822000000,1197000000,3372210660,790000000,-450000000,391000000,689000000,0,1085000000,-1420000000,-803000000,1125000000,0,143000000,143000000,143000000,0,0,0.01,1250000000,387000000,2047000000,0.0,2.166,23.582,21.865,393000000,0,60.13,0.238,0.221,597000000,758000000,14178000000,14178000000,0,0.024,0.103,0.596,0.027,23000000,1146000000,1.0,56082000,52000000,56000000,272.654,5935000000,31000000,179000000,0,114.135,1484000000
MOH,MRY,2016-12-31,2016-12-31,2016-12-31,2018-04-30,-2000000,7449000000,7351000000,5988000000,1461000000,2.419,29.982,-176000000,2819000000,2819000000,15944000000,52000000,1.31,3.517,1645000000,472000000,1173000000,1645000000,315000000,182000000,0,0.0,0.0,306000000,488000000,0.027,488000000,306000000,205000000,0.93,0.92,0.93,1649000000,1642750000,1649000000,1876107460,6,3.844,497000000,9.036,1.0,1838000000,0.103,760000000,101000000,945000000,1364000000,0,2135000000,2025000000,110000000,5800000000,4570000000,1230000000,3083107460,490000000,-48000000,18000000,0,0,19000000,-202000000,41000000,673000000,0,52000000,52000000,52000000,0,0,0.003,1532000000,306000000,2314000000,0.0,1.87,59.291,58.344,454000000,0,54.26,0.173,0.168,974000000,810000000,17782000000,17782000000,0,0.007,0.032,0.224,0.017,26000000,1393000000,1.0,56821000,55000000,56000000,323.309,6689000000,49000000,153000000,15000000,121.618,1418000000
MOH,MRY,2017-12-31,2017-12-31,2017-12-31,2018-04-30,-5000000,8471000000,8511500000,7511000000,960000000,2.336,23.875,-86000000,3186000000,3186000000,18003000000,-512000000,1.352,5.336,2169000000,653000000,1516000000,2169000000,282000000,178000000,0,0.0,0.0,-494000000,-316000000,-0.016,-316000000,-494000000,-612000000,-9.07,-9.07,-9.07,1337000000,1503500000,1337000000,2740967920,-5,-8.674,718000000,12.821,1.0,1880000000,0.095,255000000,118000000,1642000000,1228750000,0,3334000000,3215000000,119000000,7134000000,5557000000,1577000000,4377967920,367000000,0,19000000,625000000,0,636000000,-1073000000,-959000000,804000000,0,-512000000,-512000000,-512000000,0,0,-0.026,2435000000,-555000000,2558000000,0.0,3.274,-8.551,-8.454,342000000,0,76.68,0.22,0.216,871000000,298000000,19883000000,19883000000,0,-0.06,-0.341,-0.402,-0.025,46000000,1594000000,1.0,57094000,56000000,56000000,355.054,8216000000,103000000,-100000000,0,146.714,1954000000
