ticker,dimension,calendardate,datekey,reportperiod,lastupdated,accoci,assets,assetsavg,assetsc,assetsnc,assetturnover,bvps,capex,cashneq,cashnequsd,cor,consolinc,currentratio,de,debt,debtc,debtnc,debtusd,deferredrev,depamor,deposits,divyield,dps,ebit,ebitda,ebitdamargin,ebitdausd,ebitusd,ebt,eps,epsdil,epsusd,equity,equityavg,equityusd,ev,evebit,evebitda,fcf,fcfps,fxusd,gp,grossmargin,intangibles,intexp,invcap,invcapavg,inventory,investments,investmentsc,investmentsnc,liabilities,liabilitiesc,liabilitiesnc,marketcap,ncf,ncfbus,ncfcommon,ncfdebt,ncfdiv,ncff,ncfi,ncfinv,ncfo,ncfx,netinc,netinccmn,netinccmnusd,netincdis,netincnci,netmargin,opex,opinc,payables,payoutratio,pb,pe,pe1,ppnenet,prefdivis,price,ps,ps1,receivables,retearn,revenue,revenueusd,rnd,roa,roe,roic,ros,sbcomp,sgna,sharefactor,sharesbas,shareswa,shareswadil,sps,tangibles,taxassets,taxexp,taxliabilities,tbvps,workingcapital
MON,MRY,2011-12-31,2011-08-31,2011-08-31,2018-04-05,-116000000,19844000000,19561000000,8809000000,11035000000,0.604,21.567,-540000000,2572000000,2572000000,5743000000,1659000000,1.863,0.704,2221000000,678000000,1543000000,2221000000,710000000,613000000,0,0.016,1.12,2486000000,3099000000,0.262,3099000000,2486000000,2324000000,3.0,2.96,3.0,11545000000,11103750000,11545000000,38028288581,15,12.271,2274000000,4.239,1.0,6079000000,0.514,4674000000,162000000,10090000000,10952250000,2591000000,302000000,302000000,0,8128000000,4729000000,3399000000,36859288581,1087000000,-22000000,-502000000,180000000,-602000000,-864000000,-975000000,-302000000,2814000000,35000000,1607000000,1607000000,1607000000,0,52000000,0.136,3577000000,2502000000,933000000,0.373,3.193,22.937,22.977,4394000000,0,68.93,3.118,3.128,3221000000,4174000000,11822000000,11822000000,1386000000,0.082,0.145,0.227,0.21,68000000,2190000000,1.0,534735073,536500000,542400000,22.035,15170000000,1319000000,717000000,269000000,28.339,4080000000
MON,MRY,2012-12-31,2012-08-31,2012-08-31,2018-04-05,-1036000000,20224000000,20338000000,9658000000,10566000000,0.664,22.167,-646000000,3283000000,3283000000,6459000000,2093000000,2.288,0.692,2074000000,36000000,2038000000,2074000000,641000000,622000000,0,0.014,1.2,3137000000,3759000000,0.278,3759000000,3137000000,2946000000,3.83,3.79,3.83,11833000000,11736250000,11833000000,46881279726,14,12.472,2405000000,4.503,1.0,7045000000,0.522,4672000000,191000000,10122000000,10173750000,2839000000,302000000,302000000,0,8188000000,4221000000,3967000000,46425279726,711000000,-322000000,-432000000,-263000000,-642000000,-1165000000,-1034000000,0,3051000000,-141000000,2045000000,2045000000,2045000000,0,48000000,0.151,3897000000,3148000000,808000000,0.313,3.923,22.702,22.744,4365000000,0,87.11,3.438,3.445,2893000000,5537000000,13504000000,13504000000,1517000000,0.101,0.174,0.308,0.232,78000000,2380000000,1.0,532950060,534100000,540200000,25.284,15552000000,1085000000,901000000,388000000,29.135,5437000000
MON,MRY,2013-12-31,2013-08-31,2013-08-31,2018-04-05,-1278000000,20664000000,21739750000,10077000000,10587000000,0.684,23.638,-741000000,3668000000,3668000000,7208000000,2525000000,2.324,0.632,2112000000,51000000,2061000000,2112000000,655000000,615000000,0,0.015,1.5,3569000000,4184000000,0.282,4184000000,3569000000,3397000000,4.65,4.6,4.65,12559000000,12981750000,12559000000,51488073194,14,12.306,1999000000,3.746,1.0,7653000000,0.515,4746000000,172000000,10026000000,10503500000,2947000000,254000000,254000000,0,7936000000,4336000000,3600000000,52186073194,385000000,-165000000,-1095000000,127000000,-802000000,-1485000000,-777000000,48000000,2740000000,-93000000,2482000000,2482000000,2482000000,0,43000000,0.167,4083000000,3570000000,1007000000,0.323,4.155,21.026,21.052,4654000000,0,97.89,3.512,3.516,2700000000,7188000000,14861000000,14861000000,1533000000,0.114,0.191,0.34,0.24,21000000,2550000000,1.0,533109339,533700000,539700000,27.845,15918000000,1033000000,915000000,560000000,29.96,5741000000
MON,MRY,2014-12-31,2014-08-31,2014-08-31,2018-04-05,-1114000000,21918000000,23183250000,9675000000,12243000000,0.684,15.719,-1005000000,2367000000,2367000000,7281000000,2762000000,1.893,1.778,7698000000,233000000,7465000000,7698000000,485000000,691000000,0,0.015,1.72,4066000000,4757000000,0.3,4757000000,4066000000,3818000000,5.28,5.22,5.28,7875000000,12196750000,7875000000,61982253887,15,13.03,2049000000,3.946,1.0,8574000000,0.541,5873000000,248000000,16264000000,13317500000,3597000000,40000000,40000000,0,14004000000,5112000000,8892000000,60669253887,-1301000000,-922000000,-7082000000,5483000000,-904000000,-2259000000,-2095000000,202000000,3054000000,-1000000,2740000000,2740000000,2740000000,0,22000000,0.173,4499000000,4075000000,1193000000,0.326,7.704,22.142,21.903,5082000000,0,115.65,3.827,3.788,2923000000,9012000000,15855000000,15855000000,1725000000,0.118,0.225,0.305,0.256,48000000,2774000000,1.0,524593635,519300000,524900000,30.531,16045000000,1085000000,1078000000,608000000,32.026,4563000000
MON,MRY,2015-12-31,2015-08-31,2015-08-31,2018-04-05,-2801000000,21920000000,22488750000,10625000000,11295000000,0.667,14.901,-967000000,3701000000,3701000000,6819000000,2325000000,2.052,2.134,9044000000,615000000,8429000000,9044000000,417000000,716000000,0,0.02,1.96,3611000000,4327000000,0.288,4327000000,3611000000,3178000000,4.85,4.81,4.85,6990000000,7599250000,6990000000,53488048201,14,12.361,2141000000,4.489,1.0,8182000000,0.545,5393000000,433000000,16693000000,17375250000,3496000000,47000000,47000000,0,14915000000,5177000000,9738000000,45684048201,1334000000,-8000000,-835000000,1226000000,-938000000,-430000000,-1019000000,-37000000,3108000000,-325000000,2314000000,2314000000,2314000000,0,11000000,0.154,4659000000,3523000000,908000000,0.404,6.536,19.742,20.134,4973000000,0,97.65,3.045,3.104,2481000000,10374000000,15001000000,15001000000,1580000000,0.103,0.305,0.208,0.241,67000000,2686000000,1.0,467834595,476900000,481400000,31.455,16527000000,1020000000,864000000,574000000,35.231,5448000000
MON,MRY,2016-12-31,2016-08-31,2016-08-31,2018-04-05,-2808000000,19736000000,20230750000,8157000000,11579000000,0.667,10.347,-923000000,1676000000,1676000000,6485000000,1313000000,1.212,3.35,9040000000,1587000000,7453000000,9040000000,603000000,727000000,0,0.02,2.16,2467000000,3194000000,0.237,3194000000,2467000000,2031000000,3.02,2.99,3.02,4534000000,4338750000,4534000000,55901794477,22,17.502,1665000000,3.761,1.0,7017000000,0.52,5145000000,436000000,15226000000,16250250000,3241000000,60000000,60000000,0,15191000000,6729000000,8462000000,46601794477,-2025000000,-2000000,-3001000000,156000000,-964000000,-3742000000,-864000000,-15000000,2588000000,-7000000,1336000000,1336000000,1336000000,0,-23000000,0.099,4642000000,2375000000,1129000000,0.715,10.278,34.882,35.265,5231000000,0,106.5,3.451,3.492,2782000000,10763000000,13502000000,13502000000,1512000000,0.066,0.308,0.152,0.183,95000000,2833000000,1.0,437575535,442700000,447100000,30.499,14591000000,613000000,695000000,109000000,33.298,1428000000
MON,MRY,2017-12-31,2017-08-31,2017-08-31,2018-04-05,-2427000000,21333000000,21355750000,8651000000,12682000000,0.686,14.652,-1240000000,1856000000,1856000000,6703000000,2273000000,1.352,2.311,8124000000,870000000,7254000000,8124000000,841000000,748000000,0,0.018,2.16,3338000000,4086000000,0.279,4086000000,3338000000,2886000000,5.15,5.09,5.15,6438000000,5728000000,6438000000,59731659467,17,14.619,1986000000,4.526,1.0,7937000000,0.542,5112000000,452000000,16091000000,16205000000,3340000000,0,0,0,14875000000,6398000000,8477000000,51488659467,180000000,-11000000,0,-1097000000,-948000000,-1966000000,-1107000000,50000000,3226000000,27000000,2260000000,2260000000,2260000000,0,13000000,0.154,4725000000,3212000000,1174000000,0.419,7.998,22.783,22.757,5930000000,0,117.2,3.517,3.513,3109000000,12072000000,14640000000,14640000000,1607000000,0.106,0.395,0.206,0.228,126000000,2969000000,1.0,439323033,438800000,443800000,33.364,16221000000,564000000,626000000,250000000,36.916,2253000000
