ticker,dimension,calendardate,datekey,reportperiod,lastupdated,accoci,assets,assetsavg,assetsc,assetsnc,assetturnover,bvps,capex,cashneq,cashnequsd,cor,consolinc,currentratio,de,debt,debtc,debtnc,debtusd,deferredrev,depamor,deposits,divyield,dps,ebit,ebitda,ebitdamargin,ebitdausd,ebitusd,ebt,eps,epsdil,epsusd,equity,equityavg,equityusd,ev,evebit,evebitda,fcf,fcfps,fxusd,gp,grossmargin,intangibles,intexp,invcap,invcapavg,inventory,investments,investmentsc,investmentsnc,liabilities,liabilitiesc,liabilitiesnc,marketcap,ncf,ncfbus,ncfcommon,ncfdebt,ncfdiv,ncff,ncfi,ncfinv,ncfo,ncfx,netinc,netinccmn,netinccmnusd,netincdis,netincnci,netmargin,opex,opinc,payables,payoutratio,pb,pe,pe1,ppnenet,prefdivis,price,ps,ps1,receivables,retearn,revenue,revenueusd,rnd,roa,roe,roic,ros,sbcomp,sgna,sharefactor,sharesbas,shareswa,shareswadil,sps,tangibles,taxassets,taxexp,taxliabilities,tbvps,workingcapital
MPX,MRY,2011-12-31,2011-12-31,2011-12-31,2018-04-30,-1458000,110837000,109186250,42955000,67882000,0.975,2.499,-357000,956000,956000,86931000,6731000,4.032,0.186,0,0,0,0,0,889000,0,0.0,0.0,8398000,9287000,0.087,9287000,8398000,8398000,0.19,0.18,0.19,93418000,89730500,93418000,179929271,21,19.374,2939000,0.079,1.0,19506000,0.183,3773000,0,95454000,88077250,24907000,54101000,12402000,41699000,17419000,10654000,6765000,185382271,-8579000,0,-393000,0,0,-316000,-11559000,-11202000,3296000,0,6731000,6731000,6731000,0,0,0.063,14130000,5376000,2992000,0.0,1.984,27.542,26.105,11884000,0,4.96,1.742,1.742,2209000,89953000,106437000,106437000,0,0.062,0.075,0.095,0.079,1219000,14130000,1.0,37375458,37375458,,2.848,107064000,4358000,1667000,0,2.865,32301000
MPX,MRY,2012-12-31,2012-12-31,2012-12-31,2018-04-30,-1572000,97315000,113541250,36035000,61280000,1.312,2.058,-354000,1648000,1648000,121746000,6979000,2.72,0.252,0,0,0,0,0,768000,0,0.014,0.08,9721000,10489000,0.07,10489000,9721000,9721000,0.19,0.19,0.19,77747000,91458500,77747000,209529139,21,19.976,7828000,0.207,1.0,27204000,0.183,3773000,0,78648000,89523750,28159000,36923000,1150000,35773000,19568000,13246000,6322000,216104139,692000,0,-493000,-375000,-23812000,-24301000,16811000,17165000,8182000,0,6979000,6979000,6979000,0,0,0.047,18443000,8761000,4246000,0.421,2.78,30.965,30.105,11470000,0,5.72,1.451,1.451,1794000,73120000,148950000,148950000,0,0.061,0.076,0.109,0.065,1116000,18443000,1.0,37780444,37780444,,3.943,93542000,5208000,2742000,0,2.476,22789000
MPX,MRY,2013-12-31,2013-12-31,2013-12-31,2018-04-30,-853000,102553000,102911750,45260000,57293000,1.635,2.139,-521000,5114000,5114000,138480000,7528000,3.108,0.259,0,0,0,0,0,726000,0,0.012,0.12,10030000,10756000,0.064,10756000,10030000,10030000,0.2,0.2,0.2,81483000,79704500,81483000,377014016,37,35.052,10416000,0.273,1.0,29813000,0.177,3773000,0,79104000,76903500,28859000,36588000,5639000,30949000,21070000,14562000,6508000,382868016,3466000,0,-576000,0,-5705000,-6145000,-1326000,-820000,10937000,0,7528000,7528000,7528000,0,0,0.045,20307000,9506000,5569000,0.6,4.699,50.859,50.25,11265000,0,10.05,2.275,2.275,2021000,74943000,168293000,168293000,0,0.073,0.094,0.13,0.06,1566000,20307000,1.0,38096320,38096320,,4.418,98780000,4965000,2502000,0,2.593,30698000
MPX,MRY,2014-12-31,2014-12-31,2014-12-31,2018-04-30,-1969000,103823000,106341000,43222000,60601000,1.609,2.188,-451000,4072000,4072000,138379000,8914000,3.272,0.243,0,0,0,0,0,712000,0,0.014,0.12,12527000,13239000,0.077,13239000,12527000,12527000,0.24,0.24,0.24,83494000,83631750,83494000,316822305,25,23.931,10205000,0.267,1.0,32671000,0.191,3773000,0,82770000,81404750,28819000,37484000,3653000,33831000,20329000,13208000,7121000,322118305,-1042000,-2554000,-1781000,0,-6102000,-7541000,-4157000,-2235000,10656000,0,8914000,8914000,8914000,0,0,0.052,20665000,12006000,3577000,0.5,3.858,36.136,35.167,9890000,0,8.44,1.883,1.883,2369000,77755000,171050000,171050000,0,0.084,0.107,0.154,0.073,1412000,20665000,1.0,38165676,38165676,,4.482,100050000,5817000,3613000,0,2.621,30014000
MPX,MRY,2015-12-31,2015-12-31,2015-12-31,2018-04-30,-1901000,110677000,112476750,52644000,58033000,1.841,2.365,-3878000,7986000,7986000,163261000,14306000,3.815,0.227,0,0,0,0,0,1013000,0,0.04,0.24,20971000,21984000,0.106,21984000,20971000,20971000,0.39,0.39,0.39,90212000,87723000,90212000,221234837,10,10.063,12166000,0.319,1.0,43800000,0.212,3773000,0,85120000,81745250,32638000,34954000,7825000,27129000,20465000,13798000,6667000,230345837,3914000,0,-2259000,0,-7638000,-9641000,-2489000,1383000,16044000,0,14306000,14306000,14306000,0,0,0.069,23249000,20551000,3681000,0.615,2.553,16.101,15.487,12761000,0,6.04,1.112,1.112,1256000,84423000,207061000,207061000,0,0.127,0.163,0.257,0.101,1737000,23249000,1.0,38136728,38136728,,5.429,106904000,5158000,6665000,0,2.803,38846000
MPX,MRY,2016-12-31,2016-12-31,2016-12-31,2018-04-30,-2182000,88527000,112814750,52155000,36372000,2.139,1.706,-1940000,2619000,2619000,190863000,16745000,2.997,0.353,0,0,0,0,0,1382000,0,0.017,0.24,23407000,24789000,0.103,24789000,23407000,23407000,0.44,0.44,0.44,65445000,87751000,65445000,526807689,22,21.252,13897000,0.362,1.0,50467000,0.209,3773000,0,64733000,85362000,42488000,9330000,4109000,5221000,23082000,17402000,5680000,531989689,-5367000,0,-34737000,0,-9202000,-43779000,22575000,24427000,15837000,0,16745000,16745000,16745000,0,0,0.069,27415000,23052000,5163000,0.545,8.129,31.77,31.523,13334000,0,13.87,2.204,2.204,1087000,64141000,241330000,241330000,0,0.148,0.191,0.274,0.097,2464000,27415000,1.0,38355421,38355421,,6.292,84754000,5307000,6662000,0,2.21,34753000
MPX,MRY,2017-12-31,2017-12-31,2017-12-31,2018-04-30,-1980000,95900000,99393500,54187000,41713000,2.689,2.001,-2410000,7684000,7684000,208296000,19300000,2.799,0.378,0,0,0,0,0,1526000,0,0.026,0.33,29988000,31514000,0.118,31514000,29988000,29988000,0.55,0.55,0.55,69604000,70243750,69604000,439001030,14,13.93,27229000,0.783,1.0,59020000,0.221,3773000,0,65082000,67333000,38006000,13031000,2636000,10395000,26296000,19361000,6935000,443053030,5065000,0,-6521000,0,-11504000,-18025000,-6549000,-4147000,29639000,0,19300000,19300000,19300000,0,0,0.072,29261000,29759000,5362000,0.6,6.365,22.956,23.164,14218000,0,12.74,1.657,1.657,3051000,68127000,267316000,267316000,0,0.194,0.275,0.445,0.112,2682000,29261000,1.0,34776533,34776533,,7.687,92127000,4363000,10688000,0,2.649,34826000
