ticker,dimension,calendardate,datekey,reportperiod,lastupdated,accoci,assets,assetsavg,assetsc,assetsnc,assetturnover,bvps,capex,cashneq,cashnequsd,cor,consolinc,currentratio,de,debt,debtc,debtnc,debtusd,deferredrev,depamor,deposits,divyield,dps,ebit,ebitda,ebitdamargin,ebitdausd,ebitusd,ebt,eps,epsdil,epsusd,equity,equityavg,equityusd,ev,evebit,evebitda,fcf,fcfps,fxusd,gp,grossmargin,intangibles,intexp,invcap,invcapavg,inventory,investments,investmentsc,investmentsnc,liabilities,liabilitiesc,liabilitiesnc,marketcap,ncf,ncfbus,ncfcommon,ncfdebt,ncfdiv,ncff,ncfi,ncfinv,ncfo,ncfx,netinc,netinccmn,netinccmnusd,netincdis,netincnci,netmargin,opex,opinc,payables,payoutratio,pb,pe,pe1,ppnenet,prefdivis,price,ps,ps1,receivables,retearn,revenue,revenueusd,rnd,roa,roe,roic,ros,sbcomp,sgna,sharefactor,sharesbas,shareswa,shareswadil,sps,tangibles,taxassets,taxexp,taxliabilities,tbvps,workingcapital
MRCY,MRY,2011-12-31,2011-06-30,2011-06-30,2018-05-03,1255000,355562000,290332250,240184000,115378000,0.788,10.404,-8825000,165875000,165875000,98811000,18442000,6.634,0.18,0,0,0,0,6138000,8348000,0,0.0,0.0,26581000,34929000,0.153,34929000,26581000,26502000,0.73,0.7,0.73,301436000,243264500,301436000,404316219,15,11.575,22649000,0.894,1.0,129899000,0.568,96260000,79000,57221000,52942500,18540000,0,0,0,54126000,36206000,17920000,563737219,106634000,-31883000,97295000,-329000,0,97800000,-22683000,18025000,31474000,43000,18442000,18442000,18442000,0,0,0.081,104914000,24985000,7972000,0.0,1.87,30.568,25.589,14520000,0,18.68,2.465,2.068,45845000,86113000,228710000,228710000,44500000,0.064,0.076,0.502,0.116,4687000,57868000,1.0,30178652,25322000,26209000,9.032,259302000,8753000,8060000,5654000,8.95,203978000
MRCY,MRY,2012-12-31,2012-06-30,2012-06-30,2018-05-03,1306000,385606000,374355500,207703000,177903000,0.633,11.249,-9427000,119245000,119245000,103262000,22619000,5.622,0.158,0,0,0,0,4855000,11658000,0,0.0,0.0,31650000,43308000,0.183,43308000,31650000,31610000,0.77,0.75,0.77,333104000,320773250,333104000,282176559,8,6.516,22442000,0.761,1.0,133808000,0.564,157704000,40000,71715000,66472000,25845000,0,0,0,52502000,36942000,15560000,400302559,-46911000,-71044000,1631000,-185000,0,1975000,-80802000,0,31869000,47000,22619000,22619000,22619000,-296000,0,0.095,109091000,24717000,9002000,0.0,1.202,17.698,16.792,15929000,0,12.93,1.689,1.608,49450000,108732000,237070000,237070000,45984000,0.06,0.071,0.476,0.134,6057000,55625000,1.0,30959208,29477000,30085000,8.043,227902000,10238000,8991000,9794000,7.696,170761000
MRCY,MRY,2013-12-31,2013-06-30,2013-06-30,2018-05-03,962000,374431000,379986000,146301000,228130000,0.511,10.846,-3105000,39672000,39672000,116073000,-13208000,4.747,0.14,0,0,0,0,5788000,17209000,0,0.0,0.0,-23671000,-6462000,-0.033,-6462000,-23671000,-23709000,-0.44,-0.44,-0.44,328501000,327890000,328501000,262350441,-11,-40.599,-4976000,-0.165,1.0,78158000,0.402,199859000,38000,104082000,97984000,37432000,0,0,0,45930000,30818000,15112000,298041441,-76838000,-67721000,1251000,-7168000,0,-3669000,-71091000,0,-1871000,-207000,-13208000,-13208000,-13208000,-574000,0,-0.068,102968000,-24810000,4773000,0.0,0.907,-22.565,-20.955,14462000,0,9.22,1.534,1.43,46495000,95524000,194231000,194231000,32604000,-0.035,-0.04,-0.242,-0.122,7921000,54764000,1.0,32325536,30128000,30128000,6.447,174572000,13903000,-10501000,9532000,5.764,115483000
MRCY,MRY,2014-12-31,2014-06-30,2014-06-30,2018-05-03,1011000,373712000,371983750,160305000,213407000,0.561,10.484,-6701000,47552000,47552000,113985000,-11425000,4.868,0.142,0,0,0,0,5898000,15608000,0,0.0,0.0,-13217000,2391000,0.011,2391000,-13217000,-13266000,-0.37,-0.37,-0.37,327147000,329859750,327147000,330832192,-25,138.366,7540000,0.243,1.0,94744000,0.454,193152000,49000,100078000,93591000,31655000,0,0,0,46565000,32930000,13635000,377088192,8161000,0,1484000,-763000,0,742000,-6720000,0,14241000,-102000,-11425000,-11425000,-11425000,7353000,0,-0.055,102149000,-7405000,7054000,0.0,1.153,-33.006,-30.649,14144000,0,11.34,1.807,1.684,59661000,84099000,208729000,208729000,35693000,-0.031,-0.035,-0.141,-0.063,9223000,53685000,1.0,33252927,31000000,31000000,6.733,180560000,16697000,-1841000,9065000,5.786,127375000
MRCY,MRY,2015-12-31,2015-06-30,2015-06-30,2018-05-03,776000,386880000,384619250,175757000,211123000,0.611,10.789,-5984000,77850000,77850000,120647000,10369000,5.28,0.105,0,0,0,0,7477000,13840000,0,0.0,0.0,14769000,28609000,0.122,28609000,14769000,14735000,0.32,0.31,0.32,350138000,338865000,350138000,433879741,29,15.166,26223000,0.817,1.0,114200000,0.486,186144000,34000,89601000,96211500,31960000,0,0,0,36742000,33285000,3457000,500663741,30299000,885000,3604000,-642000,0,3905000,-5598000,0,32207000,-215000,10369000,10369000,10369000,4060000,0,0.044,95845000,18355000,6928000,0.0,1.43,48.285,45.75,13226000,0,14.64,2.132,2.002,53786000,94468000,234847000,234847000,36535000,0.027,0.031,0.154,0.063,7785000,49010000,1.0,34198343,32114000,32939000,7.313,200736000,14321000,4366000,1459000,6.185,142472000
MRCY,MRY,2016-12-31,2016-06-30,2016-06-30,2018-05-03,947000,736496000,490183000,245392000,491104000,0.551,12.512,-7885000,81955000,81955000,142535000,19742000,3.628,0.557,192275000,10000000,182275000,192275000,7365000,15742000,0,0.0,0.0,26458000,42200000,0.156,42200000,26458000,25286000,0.58,0.56,0.58,473044000,388719750,473044000,910605352,34,21.578,29055000,0.849,1.0,127619000,0.472,460700000,1172000,318472000,150737500,58284000,0,0,0,263452000,67644000,195808000,995114352,4105000,-309756000,92920000,191974000,0,284894000,-318208000,0,36940000,479000,19742000,19742000,19742000,0,0,0.073,103646000,23973000,26723000,0.0,2.104,50.406,42.862,28337000,0,24.86,3.684,3.151,95894000,114210000,270154000,270154000,36388000,0.04,0.051,0.176,0.098,9574000,52952000,1.0,40028735,34241000,35097000,7.89,275796000,3401000,5544000,12542000,7.295,177748000
MRCY,MRY,2017-12-31,2017-06-30,2017-06-30,2018-05-03,1074000,815745000,818639750,246196000,569549000,0.499,15.693,-32844000,41637000,41637000,217045000,24875000,3.38,0.125,0,0,0,0,6360000,32269000,0,0.0,0.0,38636000,70905000,0.174,70905000,38636000,31068000,0.59,0.58,0.59,725417000,599013500,725417000,1935916036,50,27.303,26302000,0.626,1.0,191543000,0.469,509883000,7568000,191380000,299032500,81071000,0,0,0,90328000,72845000,17483000,2020017036,-40054000,-77757000,211929000,-200591000,0,11338000,-111087000,0,59146000,549000,24875000,24875000,24875000,0,0,0.061,154140000,37403000,27485000,0.0,2.785,81.207,71.339,51643000,0,42.09,4.944,4.325,113673000,139085000,408588000,408588000,54086000,0.03,0.042,0.129,0.095,15341000,76491000,1.0,47992802,41986000,43018000,9.732,305862000,1434000,6193000,5711000,6.617,173351000
