ticker,dimension,calendardate,datekey,reportperiod,lastupdated,accoci,assets,assetsavg,assetsc,assetsnc,assetturnover,bvps,capex,cashneq,cashnequsd,cor,consolinc,currentratio,de,debt,debtc,debtnc,debtusd,deferredrev,depamor,deposits,divyield,dps,ebit,ebitda,ebitdamargin,ebitdausd,ebitusd,ebt,eps,epsdil,epsusd,equity,equityavg,equityusd,ev,evebit,evebitda,fcf,fcfps,fxusd,gp,grossmargin,intangibles,intexp,invcap,invcapavg,inventory,investments,investmentsc,investmentsnc,liabilities,liabilitiesc,liabilitiesnc,marketcap,ncf,ncfbus,ncfcommon,ncfdebt,ncfdiv,ncff,ncfi,ncfinv,ncfo,ncfx,netinc,netinccmn,netinccmnusd,netincdis,netincnci,netmargin,opex,opinc,payables,payoutratio,pb,pe,pe1,ppnenet,prefdivis,price,ps,ps1,receivables,retearn,revenue,revenueusd,rnd,roa,roe,roic,ros,sbcomp,sgna,sharefactor,sharesbas,shareswa,shareswadil,sps,tangibles,taxassets,taxexp,taxliabilities,tbvps,workingcapital
MRVL,MRY,2011-12-31,2012-01-28,2012-01-28,2018-03-29,776000,5767619000,5789041000,3078961000,2688658000,0.586,8.593,-102602000,784902000,784902000,1465805000,615091000,5.223,0.15,0,0,0,0,59959000,137811000,0,0.0,0.0,619059000,756870000,0.223,756870000,619059000,619059000,1.01,0.99,1.01,5014018000,4995713000,5014018000,8362521000,13,11.049,668645000,1.1,1.0,1927235000,0.568,2173496000,0,2219667000,2211415250,354119000,1484811000,1461596000,23215000,753601000,589554000,164047000,9213465000,-1062172000,-93916000,-1234837000,-511000,0,-1243366000,-590053000,-393535000,771247000,0,615091000,615091000,615091000,0,0,0.181,1323089000,604146000,304695000,0.0,1.838,14.979,15.634,383801000,0,15.79,2.715,2.829,407263000,1328963000,3393040000,3393040000,1013678000,0.106,0.123,0.28,0.182,119699000,260054000,1.0,583500000,607857000,623268000,5.582,3594123000,10669000,3968000,131579000,6.16,2489407000
MRVL,MRY,2012-12-31,2013-02-02,2013-02-02,2018-03-29,1148000,5261764000,5497698750,2585346000,2676418000,0.576,8.529,-103188000,751953000,751953000,1493497000,306585000,4.253,0.173,0,0,0,0,60150000,143728000,0,0.019,0.18,310190000,453918000,0.143,453918000,310190000,310190000,0.55,0.54,0.55,4484595000,4721633250,4484595000,4416991000,14,9.731,625849000,1.127,1.0,1675133000,0.529,2121793000,0,1780130000,1938632250,250420000,1183806000,1167037000,16769000,777169000,607888000,169281000,5085175000,-32949000,-1000000,-831999000,0,-98761000,-940801000,178815000,283003000,729037000,0,306585000,306585000,306585000,0,0,0.097,1380476000,294657000,286552000,0.327,1.134,16.587,17.282,372971000,0,9.505,1.605,1.666,330238000,1536787000,3168630000,3168630000,1057445000,0.056,0.065,0.16,0.098,127222000,270331000,1.0,535000000,555310000,563123000,5.706,3139971000,8416000,3605000,112871000,5.972,1977458000
MRVL,MRY,2013-12-31,2014-02-01,2014-02-01,2018-03-29,597000,5451010000,5281094250,2839220000,2611790000,0.645,9.397,-84240000,965750000,965750000,1663730000,315320000,4.359,0.166,0,0,0,0,61747000,146758000,0,0.016,0.24,306257000,453015000,0.133,453015000,306257000,306257000,0.64,0.63,0.64,4675910000,4471020000,4675910000,6547737000,21,14.454,363799000,0.733,1.0,1740670000,0.511,2078980000,0,1754974000,1772382250,347861000,1019934000,1003655000,16279000,775100000,651306000,123794000,7344067000,213797000,3755000,-171323000,0,-119449000,-309035000,74793000,155278000,448039000,0,315320000,315320000,315320000,0,0,0.093,1459979000,280691000,316389000,0.375,1.571,23.291,23.328,356165000,0,14.93,2.157,2.177,453496000,1732658000,3404400000,3404400000,1153999000,0.06,0.071,0.173,0.09,155853000,257323000,1.0,491900000,496518000,504413000,6.857,3372030000,11506000,-9063000,81325000,6.776,2187914000
MRVL,MRY,2014-12-31,2015-01-31,2015-01-31,2018-03-29,308000,5884387000,5820465000,3344040000,2540347000,0.625,10.02,-79454000,1210977000,1210977000,1799425000,435346000,5.247,0.143,0,0,0,0,68120000,124585000,0,0.015,0.24,431269000,555854000,0.153,555854000,431269000,431269000,0.85,0.84,0.85,5146089000,4977755000,5146089000,6732946000,15,12.113,649482000,1.271,1.0,1837781000,0.505,2060643000,0,1975391000,1805957500,308162000,1328804000,1318578000,10226000,738298000,637376000,100922000,7916939000,245227000,0,47395000,0,-122801000,-114765000,-368944000,-289490000,728936000,0,435346000,435346000,435346000,48441000,0,0.12,1381405000,456376000,282899000,0.282,1.538,18.185,18.224,340639000,0,15.49,2.177,2.177,420955000,2045203000,3637206000,3637206000,1091547000,0.075,0.087,0.239,0.119,137101000,263673000,1.0,511100000,511089000,520760000,7.117,3823744000,17228000,-4077000,68729000,7.445,2706664000
MRVL,MRY,2015-12-31,2016-01-30,2016-01-30,2018-03-29,-795000,5442127000,5614164000,2954662000,2487465000,0.464,8.176,-45724000,1278180000,1278180000,1406121000,-811400000,2.41,0.314,0,0,0,0,53973000,112864000,0,0.027,0.24,-800684000,-687820000,-0.264,-687820000,-800684000,-800684000,-1.59,-1.59,-1.59,4140123000,4399218750,4140123000,3542029000,-4,-5.15,159628000,0.312,1.0,1196376000,0.46,2015360000,0,922802000,1402578250,200958000,1015865000,1004569000,11296000,1302004000,1225785000,76219000,4580760000,67203000,0,-180158000,0,-122821000,-339839000,201690000,247414000,205352000,0,-811400000,-811400000,-811400000,72959000,0,-0.312,1941786000,-745410000,180372000,-0.151,1.106,-5.646,-5.566,296778000,0,8.85,1.76,1.738,323300000,1110982000,2602497000,2602497000,954653000,-0.145,-0.184,-0.571,-0.308,133753000,279215000,1.0,517600000,510945000,510945000,5.093,3426767000,0,10716000,49256000,6.768,1728877000
MRVL,MRY,2016-12-31,2017-01-28,2017-01-28,2018-03-29,23000,4648650000,4694223250,2290434000,2358216000,0.49,7.931,-54819000,814092000,814092000,1017564000,21151000,4.614,0.154,0,0,0,0,63976000,118492000,0,0.016,0.24,93759000,212251000,0.092,212251000,93759000,93759000,0.04,0.04,0.04,4027651000,4116762750,4027651000,6912623000,73,32.568,-413254000,-0.811,1.0,1283428000,0.558,1996880000,0,1341262000,1400039500,170842000,854268000,854268000,0,620999000,496416000,124583000,7664211000,-464088000,0,-107345000,0,-122292000,-267248000,161595000,216414000,-358435000,0,21151000,21151000,21151000,53670000,0,0.009,1153021000,130407000,143484000,6.0,1.903,362.357,377.25,243397000,0,15.09,3.331,3.343,335384000,1009841000,2300992000,2300992000,805029000,0.005,0.005,0.067,0.041,113933000,251191000,1.0,507900000,509738000,517513000,4.514,2651770000,0,72608000,60646000,5.222,1794018000
MRVL,MRY,2017-12-31,2018-02-03,2018-02-03,2018-03-29,-2322000,4708287000,4653544500,2363955000,2344332000,0.518,8.395,-32579000,888482000,888482000,947230000,520831000,5.613,0.137,0,0,0,0,61237000,87057000,0,0.011,0.24,538893000,625950000,0.26,625950000,538893000,538893000,1.05,1.02,1.05,4141413000,4034576250,4141413000,10217517000,18,16.323,538534000,1.081,1.0,1461940000,0.607,1993310000,0,1405353000,1419863750,170039000,952790000,952790000,0,566874000,421142000,145732000,11017616000,74390000,168342000,-347272000,0,-119251000,-536244000,39521000,-96242000,571113000,0,520831000,520831000,520831000,-87689000,0,0.216,1032245000,429695000,145236000,0.229,2.66,21.154,21.362,202222000,0,22.43,4.573,4.637,280395000,1409452000,2409170000,2409170000,714444000,0.112,0.129,0.38,0.224,86689000,238166000,1.0,491200000,498008000,509667000,4.838,2714977000,0,18062000,56976000,5.503,1942813000
