ticker,dimension,calendardate,datekey,reportperiod,lastupdated,accoci,assets,assetsavg,assetsc,assetsnc,assetturnover,bvps,capex,cashneq,cashnequsd,cor,consolinc,currentratio,de,debt,debtc,debtnc,debtusd,deferredrev,depamor,deposits,divyield,dps,ebit,ebitda,ebitdamargin,ebitdausd,ebitusd,ebt,eps,epsdil,epsusd,equity,equityavg,equityusd,ev,evebit,evebitda,fcf,fcfps,fxusd,gp,grossmargin,intangibles,intexp,invcap,invcapavg,inventory,investments,investmentsc,investmentsnc,liabilities,liabilitiesc,liabilitiesnc,marketcap,ncf,ncfbus,ncfcommon,ncfdebt,ncfdiv,ncff,ncfi,ncfinv,ncfo,ncfx,netinc,netinccmn,netinccmnusd,netincdis,netincnci,netmargin,opex,opinc,payables,payoutratio,pb,pe,pe1,ppnenet,prefdivis,price,ps,ps1,receivables,retearn,revenue,revenueusd,rnd,roa,roe,roic,ros,sbcomp,sgna,sharefactor,sharesbas,shareswa,shareswadil,sps,tangibles,taxassets,taxexp,taxliabilities,tbvps,workingcapital
MSCC,MRY,2011-12-31,2011-10-02,2011-10-02,2018-04-28,786000,1482473000,1472099000,577890000,904583000,0.568,10.056,-25826000,266631000,266631000,394683000,55730000,3.76,0.662,357384000,0,357384000,357384000,0,91482000,0,0.0,0.0,38703000,130185000,0.156,130185000,38703000,22049000,0.66,0.65,0.66,892107000,834089500,892107000,1507644114,38,11.581,120735000,1.439,1.0,441171000,0.528,772768000,16654000,646769000,660658500,140827000,0,0,0,590366000,153689000,436677000,1385438114,66681000,-434692000,25670000,372186000,0,380638000,-460518000,0,146561000,0,55730000,55730000,55730000,0,0,0.067,386190000,54981000,48561000,0.0,1.553,24.86,24.212,89922000,0,15.98,1.658,1.604,110908000,261443000,835854000,835854000,114155000,0.038,0.067,0.059,0.046,28465000,187529000,1.0,86698255,83916000,85747000,9.961,709705000,55424000,-33681000,46285000,8.0,424201000
MSCC,MRY,2012-12-31,2012-09-30,2012-09-30,2018-04-28,-743000,1934630000,1919266000,561341000,1373289000,0.528,10.742,-49079000,204335000,204335000,459872000,-29675000,3.587,1.085,775975000,0,775975000,775975000,0,136050000,0,0.0,0.0,24828000,160878000,0.159,160878000,24828000,-14725000,-0.35,-0.35,-0.35,927986000,884114750,927986000,2416183611,97,15.019,122144000,1.423,1.0,552623000,0.546,1190227000,39553000,1159565000,1148250000,159055000,0,0,0,1006644000,156478000,850166000,1785361611,-62296000,-585218000,31253000,403787000,0,392400000,-625919000,4677000,171223000,0,-29675000,-29675000,-29675000,0,0,-0.029,494276000,58347000,75351000,0.0,1.924,-60.164,-57.343,116146000,0,20.07,1.763,1.701,153190000,231768000,1012495000,1012495000,168516000,-0.015,-0.034,0.022,0.025,36680000,212338000,1.0,88956732,85837000,85837000,11.796,744403000,53427000,14950000,25135000,8.617,404863000
MSCC,MRY,2013-12-31,2013-09-29,2013-09-29,2018-04-28,-48000,1912655000,1907235250,622630000,1290025000,0.512,11.43,-37300000,256433000,256433000,418700000,43700000,4.673,0.853,676000000,0,676000000,676000000,0,113700000,0,0.0,0.0,86300000,200000000,0.205,200000000,86300000,56100000,0.49,0.48,0.49,1032058000,987991000,1032058000,2706859460,31,13.534,127700000,1.427,1.0,557200000,0.571,1105411000,30200000,1093579000,1126529750,161986000,0,0,0,880597000,133232000,747365000,2228804460,52100000,0,25900000,-100000000,0,-75600000,-37300000,0,165000000,0,43700000,43700000,43700000,0,0,0.045,470900000,86300000,69623000,0.0,2.16,51.002,48.816,125158000,0,23.92,2.284,2.194,162103000,275442000,975900000,975900000,170600000,0.023,0.044,0.077,0.088,35200000,202500000,1.0,93177444,89500000,91300000,10.904,807244000,46107000,12400000,26996000,8.94,489398000
MSCC,MRY,2014-12-31,2014-09-28,2014-09-28,2018-04-28,-1200000,2056400000,2085561250,618600000,1437800000,0.546,11.918,-39400000,162200000,162200000,526800000,23100000,3.837,0.843,693400000,0,693400000,693400000,0,125700000,0,0.0,0.0,51700000,177400000,0.156,177400000,51700000,23900000,0.25,0.24,0.25,1115600000,1070792250,1115600000,2935129994,56,16.545,167300000,1.801,1.0,611500000,0.537,1237500000,27800000,1188900000,1253193500,205000000,0,0,0,940800000,161200000,779600000,2392449994,-94200000,-337600000,19100000,20500000,0,35100000,-336000000,41000000,206700000,0,23100000,23100000,23100000,0,0,0.02,557300000,54200000,75500000,0.0,2.145,103.569,100.32,148700000,0,25.08,2.102,2.047,191200000,298600000,1138300000,1138300000,192000000,0.011,0.022,0.041,0.045,43900000,241000000,1.0,95392743,92900000,94500000,12.253,818900000,50800000,800000,39300000,8.748,457400000
MSCC,MRY,2015-12-31,2015-09-27,2015-09-27,2018-04-28,-3100000,2432000000,2250581250,710400000,1721600000,0.553,12.775,-39900000,256400000,256400000,561300000,84600000,3.524,1.015,986400000,32500000,953900000,986400000,0,132700000,0,0.0,0.0,124200000,256900000,0.206,256900000,124200000,96900000,0.9,0.88,0.9,1207200000,1162400000,1207200000,3858844400,31,15.021,229400000,2.435,1.0,684300000,0.549,1497100000,27300000,1463300000,1336595000,227200000,0,0,0,1224800000,201600000,1023200000,3077169400,94200000,-363900000,-27400000,273600000,0,228100000,-403200000,600000,269300000,0,84600000,84600000,84600000,0,0,0.068,561700000,122600000,82300000,0.0,2.549,36.373,35.822,152700000,0,32.24,2.47,2.438,186900000,383200000,1245600000,1245600000,200300000,0.038,0.073,0.093,0.1,49800000,249500000,1.0,95445701,94200000,95900000,13.223,934900000,34900000,12300000,23000000,9.893,508800000
MSCC,MRY,2016-12-31,2016-10-02,2016-10-02,2018-04-28,-2200000,4423000000,3961375000,734900000,3688100000,0.418,15.423,-48800000,189500000,189500000,717900000,-32600000,2.299,1.558,2179200000,40700000,2138500000,2179200000,0,207300000,0,0.0,0.0,94700000,302000000,0.182,302000000,94700000,-25400000,-0.31,-0.31,-0.31,1728900000,1540975000,1728900000,6847234716,72,22.673,225800000,2.11,1.0,937100000,0.566,3414000000,120100000,2679100000,2554100000,213100000,0,0,0,2694100000,319600000,2374500000,4751634716,-66900000,-1365800000,5100000,1110000000,0,1072700000,-1414200000,400000,274600000,0,-32600000,-32600000,-32600000,0,0,-0.02,883400000,53700000,112800000,0.0,2.748,-145.756,-135.419,174900000,0,41.98,2.871,2.714,245200000,350600000,1655000000,1655000000,309100000,-0.008,-0.021,0.037,0.057,101100000,352400000,1.0,113188059,107000000,107000000,15.467,1009000000,37300000,7200000,120200000,9.001,415300000
MSCC,MRY,2017-12-31,2017-10-01,2017-10-01,2018-04-28,400000,4323100000,4339025000,726900000,3596200000,0.418,17.267,-50700000,144900000,144900000,654300000,176300000,1.916,1.168,1796700000,61100000,1735600000,1796700000,0,240400000,0,0.0,0.0,233800000,474200000,0.262,474200000,233800000,136100000,1.54,1.51,1.54,1994300000,1864225000,1994300000,7748924366,33,16.341,424000000,3.69,1.0,1157500000,0.639,3249600000,97700000,2345900000,2512500000,239100000,0,0,0,2328800000,379400000,1949400000,5955424366,-44600000,-43800000,2400000,-422400000,0,-424900000,-94400000,100000,474700000,0,176300000,176300000,176300000,0,0,0.097,887200000,270300000,164900000,0.0,2.986,33.78,33.429,197600000,0,51.48,3.287,3.265,267900000,526900000,1811800000,1811800000,341600000,0.041,0.095,0.093,0.129,89000000,330700000,1.0,115684234,114900000,117100000,15.768,1073500000,67200000,-40200000,103800000,9.294,347500000
