ticker,dimension,calendardate,datekey,reportperiod,lastupdated,accoci,assets,assetsavg,assetsc,assetsnc,assetturnover,bvps,capex,cashneq,cashnequsd,cor,consolinc,currentratio,de,debt,debtc,debtnc,debtusd,deferredrev,depamor,deposits,divyield,dps,ebit,ebitda,ebitdamargin,ebitdausd,ebitusd,ebt,eps,epsdil,epsusd,equity,equityavg,equityusd,ev,evebit,evebitda,fcf,fcfps,fxusd,gp,grossmargin,intangibles,intexp,invcap,invcapavg,inventory,investments,investmentsc,investmentsnc,liabilities,liabilitiesc,liabilitiesnc,marketcap,ncf,ncfbus,ncfcommon,ncfdebt,ncfdiv,ncff,ncfi,ncfinv,ncfo,ncfx,netinc,netinccmn,netinccmnusd,netincdis,netincnci,netmargin,opex,opinc,payables,payoutratio,pb,pe,pe1,ppnenet,prefdivis,price,ps,ps1,receivables,retearn,revenue,revenueusd,rnd,roa,roe,roic,ros,sbcomp,sgna,sharefactor,sharesbas,shareswa,shareswadil,sps,tangibles,taxassets,taxexp,taxliabilities,tbvps,workingcapital
MSFT,MRY,2011-12-31,2011-06-30,2011-06-30,2018-04-26,0,108704000000,98069250000,74918000000,33786000000,0.713,6.774,-2355000000,52772000000,52772000000,15577000000,23150000000,2.604,0.904,11921000000,0,11921000000,11921000000,17120000000,2766000000,0,0.023,0.61,28071000000,30837000000,0.441,30837000000,28071000000,28071000000,2.73,2.69,2.73,57083000000,51489500000,57083000000,181016949982,6,5.87,24639000000,2.902,1.0,54366000000,0.777,13325000000,0,25754000000,22839000000,1372000000,10865000000,0,10865000000,51621000000,28774000000,22847000000,219251949982,4105000000,-71000000,-9133000000,5960000000,-5180000000,-8376000000,-14616000000,-13216000000,26994000000,103000000,23150000000,23150000000,23150000000,0,0,0.331,27205000000,27161000000,5405000000,0.223,3.841,9.471,9.524,8162000000,0,26.0,3.135,3.156,14987000000,-6332000000,69943000000,69943000000,9043000000,0.236,0.45,1.229,0.401,2149000000,18162000000,1.0,8432767307,8490000000,8593000000,8.238,95379000000,2467000000,4921000000,2036000000,11.318,46144000000
MSFT,MRY,2012-12-31,2012-06-30,2012-06-30,2018-04-26,1422000000,121271000000,114734750000,85084000000,36187000000,0.643,7.91,-2305000000,63040000000,63040000000,17530000000,16978000000,2.603,0.827,11944000000,1231000000,10713000000,11944000000,20059000000,2967000000,0,0.025,0.76,22267000000,25234000000,0.342,25234000000,22267000000,22267000000,2.02,2.0,2.02,66363000000,64633500000,66363000000,209391494091,9,8.298,29321000000,3.492,1.0,56193000000,0.762,16622000000,0,20865000000,22577000000,1137000000,9776000000,0,9776000000,54908000000,32688000000,22220000000,256982494091,-2672000000,-10112000000,-3116000000,0,-6385000000,-9408000000,-24786000000,-11975000000,31626000000,-104000000,16978000000,16978000000,16978000000,0,0,0.23,34430000000,21763000000,4989000000,0.376,3.872,15.136,15.144,8269000000,0,30.59,3.486,3.484,15780000000,-856000000,73723000000,73723000000,9811000000,0.148,0.263,0.986,0.302,2151000000,18426000000,1.0,8400866103,8396000000,8506000000,8.781,104649000000,2035000000,5289000000,2682000000,12.473,52396000000
MSFT,MRY,2013-12-31,2013-06-30,2013-06-30,2018-04-26,1743000000,142431000000,131773750000,101466000000,40965000000,0.591,9.46,-4257000000,77022000000,77022000000,20385000000,21863000000,2.712,0.804,15600000000,2999000000,12601000000,15600000000,22399000000,3755000000,0,0.026,0.89,27052000000,30807000000,0.396,30807000000,27052000000,27052000000,2.61,2.58,2.61,78944000000,74261000000,78944000000,228200977152,8,7.407,24576000000,2.934,1.0,57464000000,0.738,17738000000,0,25854000000,23073000000,1938000000,10844000000,0,10844000000,63487000000,37417000000,26070000000,288488977152,-3134000000,-1584000000,-4429000000,3537000000,-7455000000,-8148000000,-23811000000,-17802000000,28833000000,-8000000,21863000000,21863000000,21863000000,0,0,0.281,30700000000,26764000000,5473000000,0.341,3.654,13.195,13.236,9991000000,0,34.545,3.706,3.716,17486000000,9895000000,77849000000,77849000000,10411000000,0.166,0.294,1.172,0.347,2197000000,20289000000,1.0,8351106590,8375000000,8470000000,9.295,124693000000,1632000000,5189000000,2301000000,14.942,64049000000
MSFT,MRY,2014-12-31,2014-06-30,2014-06-30,2018-04-26,3708000000,172384000000,156098500000,114246000000,58138000000,0.556,10.89,-5485000000,85709000000,85709000000,27078000000,22074000000,2.504,0.92,22645000000,2000000000,20645000000,22645000000,25158000000,5212000000,0,0.026,1.07,27820000000,33032000000,0.38,33032000000,27820000000,27820000000,2.66,2.63,2.66,89784000000,85987250000,89784000000,278713179024,10,8.438,27017000000,3.255,1.0,59755000000,0.688,27108000000,0,36587000000,35487250000,2660000000,14597000000,0,14597000000,82600000000,45625000000,36975000000,344459179024,4865000000,-5937000000,-6709000000,6962000000,-8879000000,-8665000000,-18833000000,-7324000000,32502000000,-139000000,22074000000,22074000000,22074000000,0,0,0.254,31996000000,27759000000,7990000000,0.402,3.837,15.605,15.677,13011000000,0,41.7,3.967,3.985,19544000000,17710000000,86833000000,86833000000,11381000000,0.141,0.257,0.784,0.32,2446000000,20488000000,1.0,8260411967,8299000000,8399000000,10.463,145276000000,1941000000,5746000000,3510000000,17.62,68621000000
MSFT,MRY,2015-12-31,2015-06-30,2015-06-30,2018-04-26,2522000000,174472000000,173914750000,122797000000,51675000000,0.538,9.932,-5944000000,96526000000,96526000000,33038000000,12193000000,2.473,1.179,35292000000,7484000000,27808000000,35292000000,25318000000,5957000000,0,0.027,1.21,18507000000,24464000000,0.261,24464000000,18507000000,18507000000,1.49,1.48,1.49,80083000000,88066000000,80083000000,293584748480,15,12.001,23724000000,2.901,1.0,60542000000,0.647,21774000000,0,41817000000,38636000000,2902000000,12053000000,0,12053000000,94389000000,49647000000,44742000000,357154748480,-3074000000,-3723000000,-13809000000,13661000000,-9882000000,-9668000000,-23001000000,-12868000000,29668000000,-73000000,12193000000,12193000000,12193000000,0,0,0.13,42381000000,18161000000,6683000000,0.812,4.46,29.292,29.631,14731000000,0,44.15,3.817,3.858,17908000000,9096000000,93580000000,93580000000,12046000000,0.07,0.138,0.479,0.198,2574000000,20324000000,1.0,8089575277,8177000000,8254000000,11.444,152698000000,0,6314000000,1901000000,18.938,73150000000
MSFT,MRY,2016-12-31,2016-06-30,2016-06-30,2018-04-26,1537000000,193468000000,182082750000,139660000000,53808000000,0.469,9.179,-8343000000,113240000000,113240000000,32780000000,16798000000,2.353,1.687,53461000000,12904000000,40557000000,53461000000,33909000000,6622000000,0,0.027,1.39,19751000000,26373000000,0.309,26373000000,19751000000,19751000000,2.12,2.1,2.12,71997000000,75257000000,71997000000,343062089022,17,13.008,24982000000,3.152,1.0,52540000000,0.616,21605000000,0,52727000000,51672000000,2251000000,10431000000,0,10431000000,121471000000,59357000000,62114000000,402220089022,915000000,-1393000000,-15301000000,18283000000,-11006000000,-8393000000,-23950000000,-14417000000,33325000000,-67000000,16798000000,16798000000,16798000000,0,0,0.197,32358000000,20182000000,7192000000,0.656,5.587,23.945,24.137,18356000000,0,51.17,4.714,4.753,18277000000,2282000000,85320000000,85320000000,11988000000,0.092,0.223,0.382,0.231,2668000000,19260000000,1.0,7860466856,7925000000,8013000000,10.766,171863000000,0,2953000000,2056000000,21.91,80303000000
MSFT,MRY,2017-12-31,2017-06-30,2017-06-30,2018-04-26,627000000,250312000000,228115750000,162696000000,87616000000,0.394,11.367,-8129000000,132981000000,132981000000,34261000000,21204000000,2.919,1.854,91566000000,10121000000,81445000000,91566000000,26656000000,8778000000,0,0.022,1.53,23149000000,31927000000,0.355,31927000000,23149000000,23149000000,2.74,2.71,2.74,87711000000,74155250000,87711000000,490165080408,21,15.353,31378000000,4.051,1.0,55689000000,0.619,45228000000,0,107924000000,83560250000,2181000000,6023000000,0,6023000000,162601000000,55745000000,106856000000,532175080408,1153000000,-25944000000,-11016000000,31459000000,-11845000000,8408000000,-46781000000,-12511000000,39507000000,19000000,21204000000,21204000000,21204000000,0,0,0.236,33363000000,22326000000,7390000000,0.558,6.067,25.098,25.157,30289000000,0,68.93,5.916,5.936,22431000000,17769000000,89950000000,89950000000,13037000000,0.093,0.286,0.277,0.257,3266000000,20020000000,1.0,7720514731,7746000000,7832000000,11.612,205084000000,0,1945000000,19937000000,26.579,106951000000
