ticker,dimension,calendardate,datekey,reportperiod,lastupdated,accoci,assets,assetsavg,assetsc,assetsnc,assetturnover,bvps,capex,cashneq,cashnequsd,cor,consolinc,currentratio,de,debt,debtc,debtnc,debtusd,deferredrev,depamor,deposits,divyield,dps,ebit,ebitda,ebitdamargin,ebitdausd,ebitusd,ebt,eps,epsdil,epsusd,equity,equityavg,equityusd,ev,evebit,evebitda,fcf,fcfps,fxusd,gp,grossmargin,intangibles,intexp,invcap,invcapavg,inventory,investments,investmentsc,investmentsnc,liabilities,liabilitiesc,liabilitiesnc,marketcap,ncf,ncfbus,ncfcommon,ncfdebt,ncfdiv,ncff,ncfi,ncfinv,ncfo,ncfx,netinc,netinccmn,netinccmnusd,netincdis,netincnci,netmargin,opex,opinc,payables,payoutratio,pb,pe,pe1,ppnenet,prefdivis,price,ps,ps1,receivables,retearn,revenue,revenueusd,rnd,roa,roe,roic,ros,sbcomp,sgna,sharefactor,sharesbas,shareswa,shareswadil,sps,tangibles,taxassets,taxexp,taxliabilities,tbvps,workingcapital
MTH,MRY,2011-12-31,2011-12-31,2011-12-31,2018-04-30,0,1221378000,1224906000,,,0.708,15.065,-7082000,185758000,185758000,720136000,-21106000,,1.498,606409000,,,606409000,0,7178000,8858000,0.0,0.0,10023000,17201000,0.02,17201000,10023000,-20376000,-0.65,-0.65,-0.65,488912000,495496250,488912000,1190173511,118,69.192,-81218000,-2.508,1.0,147671000,0.17,0,30399000,1642029000,1668391500,0,158517000,,,732466000,,,752134511,69659000,0,0,0,0,2613000,141182000,151704000,-74136000,0,-21106000,-21106000,-21106000,0,0,-0.024,139096000,8575000,37735000,0.0,1.538,-35.636,-35.677,828916000,0,23.19,0.867,0.865,14932000,198442000,867807000,867807000,0,-0.017,-0.043,0.006,0.012,7410000,139096000,1.0,32433571,32382000,32382000,26.799,1221378000,0,730000,0,37.634,
MTH,MRY,2012-12-31,2012-12-31,2012-12-31,2018-04-30,0,1575562000,1379554000,,,0.873,19.498,-10360000,209395000,209395000,976456000,105163000,,1.27,722797000,,,722797000,0,8196000,12377000,0.0,0.0,53098000,61294000,0.051,61294000,53098000,28854000,3.09,3.0,3.09,694210000,568450250,694210000,1731673477,32,28.252,-231283000,-6.791,1.0,228454000,0.19,0,24244000,2088964000,1857467250,0,98159000,,,881352000,,,1329301477,-3155000,-382000,91380000,102108000,0,193924000,23844000,61378000,-220923000,0,105163000,105163000,105163000,0,0,0.087,163018000,65436000,49801000,0.0,1.915,12.64,12.087,1128905000,0,37.35,1.103,1.056,20290000,303605000,1204910000,1204910000,0,0.076,0.185,0.029,0.044,7883000,163018000,1.0,35590401,34057000,35172000,35.379,1575562000,77974000,-76309000,0,44.251,
MTH,MRY,2013-12-31,2013-12-31,2013-12-31,2018-04-30,0,2003361000,1853977250,,,0.989,23.217,-15727000,274136000,274136000,1421507000,124464000,,1.381,921048000,,,921048000,0,9934000,21996000,0.0,0.0,192764000,202698000,0.111,202698000,192764000,177672000,3.45,3.25,3.45,841392000,774009000,841392000,2319086791,12,11.441,-93651000,-2.594,1.0,412372000,0.225,0,15092000,2650273000,2424215250,0,101167000,,,1161969000,,,1739237791,103679000,-18573000,11601000,167337000,0,180572000,1031000,-3607000,-77924000,0,124464000,124464000,124464000,0,0,0.068,218226000,194146000,68018000,0.0,2.067,13.974,13.91,1427687000,0,47.99,0.948,0.945,38983000,428069000,1833879000,1833879000,0,0.067,0.161,0.08,0.105,7592000,218226000,1.0,36241671,36105000,38801000,50.793,2003361000,70404000,53208000,0,55.28,
MTH,MRY,2014-12-31,2014-12-31,2014-12-31,2018-04-30,0,2316138000,2227745250,,,0.983,28.349,-20526000,103333000,103333000,1721838000,142241000,,1.088,935208000,,,935208000,0,11614000,29379000,0.0,0.0,213580000,225194000,0.103,225194000,213580000,208417000,3.65,3.46,3.65,1109489000,1042274750,1109489000,2228632965,10,9.897,-231774000,-5.94,1.0,468795000,0.214,0,5163000,3148013000,2970369500,0,10780000,,,1206649000,,,1408108965,-170803000,-131127000,111462000,-10447000,0,103312000,-62867000,88786000,-211248000,0,142241000,142241000,142241000,0,0,0.065,261340000,207455000,83619000,0.0,1.269,9.899,9.86,1915084000,0,35.99,0.643,0.641,56763000,570310000,2190633000,2190633000,0,0.064,0.136,0.072,0.097,9914000,261340000,1.0,39125006,39017000,41614000,56.146,2316138000,64137000,66176000,0,59.18,
MTH,MRY,2015-12-31,2015-12-31,2015-12-31,2018-04-30,0,2679777000,2574197500,,,1.007,31.737,-16006000,262208000,262208000,2084576000,128738000,,1.129,1117040000,,,1117040000,0,14241000,36197000,0.0,0.0,205429000,219670000,0.085,219670000,205429000,189464000,3.25,3.09,3.25,1258937000,1191308000,1258937000,2258789440,10,10.283,-19341000,-0.488,1.0,507980000,0.196,0,15965000,3534609000,3465127750,0,11370000,,,1420840000,,,1348240440,158875000,-481000,2886000,173768000,0,178697000,-16487000,0,-3335000,0,128738000,128738000,128738000,0,0,0.05,301267000,206713000,106440000,0.0,1.071,10.473,10.458,2132272000,0,33.99,0.52,0.519,57296000,699048000,2592556000,2592556000,0,0.05,0.108,0.059,0.079,13738000,301267000,1.0,39665797,39593000,42164000,65.48,2679777000,59147000,60726000,0,67.555,
MTH,MRY,2016-12-31,2016-12-31,2016-12-31,2018-04-30,0,2888691000,2809378500,,,1.088,35.511,-16462000,131702000,131702000,2503602000,149541000,,1.032,1127314000,,,1127314000,0,15978000,28348000,0.0,0.0,223232000,239210000,0.078,239210000,223232000,218060000,3.74,3.55,3.74,1421495000,1350003000,1421495000,2424769443,10,10.137,-119864000,-2.998,1.0,553114000,0.181,0,5172000,3884303000,3799527000,0,17097000,,,1467196000,,,1392869443,-130506000,-3644000,232000,-6274000,0,-6998000,-20106000,0,-103402000,0,149541000,149541000,149541000,0,0,0.049,338895000,214219000,140682000,0.0,0.98,9.314,9.305,2455265000,0,34.8,0.456,0.455,70355000,848589000,3056716000,3056716000,0,0.053,0.111,0.059,0.073,14697000,338895000,1.0,40024984,39976000,42585000,76.464,2888691000,53320000,68519000,0,72.163,
MTH,MRY,2017-12-31,2017-12-31,2017-12-31,2018-04-30,0,3251258000,3165163750,,,1.028,39.099,-17740000,170746000,170746000,2666279000,143255000,,1.062,1283804000,,,1283804000,0,16704000,34059000,0.0,0.0,251372000,268076000,0.082,268076000,251372000,247519000,3.56,3.41,3.56,1576825000,1514184250,1576825000,3253769374,12,12.137,-104872000,-2.603,1.0,588554000,0.181,0,3853000,4364316000,4297329000,0,17068000,,,1674433000,,,2064694374,39044000,668000,0,143248000,0,143248000,-17072000,0,-87132000,0,143255000,143255000,143255000,0,0,0.044,345688000,242866000,140516000,0.0,1.309,14.413,14.382,2803875000,0,51.2,0.634,0.634,79317000,991844000,3254833000,3254833000,0,0.045,0.095,0.058,0.077,12056000,345688000,1.0,40326062,40287000,42228000,80.791,3251258000,35162000,104264000,0,80.618,
