ticker,dimension,calendardate,datekey,reportperiod,lastupdated,accoci,assets,assetsavg,assetsc,assetsnc,assetturnover,bvps,capex,cashneq,cashnequsd,cor,consolinc,currentratio,de,debt,debtc,debtnc,debtusd,deferredrev,depamor,deposits,divyield,dps,ebit,ebitda,ebitdamargin,ebitdausd,ebitusd,ebt,eps,epsdil,epsusd,equity,equityavg,equityusd,ev,evebit,evebitda,fcf,fcfps,fxusd,gp,grossmargin,intangibles,intexp,invcap,invcapavg,inventory,investments,investmentsc,investmentsnc,liabilities,liabilitiesc,liabilitiesnc,marketcap,ncf,ncfbus,ncfcommon,ncfdebt,ncfdiv,ncff,ncfi,ncfinv,ncfo,ncfx,netinc,netinccmn,netinccmnusd,netincdis,netincnci,netmargin,opex,opinc,payables,payoutratio,pb,pe,pe1,ppnenet,prefdivis,price,ps,ps1,receivables,retearn,revenue,revenueusd,rnd,roa,roe,roic,ros,sbcomp,sgna,sharefactor,sharesbas,shareswa,shareswadil,sps,tangibles,taxassets,taxexp,taxliabilities,tbvps,workingcapital
MXC,MRY,2011-12-31,2011-03-31,2011-03-31,2018-02-12,0,15948471,15207472,670197,15278274,0.208,6.299,-2434626,179071,179071,1025932,155696,3.352,0.275,1800000,0,1800000,1800000,0,1047906,0,0.0,0.0,176461,1224367,0.387,1224367,176461,140100,0.08,0.08,0.08,12506953,12012976,12506953,27557756,156,22.508,-1099166,-0.564,1.0,2135926,0.676,0,36361,17369456,16262982,0,0,0,0,3441518,199944,3241574,25773329,18632,-478000,521300,1100000,0,1595798,-2912626,0,1335460,0,155696,155696,155696,0,0,0.049,1959825,176101,0,0.0,2.061,165.536,164.375,15278274,0,13.15,8.151,8.1,426647,5311834,3161858,3161858,0,0.01,0.013,0.011,0.056,76852,877790,1.0,1959949,1947605,1962656,1.623,15948471,0,-15596,912663,8.032,470253
MXC,MRY,2012-12-31,2012-03-31,2012-03-31,2018-02-12,0,16574370,15617395,879058,15695312,0.207,6.403,-1170906,498681,498681,926215,329993,2.186,0.277,1700000,0,1700000,1700000,0,996205,0,0.0,0.0,330873,1327078,0.41,1327078,330873,302033,0.16,0.16,0.16,12974290,12865586,12974290,16760865,50,12.63,404713,0.2,1.0,2313824,0.714,0,28840,17373591,16197630,0,0,0,0,3600080,402098,3197982,16086035,319610,0,17220,-100000,0,-82780,-1173229,0,1575619,0,329993,329993,329993,0,0,0.102,1983146,330678,0,0.0,1.24,48.747,49.625,15695312,0,7.94,4.965,4.97,363595,5641827,3240039,3240039,0,0.021,0.026,0.02,0.102,120124,950690,1.0,2025949,2028014,2036241,1.598,16574370,0,-27960,884703,8.18,476960
MXC,MRY,2013-12-31,2013-03-31,2013-03-31,2018-02-12,0,17935444,17070105,741028,17194416,0.181,6.345,-1244915,166406,166406,1082043,-176374,1.716,0.386,2950000,0,2950000,2950000,0,1100425,0,0.0,0.0,-154046,946379,0.306,946379,-154046,-207878,-0.09,-0.09,-0.09,12936985,12973138,12936985,15754664,-102,16.647,-428123,-0.21,1.0,2014372,0.651,0,53832,20287190,18914858,0,0,0,0,4998459,431848,4566611,12959839,-332275,-1150000,766,1250000,0,1250766,-2399833,0,816792,0,-176374,-176374,-176374,0,0,-0.057,2168647,-154275,0,0.0,1.002,-73.479,-70.598,17077962,0,6.354,4.185,4.18,555341,5465453,3096415,3096415,0,-0.01,-0.014,-0.008,-0.05,138303,1028846,1.0,2039699,2036959,2036959,1.52,17935444,0,-31504,853199,8.796,309180
MXC,MRY,2014-12-31,2014-03-31,2014-03-31,2018-02-12,0,17918290,17617742,831128,17087162,0.229,6.577,-1189120,156082,156082,1231814,301113,2.691,0.337,2469981,44981,2425000,2469981,0,1151482,0,0.0,0.0,378250,1529732,0.378,1529732,378250,312863,0.15,0.15,0.15,13399352,13244097,13399352,17456786,46,11.412,623381,0.306,1.0,2810127,0.695,0,65387,19923277,19535350,0,0,0,0,4518938,308912,4210026,15704236,-10324,0,8806,-525000,0,-516194,-1306631,-54281,1812501,0,301113,301113,301113,0,0,0.074,2332787,477340,0,0.0,1.172,52.154,51.4,17079923,0,7.71,3.885,3.885,646242,5766566,4041941,4041941,0,0.017,0.023,0.019,0.094,152448,1136939,1.0,2036866,2036950,2042184,1.984,17918290,0,11750,864949,8.796,522216
MXC,MRY,2015-12-31,2015-03-31,2015-03-31,2018-02-12,0,21470950,19839069,589771,20881179,0.171,6.48,-4774705,96084,96084,1300820,-340986,1.394,0.626,5950000,0,5950000,5950000,0,1362862,0,0.0,0.0,-241746,1121116,0.331,1121116,-241746,-340986,-0.17,-0.17,-0.17,13206743,13414377,13206743,17018391,-70,15.18,-3597726,-1.765,1.0,2089185,0.616,0,99240,26901745,23480596,0,0,0,0,8264207,423121,7841086,11373524,-59998,0,-5009,3525000,0,3519991,-4756968,57089,1176979,0,-340986,-340986,-340986,0,0,-0.101,2630544,-541359,0,0.0,0.861,-33.355,-32.824,20832199,0,5.58,3.355,3.355,449069,5425580,3390005,3390005,0,-0.017,-0.025,-0.01,-0.071,153386,1239750,1.0,2038266,2038250,2038250,1.663,21470950,0,0,660870,10.534,166650
MXC,MRY,2016-12-31,2016-03-31,2016-03-31,2018-02-12,0,16467260,18981411,355322,16111938,0.128,4.587,184059,34013,34013,1144061,-3979685,1.07,0.762,5580000,0,5580000,5580000,0,1572738,0,0.0,0.0,-3808310,-2235572,-0.923,-2235572,-3808310,-3979685,-1.95,-1.95,-1.95,9344011,11050477,9344011,10598077,-2,-4.741,359561,0.176,1.0,1277731,0.528,0,171375,21681075,24288800,0,0,0,0,7123249,332172,6791077,4783500,-62071,0,0,-370000,0,-370000,132427,0,175502,0,-3979685,-3979685,-3979685,0,0,-1.643,5747486,-4469755,0,0.0,0.512,-1.202,-1.204,16077497,0,2.348,1.975,1.975,278025,1445895,2421792,2421792,0,-0.21,-0.36,-0.157,-1.573,116953,1155183,1.0,2037266,2037266,2037266,1.189,16467260,0,0,0,8.083,23150
MXC,MRY,2017-12-31,2017-03-31,2017-03-31,2018-02-12,0,12708065,14493745,504934,12203131,0.174,4.272,2428804,73451,73451,878458,-694553,3.679,0.46,2900000,0,2900000,2900000,0,1177422,0,0.0,0.0,-542427,634995,0.251,634995,-542427,-694553,-0.34,-0.34,-0.34,8702322,8827788,8702322,10872988,-20,17.123,2740885,1.345,1.0,1646905,0.652,0,152126,15397355,18370034,0,0,0,0,4005743,137259,3868484,7863846,39438,0,0,-2680000,0,-2680000,2407357,0,312081,0,-694553,-694553,-694553,0,0,-0.275,2189557,-542652,0,0.0,0.904,-11.322,-11.353,12174974,0,3.86,3.114,3.114,395158,751342,2525363,2525363,0,-0.048,-0.079,-0.03,-0.215,52864,976392,1.0,2037266,2037266,2037266,1.24,12708065,0,0,0,6.238,367675
