ticker,dimension,calendardate,datekey,reportperiod,lastupdated,accoci,assets,assetsavg,assetsc,assetsnc,assetturnover,bvps,capex,cashneq,cashnequsd,cor,consolinc,currentratio,de,debt,debtc,debtnc,debtusd,deferredrev,depamor,deposits,divyield,dps,ebit,ebitda,ebitdamargin,ebitdausd,ebitusd,ebt,eps,epsdil,epsusd,equity,equityavg,equityusd,ev,evebit,evebitda,fcf,fcfps,fxusd,gp,grossmargin,intangibles,intexp,invcap,invcapavg,inventory,investments,investmentsc,investmentsnc,liabilities,liabilitiesc,liabilitiesnc,marketcap,ncf,ncfbus,ncfcommon,ncfdebt,ncfdiv,ncff,ncfi,ncfinv,ncfo,ncfx,netinc,netinccmn,netinccmnusd,netincdis,netincnci,netmargin,opex,opinc,payables,payoutratio,pb,pe,pe1,ppnenet,prefdivis,price,ps,ps1,receivables,retearn,revenue,revenueusd,rnd,roa,roe,roic,ros,sbcomp,sgna,sharefactor,sharesbas,shareswa,shareswadil,sps,tangibles,taxassets,taxexp,taxliabilities,tbvps,workingcapital
NBN,MRY,2012-12-31,2012-06-30,2012-06-30,2018-05-11,158000,669196000,611479000,,,0.048,27.851,-2402000,128274000,128274000,0,2163000,,4.617,120859000,,,120859000,0,2565000,422188000,0.042,0.36,2557000,5122000,0.174,5122000,2557000,2557000,0.41,0.41,0.41,119139000,79024250,119139000,86921803,33,16.97,-9376000,-2.192,1.0,29427000,1.0,4487000,0,657294000,645712250,0,504049000,,,550057000,,,29743803,44343000,9889000,52667000,-3599000,-1262000,69956000,-18639000,-27239000,-6974000,0,1771000,1771000,1771000,-1147000,392000,0.06,28230000,1197000,0,0.878,0.25,16.795,20.683,9205000,0,8.48,1.011,1.233,0,12235000,29427000,29427000,0,0.003,0.022,0.004,0.087,445000,21239000,1.0,3507524,4277777,4291352,6.879,664709000,0,786000,0,155.387,
NBN,MRY,2013-12-31,2013-06-30,2013-06-30,2018-05-11,-1914000,670639000,686458500,,,0.056,10.894,-2897000,65934000,65934000,0,4420000,,4.893,64069000,,,64069000,0,2688000,484623000,0.037,0.36,6010000,8698000,0.228,8698000,6010000,6010000,0.39,0.39,0.39,113802000,115831750,113802000,29455037,4,3.386,-1574000,-0.151,1.0,38131000,1.0,3544000,0,665230000,649207750,0,570145000,,,556837000,,,101019037,-62340000,0,0,-55756000,-3750000,-580000,-63083000,-64739000,1323000,0,4065000,4065000,4065000,-125000,355000,0.107,31955000,6176000,0,0.923,0.888,24.851,24.795,10075000,0,9.67,2.649,2.64,0,12524000,38131000,38131000,0,0.006,0.035,0.009,0.158,563000,23669000,1.0,10446643,10409588,10409588,3.663,667095000,0,1945000,0,63.858,
NBN,MRY,2014-12-31,2014-06-30,2014-06-30,2018-05-11,-1283000,761931000,742601000,,,0.049,10.866,-1075000,82259000,82259000,0,2692000,,5.799,66005000,,,66005000,0,2745000,574329000,0.029,0.28,4275000,7020000,0.195,7020000,4275000,4275000,0.26,0.26,0.26,112066000,113575750,112066000,91164612,21,12.986,-6614000,-0.636,1.0,36056000,1.0,2798000,0,742879000,733372000,0,644977000,,,649865000,,,99824612,16325000,0,-2823000,2178000,-2922000,86699000,-64835000,-65434000,-5539000,0,2692000,2692000,2692000,4000,0,0.075,31777000,4279000,0,1.077,0.891,37.082,36.808,9135000,0,9.57,2.769,2.762,0,12294000,36056000,36056000,0,0.004,0.024,0.006,0.119,686000,24754000,1.0,10430994,10404784,10404784,3.465,759133000,0,1583000,0,73.608,
NBN,MRY,2015-12-31,2015-06-30,2015-06-30,2018-05-11,-1288000,850718000,818993000,,,0.053,11.535,-875000,89850000,89850000,0,7141000,,6.547,52568000,,,52568000,0,2255000,674759000,0.004,0.04,11136000,13391000,0.306,13391000,11136000,11136000,0.72,0.72,0.72,112727000,112344750,112727000,45646779,4,3.409,20645000,2.068,1.0,43740000,1.0,2209000,0,811227000,783795250,0,725256000,,,737991000,,,97571779,7591000,0,-6666000,-13325000,-402000,80208000,-94137000,-95825000,21520000,0,7141000,7141000,7141000,0,0,0.163,32604000,11136000,0,0.056,0.866,13.664,13.819,8253000,0,9.95,2.231,2.27,0,18921000,43740000,43740000,0,0.009,0.064,0.014,0.255,705000,25355000,1.0,9806209,9980733,9980733,4.382,848509000,0,3995000,0,86.822,
NBN,MRY,2016-12-31,2016-06-30,2016-06-30,2018-05-11,-1906000,986153000,915298000,,,0.05,12.508,-1190000,151157000,151157000,0,7619000,,7.458,54534000,,,54534000,0,2108000,800432000,0.004,0.04,11723000,13831000,0.304,13831000,11723000,11723000,0.8,0.8,0.8,116591000,114858500,116591000,56186571,4,4.062,3904000,0.412,1.0,45535000,1.0,1732000,0,887798000,860229250,0,800585000,,,869562000,,,104821571,61307000,0,-3359000,1923000,-380000,123852000,-67639000,-67986000,5094000,0,7619000,7619000,7619000,0,0,0.167,33812000,11723000,0,0.05,0.899,13.758,14.063,7801000,0,11.25,2.302,2.341,0,26160000,45535000,45535000,0,0.008,0.066,0.014,0.257,613000,26547000,1.0,9317473,9474999,9484635,4.806,984421000,0,4104000,0,105.612,
NBN,MRY,2017-12-31,2017-06-30,2017-06-30,2018-05-11,-1632000,1076874000,1025536750,,,0.055,13.916,-695000,163283000,163283000,0,12339000,,7.77,44504000,,,44504000,0,1881000,889850000,0.002,0.04,20138000,22019000,0.394,22019000,20138000,20138000,1.39,1.38,1.39,122797000,116991750,122797000,76577658,3,3.478,33295000,3.742,1.0,55927000,1.0,1300000,0,956795000,933784000,0,878860000,,,954077000,,,179520658,12126000,0,-6943000,-10255000,-357000,71816000,-93680000,-93744000,33990000,0,12339000,12339000,12339000,0,0,0.221,35789000,20138000,0,0.029,1.462,14.549,14.64,6937000,0,20.35,3.21,3.238,0,38142000,55927000,55927000,0,0.012,0.105,0.022,0.36,945000,28844000,1.0,8821654,8898448,8952614,6.285,1075574000,0,7799000,0,121.893,
