ticker,dimension,calendardate,datekey,reportperiod,lastupdated,accoci,assets,assetsavg,assetsc,assetsnc,assetturnover,bvps,capex,cashneq,cashnequsd,cor,consolinc,currentratio,de,debt,debtc,debtnc,debtusd,deferredrev,depamor,deposits,divyield,dps,ebit,ebitda,ebitdamargin,ebitdausd,ebitusd,ebt,eps,epsdil,epsusd,equity,equityavg,equityusd,ev,evebit,evebitda,fcf,fcfps,fxusd,gp,grossmargin,intangibles,intexp,invcap,invcapavg,inventory,investments,investmentsc,investmentsnc,liabilities,liabilitiesc,liabilitiesnc,marketcap,ncf,ncfbus,ncfcommon,ncfdebt,ncfdiv,ncff,ncfi,ncfinv,ncfo,ncfx,netinc,netinccmn,netinccmnusd,netincdis,netincnci,netmargin,opex,opinc,payables,payoutratio,pb,pe,pe1,ppnenet,prefdivis,price,ps,ps1,receivables,retearn,revenue,revenueusd,rnd,roa,roe,roic,ros,sbcomp,sgna,sharefactor,sharesbas,shareswa,shareswadil,sps,tangibles,taxassets,taxexp,taxliabilities,tbvps,workingcapital
NCMI,MRY,2011-12-31,2011-12-29,2011-12-29,2018-05-08,-17300000,820200000,810525000,184000000,636200000,0.537,-7.935,-13500000,65900000,65900000,132700000,100600000,1.592,-2.727,794000000,0,794000000,794000000,2900000,18800000,0,0.07,0.84,100100000,118900000,0.273,118900000,100100000,50900000,0.58,0.58,0.58,-427900000,-422650000,-427900000,1376073150,13,11.573,148300000,2.753,1.0,302700000,0.695,274900000,49200000,1157800000,1157425000,0,32400000,14200000,18200000,1167000000,115600000,1051400000,663773150,-8500000,-15900000,3900000,8700000,-45300000,-117200000,-53100000,-23700000,161800000,0,31500000,31500000,31500000,0,69100000,0.072,109000000,193700000,36300000,1.448,-1.551,21.072,20.741,24600000,0,12.03,1.525,1.488,98600000,-34900000,435400000,435400000,0,0.039,-0.075,0.086,0.23,11600000,90200000,1.0,55176488,53864243,54634697,8.083,545300000,308800000,19400000,178800000,10.111,68400000
NCMI,MRY,2012-12-31,2012-12-27,2012-12-27,2018-05-08,-6700000,810500000,805300000,220700000,589800000,0.557,-8.061,-10400000,72400000,72400000,144600000,65300000,2.423,-2.657,879000000,0,879000000,879000000,5700000,20400000,0,0.062,0.88,96800000,117200000,0.261,117200000,96800000,40100000,0.25,0.24,0.25,-439100000,-437025000,-439100000,1583594899,16,13.512,71200000,1.309,1.0,304200000,0.678,280300000,56700000,1245700000,1221075000,0,35000000,34200000,800000,1166900000,91100000,1075800000,793794899,6500000,-7000000,-100000,71000000,-48700000,-55700000,-19400000,-2000000,81600000,0,13400000,13400000,13400000,0,51900000,0.03,112400000,191800000,35500000,3.52,-1.808,59.238,56.52,25700000,0,14.13,1.769,1.712,98500000,-70500000,448800000,448800000,0,0.017,-0.031,0.079,0.216,8900000,92000000,1.0,56177983,54377135,55026771,8.253,530200000,277500000,26700000,157100000,9.733,129600000
NCMI,MRY,2013-12-31,2013-12-26,2013-12-26,2018-05-08,-3200000,1067300000,958325000,265500000,801800000,0.483,-6.071,-10100000,54700000,54700000,143300000,129800000,2.019,-3.425,890000000,14000000,876000000,890000000,4700000,26600000,0,0.044,0.88,113000000,139600000,0.302,139600000,113000000,61400000,0.74,0.73,0.74,-354300000,-389150000,-354300000,2019516000,17,14.466,143000000,2.553,1.0,319500000,0.69,492000000,51600000,1279100000,1251050000,0,97400000,75500000,21900000,1213400000,131500000,1081900000,1205316000,-17700000,-8900000,18600000,7600000,-49200000,-114900000,-55900000,-36900000,153100000,0,41200000,41200000,41200000,0,88600000,0.089,117500000,202000000,50600000,1.189,-3.402,29.255,27.014,25600000,0,19.99,2.604,2.419,120400000,-80000000,462800000,462800000,0,0.043,-0.106,0.09,0.244,5900000,90900000,1.0,60295948,56014404,56628457,8.262,575300000,256000000,20200000,172600000,9.858,134000000
NCMI,MRY,2014-12-31,2015-01-01,2015-01-01,2018-05-08,-400000,991400000,997150000,172400000,819000000,0.395,-6.948,-8700000,13400000,13400000,115300000,65600000,1.608,-2.94,892000000,0,892000000,892000000,8500000,32400000,0,0.096,1.38,75900000,108300000,0.275,108300000,75900000,23300000,0.23,0.23,0.23,-408200000,-401300000,-408200000,1745111398,22,16.114,109200000,1.86,1.0,278700000,0.707,488600000,52600000,1274200000,1282525000,0,90500000,25900000,64600000,1200100000,107200000,1092900000,874711398,-41300000,1200000,-600000,1400000,-81000000,-155700000,-3500000,4000000,117900000,0,13400000,13400000,13400000,0,52200000,0.034,127000000,151700000,48200000,6.0,-2.143,65.277,62.478,22400000,0,14.37,2.22,2.141,116500000,-147400000,394000000,394000000,0,0.013,-0.033,0.059,0.193,7800000,87100000,1.0,60870661,58709534,59005320,6.711,502800000,240300000,9900000,166300000,8.558,65200000
NCMI,MRY,2015-12-31,2015-12-31,2015-12-31,2018-05-08,0,1073700000,1019000000,203600000,870100000,0.438,-6.894,-12600000,31700000,31700000,121100000,59600000,1.633,-3.06,925400000,0,925400000,925400000,10200000,32200000,0,0.056,0.88,83000000,115200000,0.258,115200000,83000000,30800000,0.19,0.19,0.19,-407000000,-417850000,-407000000,1879408208,22,16.314,92700000,1.572,1.0,325400000,0.729,566700000,52200000,1276000000,1308725000,0,75800000,17400000,58400000,1245400000,124700000,1120700000,966108208,18300000,1500000,-100000,44000000,-52300000,-88400000,1400000,12500000,105300000,0,11300000,11300000,11300000,0,48300000,0.025,177400000,148000000,50400000,4.632,-2.374,85.496,82.684,25100000,0,15.71,2.164,2.075,148900000,-186100000,446500000,446500000,0,0.011,-0.027,0.063,0.186,14700000,110900000,1.0,61496385,58979508,59589299,7.57,507000000,219600000,19500000,171400000,8.587,78900000
NCMI,MRY,2016-12-31,2016-12-29,2016-12-29,2018-05-08,0,1142500000,1063900000,221100000,921400000,0.421,-5.984,-12900000,23000000,23000000,122200000,82000000,1.833,-3.515,924300000,0,924300000,924300000,10300000,35800000,0,0.06,0.88,81900000,117700000,0.263,117700000,81900000,27900000,0.34,0.34,0.34,-358200000,-406550000,-358200000,1819853231,22,15.462,120600000,2.017,1.0,325400000,0.727,560500000,54000000,1362700000,1312025000,0,66200000,31700000,34500000,1259200000,120600000,1138600000,913553231,-8700000,500000,-4400000,-13700000,-54600000,-137900000,-4300000,8100000,133500000,0,20400000,20400000,20400000,0,61600000,0.046,152400000,173000000,60100000,2.588,-2.55,44.782,43.059,29600000,0,14.64,2.041,1.956,160500000,-248300000,447600000,447600000,0,0.019,-0.05,0.062,0.183,18300000,116600000,1.0,62401177,59788026,60605570,7.486,582000000,296600000,7500000,232700000,9.722,100500000
NCMI,MRY,2017-12-31,2017-12-28,2017-12-28,2018-05-08,0,1173100000,1150025000,212600000,960500000,0.371,-4.77,-11600000,30200000,30200000,124700000,58700000,1.938,-3.442,923300000,0,923300000,923300000,7100000,37600000,0,0.13,0.88,184300000,221900000,0.521,221900000,184300000,131500000,0.04,0.02,0.04,-362500000,-396000000,-362500000,1412639953,7,6.366,127300000,1.952,1.0,301400000,0.707,717200000,52800000,1239300000,1223225000,0,41100000,17300000,23800000,1247900000,109700000,1138200000,532239953,7200000,3300000,-4100000,-3000000,-58700000,-140200000,8500000,16800000,138900000,0,2500000,2500000,2500000,0,56200000,0.006,147500000,153900000,19300000,22.0,-1.468,212.896,169.5,30700000,0,6.78,1.249,1.038,160600000,-130200000,426100000,426100000,0,0.002,-0.006,0.151,0.433,11200000,109900000,1.0,78501468,65226817,151067270,6.533,455900000,186200000,129000000,232500000,5.999,102900000
