ticker,dimension,calendardate,datekey,reportperiod,lastupdated,accoci,assets,assetsavg,assetsc,assetsnc,assetturnover,bvps,capex,cashneq,cashnequsd,cor,consolinc,currentratio,de,debt,debtc,debtnc,debtusd,deferredrev,depamor,deposits,divyield,dps,ebit,ebitda,ebitdamargin,ebitdausd,ebitusd,ebt,eps,epsdil,epsusd,equity,equityavg,equityusd,ev,evebit,evebitda,fcf,fcfps,fxusd,gp,grossmargin,intangibles,intexp,invcap,invcapavg,inventory,investments,investmentsc,investmentsnc,liabilities,liabilitiesc,liabilitiesnc,marketcap,ncf,ncfbus,ncfcommon,ncfdebt,ncfdiv,ncff,ncfi,ncfinv,ncfo,ncfx,netinc,netinccmn,netinccmnusd,netincdis,netincnci,netmargin,opex,opinc,payables,payoutratio,pb,pe,pe1,ppnenet,prefdivis,price,ps,ps1,receivables,retearn,revenue,revenueusd,rnd,roa,roe,roic,ros,sbcomp,sgna,sharefactor,sharesbas,shareswa,shareswadil,sps,tangibles,taxassets,taxexp,taxliabilities,tbvps,workingcapital
NDSN,MRY,2011-12-31,2011-10-31,2011-10-31,2018-03-05,-80012000,1304450000,1111308500,476957000,827493000,1.11,8.595,-20078000,37408000,37408000,484727000,222364000,2.618,1.283,328489000,9828000,318661000,328489000,0,28776000,9375000,0.009,0.44,319630000,348406000,0.283,348406000,319630000,314561000,3.29,3.25,3.29,571323000,595352250,571323000,3129404793,9,8.982,226649000,3.352,1.0,748432000,0.607,668525000,5069000,744845000,539650500,141912000,0,0,0,733127000,182161000,550966000,3141897793,-4921000,-292980000,-128337000,201954000,-29838000,50703000,-305506000,7552000,246727000,3155000,222364000,222364000,222364000,0,0,0.18,432889000,315543000,46381000,0.134,5.499,14.13,14.094,130883000,0,46.37,2.548,2.543,254310000,990221000,1233159000,1233159000,0,0.2,0.373,0.592,0.259,1921000,429489000,1.0,67757123,67616000,68425000,18.238,635925000,25378000,92197000,32698000,9.567,294796000
NDSN,MRY,2012-12-31,2012-10-31,2012-10-31,2018-03-05,-104226000,1829515000,1564939750,586623000,1242892000,0.901,10.448,-24839000,41239000,41239000,586289000,224829000,1.707,1.732,649603000,110617000,538986000,649603000,0,38990000,20894000,0.009,0.525,337406000,376396000,0.267,376396000,337406000,326253000,3.49,3.45,3.49,669770000,603676750,669770000,4428465015,13,11.765,249559000,3.875,1.0,823289000,0.584,1040708000,11153000,1053487000,917168000,169585000,279000,279000,0,1159745000,343684000,816061000,3784046015,3831000,-441651000,-83521000,309351000,-33805000,196817000,-466769000,-279000,274398000,-615000,224829000,224829000,224829000,0,0,0.16,487809000,335480000,67443000,0.15,5.65,16.831,16.914,174931000,0,59.03,2.685,2.697,324563000,1181245000,1409578000,1409578000,0,0.144,0.372,0.368,0.239,5573000,487809000,1.0,64103778,64407000,65103000,21.885,788807000,29929000,101424000,53513000,12.305,242939000
NDSN,MRY,2013-12-31,2013-10-31,2013-10-31,2018-03-05,-57380000,2053179000,1895795000,602066000,1451113000,0.814,13.845,-43372000,42375000,42375000,676777000,221817000,2.543,1.312,668227000,19957000,648270000,668227000,0,54438000,28341000,0.009,0.63,325964000,380402000,0.247,380402000,325964000,311123000,3.45,3.42,3.45,887863000,781882250,887863000,5118690969,15,13.456,225004000,3.504,1.0,866144000,0.561,1208284000,14841000,1233950000,1124664750,198401000,0,0,0,1165316000,236797000,928519000,4629902969,1136000,-176333000,-27384000,9905000,-40478000,-52426000,-220545000,-840000,268376000,5731000,221817000,221817000,221817000,0,0,0.144,542295000,323849000,62123000,0.183,5.215,20.873,20.896,200979000,0,72.09,3.001,3.0,308707000,1362584000,1542921000,1542921000,0,0.117,0.284,0.29,0.211,6231000,541169000,1.0,64223928,64214000,64908000,24.028,844895000,40244000,89306000,105389000,13.175,365269000
NDSN,MRY,2014-12-31,2014-10-31,2014-10-31,2018-03-05,-103199000,2280130000,2121738750,672683000,1607447000,0.803,14.371,-43251000,42314000,42314000,758923000,246773000,1.814,1.52,815926000,122040000,693886000,815926000,0,59754000,25578000,0.01,0.76,367548000,427302000,0.251,427302000,367548000,352513000,3.88,3.84,3.88,904797000,924617500,904797000,5414810969,14,12.672,244904000,3.847,1.0,945098000,0.555,1343847000,15035000,1339027000,1258592000,210871000,0,0,0,1375333000,370868000,1004465000,4830042969,-61000,-186420000,-159421000,147969000,-48391000,-53458000,-230525000,-854000,288155000,-4233000,246773000,246773000,246773000,0,0,0.145,577993000,367105000,68500000,0.196,5.338,19.573,19.729,224439000,0,76.55,2.834,2.86,365844000,1560966000,1704021000,1704021000,0,0.116,0.267,0.292,0.216,11022000,575442000,1.0,63096577,63656000,64281000,26.769,936283000,36485000,105740000,104841000,14.871,301815000
NDSN,MRY,2015-12-31,2015-10-31,2015-10-31,2018-03-05,-144686000,2360444000,2292184750,711591000,1648853000,0.737,11.205,-61490000,50268000,50268000,774702000,211111000,2.447,2.576,1131175000,28834000,1102341000,1131175000,0,65194000,22884000,0.013,0.9,318966000,384160000,0.227,384160000,318966000,300862000,3.48,3.45,3.48,660016000,784143000,660016000,5175392515,16,13.472,200461000,3.305,1.0,913964000,0.541,1359801000,18104000,1790774000,1566669750,225672000,0,0,0,1700428000,290776000,1409652000,4293121515,7954000,-75565000,-378479000,318689000,-54849000,-110978000,-138535000,-1480000,261951000,-4484000,211111000,211111000,211111000,0,0,0.125,596234000,317730000,68229000,0.259,6.505,20.336,20.471,249940000,0,71.24,2.542,2.559,389550000,1717228000,1688666000,1688666000,0,0.092,0.269,0.204,0.189,11601000,584823000,1.0,60262795,60652000,61151000,27.842,1000643000,30570000,89751000,119668000,16.988,420815000
NDSN,MRY,2016-12-31,2016-10-31,2016-10-31,2018-03-05,-168247000,2420583000,2379883000,745575000,1675008000,0.76,14.887,-59551000,67239000,67239000,815495000,271843000,2.249,1.842,997163000,44678000,952485000,997163000,0,70304000,26175000,0.01,0.99,389816000,460120000,0.254,460120000,389816000,368494000,4.76,4.73,4.76,851603000,762554500,851603000,6711207768,17,14.586,271607000,4.76,1.0,993499000,0.549,1367439000,21322000,1651525000,1754562000,220361000,0,0,0,1568980000,331543000,1237437000,5726641768,16971000,-42650000,-21945000,-135375000,-56436000,-210280000,-102201000,0,331158000,-1706000,271843000,271843000,271843000,0,0,0.15,605068000,388431000,75130000,0.208,6.725,21.066,21.036,273129000,0,100.13,3.166,3.158,428560000,1932635000,1808994000,1808994000,0,0.114,0.356,0.222,0.215,14735000,594293000,1.0,57192068,57060000,57530000,31.703,1053144000,10681000,96651000,84598000,18.41,414032000
NDSN,MRY,2017-12-31,2017-10-31,2017-10-31,2018-03-05,-134435000,3414539000,3161830500,888372000,2526167000,0.654,20.044,-67551000,90383000,90383000,927981000,295802000,1.371,1.955,1587797000,331400000,1256397000,1587797000,0,90854000,34654000,0.009,1.11,456892000,547746000,0.265,547746000,456892000,420291000,5.14,5.08,5.14,1155493000,1024009250,1155493000,8900245333,19,16.249,282122000,4.904,1.0,1139001000,0.551,2136390000,36601000,2127817000,2144995000,264266000,0,0,0,2259046000,647746000,1611300000,7309035333,23144000,-805943000,10870000,593720000,-63840000,547829000,-877964000,-4470000,349673000,3606000,295802000,295802000,295802000,0,0,0.143,681299000,457702000,86016000,0.216,6.325,24.709,24.648,346411000,0,126.69,3.536,3.526,505087000,2164597000,2066982000,2066982000,0,0.094,0.289,0.213,0.221,13089000,678861000,1.0,57692283,57533000,58204000,35.927,1278149000,11020000,124489000,156400000,22.172,240626000
