ticker,dimension,calendardate,datekey,reportperiod,lastupdated,accoci,assets,assetsavg,assetsc,assetsnc,assetturnover,bvps,capex,cashneq,cashnequsd,cor,consolinc,currentratio,de,debt,debtc,debtnc,debtusd,deferredrev,depamor,deposits,divyield,dps,ebit,ebitda,ebitdamargin,ebitdausd,ebitusd,ebt,eps,epsdil,epsusd,equity,equityavg,equityusd,ev,evebit,evebitda,fcf,fcfps,fxusd,gp,grossmargin,intangibles,intexp,invcap,invcapavg,inventory,investments,investmentsc,investmentsnc,liabilities,liabilitiesc,liabilitiesnc,marketcap,ncf,ncfbus,ncfcommon,ncfdebt,ncfdiv,ncff,ncfi,ncfinv,ncfo,ncfx,netinc,netinccmn,netinccmnusd,netincdis,netincnci,netmargin,opex,opinc,payables,payoutratio,pb,pe,pe1,ppnenet,prefdivis,price,ps,ps1,receivables,retearn,revenue,revenueusd,rnd,roa,roe,roic,ros,sbcomp,sgna,sharefactor,sharesbas,shareswa,shareswadil,sps,tangibles,taxassets,taxexp,taxliabilities,tbvps,workingcapital
NEOG,MRY,2011-12-31,2011-05-31,2011-05-31,2018-03-29,-394000,219662000,205802000,122502000,97160000,0.839,4.067,-7796000,35844000,35844000,84891000,22795000,6.883,0.163,0,0,0,0,0,5329000,0,0.0,0.0,35239000,40568000,0.235,40568000,35239000,35239000,0.495,0.48,0.495,188645000,174689750,188645000,992212600,28,24.458,21047000,0.454,1.0,87792000,0.508,68756000,0,97265000,76206250,31994000,20239000,20239000,0,30684000,17797000,12887000,1039839600,13038000,0,0,0,0,12034000,-28035000,-20239000,28843000,196000,22839000,22839000,22839000,0,-44000,0.132,51957000,35835000,8516000,0.0,5.512,45.529,45.293,22340000,0,22.42,6.022,6.022,28634000,104064000,172683000,172683000,6825000,0.111,0.131,0.462,0.204,-755000,45132000,1.0,46380000,46380000,,3.723,150906000,1044000,12400000,8347000,3.254,104705000
NEOG,MRY,2012-12-31,2012-05-31,2012-05-31,2018-03-29,-1227000,251600000,238471750,143941000,107659000,0.772,4.646,-12413000,49045000,49045000,91621000,22389000,7.205,0.149,0,0,0,0,0,6173000,0,0.0,0.0,33963000,40136000,0.218,40136000,33963000,33963000,0.48,0.465,0.48,218839000,206886250,218839000,874475601,25,21.788,9864000,0.209,1.0,92425000,0.502,69148000,0,113428000,113974750,34992000,19600000,19600000,0,32546000,19979000,12567000,917173601,13201000,-4011000,5797000,0,0,6876000,-15785000,639000,22277000,-167000,22513000,22513000,22513000,0,-124000,0.122,58686000,33739000,10760000,0.0,4.191,40.74,40.563,29933000,0,19.47,4.983,4.983,35652000,126695000,184046000,184046000,6636000,0.094,0.109,0.298,0.185,626000,52050000,1.0,47107016,47107016,,3.907,182452000,1328000,11450000,10783000,3.873,123962000
NEOG,MRY,2013-12-31,2013-05-31,2013-05-31,2018-03-29,-1372000,290558000,275512750,168447000,122111000,0.753,5.397,-8897000,50032000,50032000,98034000,27041000,9.507,0.125,0,0,0,0,0,7411000,0,0.0,0.0,41290000,48701000,0.235,48701000,41290000,41290000,0.57,0.563,0.57,258221000,242590000,258221000,1254161679,30,25.752,17664000,0.369,1.0,109494000,0.528,78496000,0,144311000,133970250,38315000,35337000,35337000,0,32271000,17719000,14552000,1303022679,987000,-13318000,9533000,0,0,12491000,-37952000,-15737000,26561000,-113000,27190000,27190000,27190000,0,-149000,0.131,68788000,40706000,9212000,0.0,5.046,47.923,47.781,34345000,0,27.235,6.279,6.279,38737000,153885000,207528000,207528000,7781000,0.099,0.112,0.308,0.199,-49000,61007000,1.0,47843682,47843682,,4.338,212062000,1462000,14100000,12614000,4.432,150728000
NEOG,MRY,2014-12-31,2014-05-31,2014-05-31,2018-03-29,371000,345301000,325875250,188746000,156555000,0.759,6.266,-11543000,40675000,40675000,124807000,28031000,7.56,0.127,0,0,0,0,0,9180000,0,0.0,0.0,43158000,52338000,0.212,52338000,43158000,43158000,0.578,0.57,0.578,306361000,287556250,306361000,1342365094,31,25.648,10125000,0.207,1.0,122598000,0.496,103102000,0,176557000,163764500,51178000,35821000,35821000,0,39001000,24967000,14034000,1385642094,-9357000,-39265000,14851000,0,0,19608000,-51292000,-484000,21668000,659000,28158000,28158000,28158000,0,-127000,0.114,79207000,43391000,13396000,0.0,4.523,49.21,49.035,41949000,0,28.343,5.601,5.601,51901000,182043000,247405000,247405000,8326000,0.086,0.098,0.264,0.174,-1071000,70881000,1.0,48889198,48889197,,5.061,242199000,1710000,15000000,12155000,4.954,163779000
NEOG,MRY,2015-12-31,2015-05-31,2015-05-31,2018-03-29,-2442000,392181000,373548750,231195000,160986000,0.758,7.106,-9619000,66061000,66061000,143389000,33576000,9.082,0.117,0,0,0,0,0,10649000,0,0.0,0.0,52026000,62675000,0.221,62675000,52026000,52026000,0.682,0.675,0.682,350974000,333361250,350974000,1673861802,32,26.707,34173000,0.692,1.0,139685000,0.493,116513000,0,184151000,175654250,51601000,48103000,48103000,0,41218000,25456000,15762000,1731345802,25386000,-6554000,8558000,0,0,11033000,-28455000,-12282000,43792000,-984000,33526000,33526000,33526000,0,50000,0.118,86567000,53118000,13691000,0.0,4.933,51.642,51.4,44473000,0,35.055,6.116,6.116,59208000,215569000,283074000,283074000,9577000,0.09,0.101,0.296,0.184,1975000,76990000,1.0,49389411,49389411,,5.731,275668000,1991000,18500000,14986000,5.582,205739000
NEOG,MRY,2016-12-31,2016-05-31,2016-05-31,2018-03-29,-3946000,449940000,429337500,248226000,201714000,0.748,8.079,-14222000,55257000,55257000,168211000,36538000,8.68,0.113,0,0,0,0,0,12181000,0,0.0,0.0,55539000,67720000,0.211,67720000,55539000,55539000,0.735,0.728,0.735,404198000,383975000,404198000,1785685068,32,26.369,21109000,0.422,1.0,153064000,0.476,128585000,0,237500000,220102000,64371000,52539000,52539000,0,45779000,28598000,17181000,1852547068,-10804000,-42491000,12363000,0,0,15308000,-61149000,-4436000,35331000,-294000,36564000,36564000,36564000,0,-26000,0.114,96678000,56386000,15800000,0.0,4.583,50.666,50.378,54683000,0,37.028,5.766,5.766,67652000,252133000,321275000,321275000,9890000,0.085,0.095,0.252,0.173,2523000,86788000,1.0,50031654,50031653,,6.421,321355000,0,18975000,14758000,6.423,219628000
NEOG,MRY,2017-12-31,2017-05-31,2017-05-31,2018-03-29,-7203000,528409000,497908250,292961000,235448000,0.726,9.279,-14578000,77567000,77567000,189626000,43973000,8.137,0.12,0,0,0,0,0,14691000,0,0.0,0.0,66493000,81184000,0.225,81184000,66493000,66493000,0.87,0.855,0.87,471614000,443771250,471614000,2352699300,35,28.98,45696000,0.899,1.0,171968000,0.476,173700000,0,241140000,230642000,73144000,66068000,66068000,0,56652000,36002000,20650000,2412582300,22310000,-34029000,21148000,0,0,25070000,-62136000,-13529000,60274000,-898000,43793000,43793000,43793000,0,180000,0.121,107023000,64945000,16244000,0.0,5.116,55.091,54.56,61748000,0,47.468,6.672,6.672,68576000,295926000,361594000,361594000,10385000,0.088,0.099,0.288,0.184,1339000,96638000,1.0,50825982,50825981,,7.114,354709000,0,22700000,17984000,6.979,256959000
