ticker,dimension,calendardate,datekey,reportperiod,lastupdated,accoci,assets,assetsavg,assetsc,assetsnc,assetturnover,bvps,capex,cashneq,cashnequsd,cor,consolinc,currentratio,de,debt,debtc,debtnc,debtusd,deferredrev,depamor,deposits,divyield,dps,ebit,ebitda,ebitdamargin,ebitdausd,ebitusd,ebt,eps,epsdil,epsusd,equity,equityavg,equityusd,ev,evebit,evebitda,fcf,fcfps,fxusd,gp,grossmargin,intangibles,intexp,invcap,invcapavg,inventory,investments,investmentsc,investmentsnc,liabilities,liabilitiesc,liabilitiesnc,marketcap,ncf,ncfbus,ncfcommon,ncfdebt,ncfdiv,ncff,ncfi,ncfinv,ncfo,ncfx,netinc,netinccmn,netinccmnusd,netincdis,netincnci,netmargin,opex,opinc,payables,payoutratio,pb,pe,pe1,ppnenet,prefdivis,price,ps,ps1,receivables,retearn,revenue,revenueusd,rnd,roa,roe,roic,ros,sbcomp,sgna,sharefactor,sharesbas,shareswa,shareswadil,sps,tangibles,taxassets,taxexp,taxliabilities,tbvps,workingcapital
NG,MRY,2011-12-31,2011-11-30,2011-11-30,2018-04-04,14484000,519730000,548837500,76672000,443058000,0.0,0.932,0,60572000,60572000,0,45141000,1.853,1.361,132859000,0,132859000,132859000,0,1106000,0,0.0,0.0,94266000,95372000,,95372000,94266000,80123000,0.19,0.07,0.19,220145000,-66558000,220145000,2654626167,28,27.834,-49746000,-0.211,1.0,0,,0,14143000,550641000,537942500,491000,393646000,0,393646000,299585000,41376000,258209000,2681064167,-88425000,-40606000,14182000,0,0,-2435000,-36973000,-273000,-49746000,729000,64767000,64767000,64767000,0,-19626000,,76896000,-76896000,14802000,0.0,12.179,41.396,60.474,2120000,0,11.49,,,18111000,-1570117000,0,0,7404000,0.118,-0.973,0.175,,8987000,26218000,1.0,233338918,236124000,236124000,0.0,519730000,3221000,15356000,6887000,2.201,35296000
NG,MRY,2012-12-31,2012-11-30,2012-11-30,2018-04-04,97308000,685242000,602486000,258870000,426372000,0.0,1.751,-100000,254667000,254667000,0,-11829000,2.28,0.437,141712000,73606000,68106000,141712000,0,104000,0,0.158,0.7,-4272000,-4168000,,-4168000,-4272000,-19577000,-0.05,-0.05,-0.05,476811000,348478000,476811000,1132127455,-265,-271.624,-54158000,-0.199,1.0,0,,0,15305000,458763000,504702000,0,342171000,0,342171000,208431000,113524000,94907000,1065531455,195300000,-34742000,323585000,0,0,283585000,-34842000,0,-54058000,132000,-11829000,-11829000,-11829000,4243000,0,,39612000,-39612000,5708000,-14.0,2.235,-90.078,-88.8,59100000,0,4.44,,,0,-1536859000,0,0,363000,-0.02,-0.034,-0.008,,16902000,39145000,1.0,239984562,272243000,272243000,0.0,685242000,15679000,-7748000,26546000,2.517,145346000
NG,MRY,2013-12-31,2013-11-30,2013-11-30,2018-04-04,64504000,578686000,631964000,196811000,381875000,0.0,1.471,0,81262000,81262000,0,-62760000,45.213,0.243,85298000,0,85298000,85298000,0,37000,0,0.0,0.0,-58864000,-58827000,,-58827000,-58864000,-58864000,-0.2,-0.2,-0.2,465649000,471230000,465649000,448193875,-7,-7.619,-19491000,-0.062,1.0,0,,0,0,578369000,518566000,0,418735000,110000000,308735000,113037000,4353000,108684000,561563875,-173405000,-18793000,54359000,-79171000,0,-24812000,-128846000,-110000000,-19491000,-256000,-62760000,-62760000,-62760000,0,0,,55776000,-55776000,3492000,0.0,1.206,-8.948,-11.7,54813000,0,2.34,,,0,-1599619000,0,0,0,-0.099,-0.133,-0.114,,11685000,26991000,1.0,239984562,313372000,313372000,0.0,578686000,9728000,3896000,23303000,1.828,192458000
NG,MRY,2014-12-31,2014-11-30,2014-11-30,2018-04-04,34845000,524546000,545068250,169060000,355486000,0.0,1.277,0,165325000,165325000,0,-40484000,8.793,0.295,91265000,15112000,76153000,91265000,0,0,0,0.0,0.0,-40221000,-40221000,,-40221000,-40221000,-40221000,-0.13,-0.13,-0.13,405116000,429816750,405116000,894742182,-22,-22.246,-9808000,-0.031,1.0,0,,0,0,431260000,524982250,0,284865000,0,284865000,119430000,19226000,100204000,875716182,-10937000,-15946000,0,0,0,0,-967000,15000000,-9808000,-162000,-40484000,-40484000,-40484000,0,0,,38008000,-38008000,3489000,0.0,2.162,-21.631,-21.231,50897000,0,2.76,,,0,-1640103000,0,0,0,-0.074,-0.094,-0.077,,9561000,22082000,1.0,317288472,317203000,317203000,0.0,524546000,11445000,263000,24051000,1.653,149834000
NG,MRY,2015-12-31,2015-11-30,2015-11-30,2018-04-04,-17685000,433584000,456646000,130041000,303543000,0.0,1.036,0,126731000,126731000,0,-31952000,36.975,0.317,80261000,0,80261000,80261000,0,0,0,0.0,0.0,-31799000,-31799000,,-31799000,-31799000,-31799000,-0.1,-0.1,-0.1,329296000,349726000,329296000,1223202979,-38,-38.467,-10599000,-0.033,1.0,0,,0,0,383597000,460307500,0,243964000,0,243964000,104288000,3517000,100771000,1188970979,-28594000,-10964000,0,-15829000,0,-16656000,-964000,10000000,-10599000,-375000,-31952000,-31952000,-31952000,0,0,,31696000,-31696000,3066000,0.0,3.611,-37.211,-37.4,43605000,0,3.74,,,0,-1672055000,0,0,0,-0.07,-0.091,-0.069,,9488000,19922000,1.0,317906679,317850000,317850000,0.0,433584000,9711000,153000,20510000,1.364,126524000
NG,MRY,2016-12-31,2016-11-30,2016-11-30,2018-04-04,-18860000,408261000,417962000,107338000,300923000,0.0,0.938,0,105274000,105274000,0,-33846000,35.181,0.36,84812000,0,84812000,84812000,0,0,0,0.0,0.0,-33569000,-33569000,,-33569000,-33569000,-33569000,-0.11,-0.11,-0.11,300263000,311986750,300263000,1440877405,-42,-42.923,-7421000,-0.023,1.0,0,,0,0,384748000,388085750,0,242355000,0,242355000,107998000,3051000,104947000,1465672405,-11457000,-9732000,0,0,0,-4275000,268000,10000000,-7421000,-29000,-33846000,-33846000,-33846000,0,0,,30147000,-30147000,652000,0.0,4.881,-43.304,-41.636,43359000,0,4.58,,,0,-1705901000,0,0,0,-0.081,-0.108,-0.086,,10263000,20179000,1.0,320015809,319774000,319774000,0.0,408261000,9397000,277000,20135000,1.276,104287000
NG,MRY,2017-12-31,2017-11-30,2017-11-30,2018-04-04,-6175000,398869000,403217500,84837000,314032000,0.0,0.882,0,83954000,83954000,0,-39016000,24.792,0.404,90040000,0,90040000,90040000,0,0,0,0.0,0.0,-38284000,-38284000,,-38284000,-38284000,-38284000,-0.12,-0.12,-0.12,284029000,291934500,284029000,1238966046,-32,-32.363,-8280000,-0.026,1.0,0,,0,0,401533000,397749250,0,252561000,0,252561000,114840000,3422000,111418000,1238815046,-2320000,-12968000,0,0,0,-196000,6004000,19000000,-8280000,152000,-39016000,-39016000,-39016000,0,0,,33697000,-33697000,727000,0.0,4.362,-31.751,-32.083,45179000,0,3.85,,,0,-1744917000,0,0,0,-0.097,-0.134,-0.096,,10293000,20802000,1.0,321770142,321659000,321659000,0.0,398869000,9761000,732000,21378000,1.239,81415000
