ticker,dimension,calendardate,datekey,reportperiod,lastupdated,accoci,assets,assetsavg,assetsc,assetsnc,assetturnover,bvps,capex,cashneq,cashnequsd,cor,consolinc,currentratio,de,debt,debtc,debtnc,debtusd,deferredrev,depamor,deposits,divyield,dps,ebit,ebitda,ebitdamargin,ebitdausd,ebitusd,ebt,eps,epsdil,epsusd,equity,equityavg,equityusd,ev,evebit,evebitda,fcf,fcfps,fxusd,gp,grossmargin,intangibles,intexp,invcap,invcapavg,inventory,investments,investmentsc,investmentsnc,liabilities,liabilitiesc,liabilitiesnc,marketcap,ncf,ncfbus,ncfcommon,ncfdebt,ncfdiv,ncff,ncfi,ncfinv,ncfo,ncfx,netinc,netinccmn,netinccmnusd,netincdis,netincnci,netmargin,opex,opinc,payables,payoutratio,pb,pe,pe1,ppnenet,prefdivis,price,ps,ps1,receivables,retearn,revenue,revenueusd,rnd,roa,roe,roic,ros,sbcomp,sgna,sharefactor,sharesbas,shareswa,shareswadil,sps,tangibles,taxassets,taxexp,taxliabilities,tbvps,workingcapital
NICK,MRY,2011-12-31,2011-03-31,2011-03-31,2018-02-09,0,243643125,233937462,,,0.315,9.767,-351112,2017540,2017540,12866,16768294,,1.115,118000000,,,118000000,1107907,266686,0,0.0,0.0,32886985,33153671,0.45,33153671,32886985,27287034,1.44,1.41,1.44,115213468,108082257,115213468,258572215,7,7.799,21006512,1.781,1.0,73702213,1.0,0,5599951,359625585,347522399,0,0,,,128429657,,,143907052,483646,0,55610,11662431,0,11796464,-32670442,-32334321,21357624,0,16768294,16768294,16768294,0,0,0.227,25698820,48003393,9087996,0.0,1.249,8.582,8.472,771311,0,12.2,1.952,1.952,230163854,88875737,73715079,73715079,0,0.072,0.155,0.095,0.446,660328,25432134,1.0,11795660,11795660,,6.249,243643125,8954665,10518740,233754,20.655,
NICK,MRY,2012-12-31,2012-03-31,2012-03-31,2018-02-09,0,256560144,253425683,,,0.318,11.29,-248367,2803054,2803054,12177,22221759,,0.897,112000000,,,112000000,1082475,287839,0,0.023,0.3,41040129,41327968,0.513,41327968,41040129,36148275,1.89,1.85,1.89,135263161,128307284,135263161,269301851,6,6.516,21626512,1.805,1.0,80502873,1.0,0,4891854,365757090,365367765,0,0,,,121296983,,,158021937,785514,0,830277,-6276530,-3593021,-8333151,-12756214,-12189986,21874879,0,22221759,22221759,22221759,0,0,0.276,26915500,53587373,8214508,0.159,1.168,7.111,6.979,758784,0,13.19,1.963,1.963,241253430,106837118,80515050,80515050,0,0.088,0.173,0.112,0.51,551912,26068146,1.0,11980435,11980435,,6.721,256560144,9620835,13926516,0,21.415,
NICK,MRY,2013-12-31,2013-03-31,2013-03-31,2018-02-09,0,263835468,263514377,,,0.312,10.471,-256052,2797716,2797716,0,19940946,,1.078,125500000,,,125500000,1363630,284594,0,0.167,2.46,37606982,37891576,0.461,37891576,37606982,32486155,1.66,1.63,1.66,126965096,134024434,126965096,304083912,8,8.025,25389103,2.094,1.0,82110446,1.0,0,5120827,386537752,378205300,0,0,,,136870372,,,178250568,-5338,0,612465,13994232,-29844516,-15081783,-10568710,-10481995,25645155,0,19940946,19940946,19940946,0,0,0.243,29114510,52995936,9501890,1.482,1.404,8.939,8.855,741581,0,14.7,2.171,2.171,249825801,96933548,82110446,82110446,0,0.076,0.149,0.099,0.458,812004,27936872,1.0,12125889,12125889,,6.771,263835468,8529960,12545209,0,21.758,
NICK,MRY,2014-12-31,2014-03-31,2014-03-31,2018-02-09,0,283429579,276552427,,,0.299,11.617,-382000,2635036,2635036,0,16703000,,0.997,127900000,,,127900000,2328544,318000,0,0.015,0.24,34195000,34513000,0.418,34513000,34195000,28517000,1.38,1.36,1.38,141937555,136744350,141937555,315092973,9,9.13,20984000,1.718,1.0,82629000,1.0,0,5678000,408694543,400818521,0,0,,,141492024,,,192182439,-163000,0,329000,2642000,-2851000,351000,-21880000,-21005000,21366000,0,16703000,16703000,16703000,0,0,0.202,34143000,48486000,11263480,0.174,1.354,11.506,11.399,869693,0,15.73,2.326,2.326,269343595,110785774,82629000,82629000,0,0.06,0.122,0.085,0.414,535000,30166000,1.0,12217574,12217574,,6.763,283429579,7810278,11814000,0,23.199,
NICK,MRY,2015-12-31,2015-03-31,2015-03-31,2018-02-09,0,302529000,296522225,,,0.293,7.302,-375000,3388000,3388000,0,16856000,,2.366,199000000,,,199000000,3143000,366000,0,0.0,0.0,32066000,32432000,0.374,32432000,32066000,26096000,1.4,1.38,1.4,89888000,136033959,89888000,299837606,9,9.245,24117000,1.959,1.0,86790000,1.0,0,5970000,498141000,441298064,0,0,,,212641000,,,172473397,753000,0,-70020000,71237000,0,1499000,-25238000,-24812000,24492000,0,16856000,16856000,16856000,0,0,0.194,33989000,52801000,10317000,0.0,1.919,10.232,10.007,872000,0,14.01,1.987,1.987,288904000,127642000,86790000,86790000,0,0.057,0.124,0.073,0.369,514000,33623000,1.0,12310735,12310735,,7.05,302529000,6474000,9240000,0,24.574,
NICK,MRY,2016-12-31,2016-03-31,2016-03-31,2018-02-09,0,325309000,320858232,,,0.283,8.252,-852000,1849000,1849000,0,12379000,,2.163,211000000,,,211000000,3917000,458000,0,0.0,0.0,29112000,29570000,0.326,29570000,29112000,20105000,1.6,1.59,1.6,102849000,98410527,102849000,344473038,11,11.649,21556000,1.73,1.0,90707000,1.0,0,9007000,534460000,528458945,0,0,,,222460000,,,134478845,-1539000,0,35000,11023000,0,11044000,-34991000,-33738000,22408000,0,12379000,12379000,12379000,0,0,0.136,35293000,55414000,7338000,0.0,1.308,10.863,6.744,1290000,0,10.79,1.483,1.483,311837000,140021000,90707000,90707000,0,0.039,0.126,0.055,0.321,574000,34835000,1.0,12463285,12463285,,7.278,325309000,7208000,7726000,0,26.101,
NICK,MRY,2017-12-31,2017-03-31,2017-03-31,2018-02-09,0,333612000,332287750,,,0.272,8.712,-719000,2855000,2855000,0,5409000,,2.065,213000000,,,213000000,3969000,492000,0,0.0,0.0,17962000,18454000,0.204,18454000,17962000,8740000,0.7,0.69,0.7,108860000,108136000,108860000,343498796,19,18.614,26602000,2.129,1.0,90466000,1.0,0,9222000,543757000,539913250,0,0,,,224752000,,,132822796,1006000,0,50000,2352000,0,2388000,-28703000,-27679000,27321000,0,5409000,5409000,5409000,0,0,0.06,35549000,54917000,7783000,0.0,1.22,24.556,15.186,1184000,0,10.63,1.468,1.468,317205000,145430000,90466000,90466000,0,0.016,0.05,0.033,0.199,607000,35057000,1.0,12495089,12495089,,7.24,333612000,9224000,3331000,0,26.699,
