ticker,dimension,calendardate,datekey,reportperiod,lastupdated,accoci,assets,assetsavg,assetsc,assetsnc,assetturnover,bvps,capex,cashneq,cashnequsd,cor,consolinc,currentratio,de,debt,debtc,debtnc,debtusd,deferredrev,depamor,deposits,divyield,dps,ebit,ebitda,ebitdamargin,ebitdausd,ebitusd,ebt,eps,epsdil,epsusd,equity,equityavg,equityusd,ev,evebit,evebitda,fcf,fcfps,fxusd,gp,grossmargin,intangibles,intexp,invcap,invcapavg,inventory,investments,investmentsc,investmentsnc,liabilities,liabilitiesc,liabilitiesnc,marketcap,ncf,ncfbus,ncfcommon,ncfdebt,ncfdiv,ncff,ncfi,ncfinv,ncfo,ncfx,netinc,netinccmn,netinccmnusd,netincdis,netincnci,netmargin,opex,opinc,payables,payoutratio,pb,pe,pe1,ppnenet,prefdivis,price,ps,ps1,receivables,retearn,revenue,revenueusd,rnd,roa,roe,roic,ros,sbcomp,sgna,sharefactor,sharesbas,shareswa,shareswadil,sps,tangibles,taxassets,taxexp,taxliabilities,tbvps,workingcapital
NMR,MRY,2011-12-31,2011-03-31,2011-03-31,2017-06-30,-129696000000,36692990000000,34461709000000,,,0.033,567.656,-76462000000,1959759000000,23642769509,92088000000,31925000000,,16.613,21546241000000,,,259936456345,0,75587000000,0,0.015,0.08,89991000000,165578000000,0.146,1997553010,1085662303,89991000000,7.9,7.86,0.095,2082754000000,2104841500000,25126596059,207425339266,191,103.84,-311552000000,-84.914,82.89,1038610000000,0.919,0,0,56279472000000,48557774500000,0,27027769000000,,,34601354000000,,,19079031992,599693000000,-3366000000,-37370000000,982342000000,-29083000000,1284243000000,-423214000000,-343337000000,-235090000000,-26246000000,28661000000,28661000000,345769769,0,3264000000,0.025,945355000000,93255000000,1291108000000,0.839,0.759,55.178,54.561,392036000000,0,5.2,1.399,1.399,956538000000,1069334000000,1130698000000,13640877372,0,0.001,0.014,0.002,0.08,18638000000,819907000000,1.0,3669044614,3669044614,,3.718,36692990000000,0,61330000000,0,10000.693,
NMR,MRY,2012-12-31,2012-03-31,2012-03-31,2017-06-30,-145149000000,35697312000000,36195151000000,,,0.042,585.201,-62133000000,1723982000000,20779985126,93500000000,26054000000,,15.807,20509698000000,,,247213265213,0,100572000000,0,0.016,0.07,70486000000,171058000000,0.111,2061844436,849601696,70486000000,3.18,3.14,0.038,2107241000000,2094997500000,25399590388,124825801606,146,60.541,228730000000,63.52,82.964,1442359000000,0.939,0,0,54483028000000,55381250000000,0,24224613000000,,,33308175000000,,,15879911370,-549820000000,37743000000,-8277000000,-924015000000,-29066000000,-844311000000,9942000000,34970000000,290863000000,-6314000000,11583000000,11583000000,139615476,0,14471000000,0.008,1357402000000,84957000000,1532717000000,1.826,0.625,113.74,115.053,1045950000000,0,4.41,0.858,0.858,918051000000,1058945000000,1535859000000,18512448028,0,0.0,0.006,0.001,0.046,26869000000,861175000000,1.0,3600886932,3600886932,,5.141,35697312000000,0,58903000000,0,9913.478,
NMR,MRY,2013-12-31,2013-03-31,2013-03-31,2017-06-30,-57395000000,37942439000000,36819875500000,,,0.049,626.281,-124322000000,1383008000000,14681689490,91388000000,105691000000,,15.526,21581637000000,,,229105611194,0,91493000000,0,0.013,0.08,239273000000,330766000000,0.182,3511334501,2540066210,239273000000,29.04,28.37,0.308,2294371000000,2200806000000,24356505962,258160527561,101,73.522,425179000000,116.059,94.2,1722243000000,0.95,0,0,58141068000000,56312048000000,0,28385021000000,,,35623456000000,,,22603695632,-265433000000,-7310000000,49000000,-816326000000,-14730000000,-701623000000,-160486000000,-28626000000,549501000000,47175000000,107234000000,107234000000,1138371065,0,-1543000000,0.059,1484513000000,237730000000,1341667000000,0.26,0.928,19.856,20.014,428241000000,0,6.17,1.174,1.174,1054381000000,1136523000000,1813631000000,19253082550,0,0.003,0.049,0.004,0.132,21955000000,868050000000,1.0,3663483895,3663483895,,5.255,37942439000000,0,132039000000,0,10356.928,
NMR,MRY,2014-12-31,2014-03-31,2014-03-31,2017-06-30,20636000000,43520314000000,40731376500000,,,0.038,677.366,-37656000000,1853474000000,18015147301,111849000000,216449000000,,16.298,23581384000000,,,229203164618,0,79468000000,0,0.023,0.15,358756000000,438224000000,0.281,4259390696,3486988317,358756000000,57.57,55.81,0.56,2513680000000,2404025500000,24432128785,230594450720,66,54.138,419770000000,113.116,102.884,1445221000000,0.928,0,0,65248224000000,61694646000000,0,31165784000000,,,40967101000000,,,23861474420,684705000000,43298000000,-31829000000,396766000000,-51947000000,289385000000,-103195000000,-112013000000,457426000000,41089000000,213591000000,213591000000,2076033074,0,2858000000,0.137,1083607000000,361614000000,1722692000000,0.268,0.977,11.494,11.491,408917000000,0,6.43,1.577,1.577,1242803000000,1287003000000,1557070000000,15134199567,0,0.005,0.089,0.006,0.23,21091000000,880853000000,1.0,3710960252,3710960252,,4.078,43520314000000,0,145165000000,0,11727.507,
NMR,MRY,2015-12-31,2015-03-31,2015-03-31,2017-06-30,143739000000,41783236000000,42651775000000,,,0.038,728.36,-49988000000,1643559000000,13706570661,129977000000,225979000000,,14.417,21884319000000,,,182505748047,0,78882000000,0,0.024,0.14,345565000000,424447000000,0.265,3539704262,2881862525,345565000000,61.66,60.03,0.514,2707774000000,2610727000000,22581663126,235149285291,81,66.432,-127016000000,-34.166,119.91,1474199000000,0.919,0,0,62023996000000,63636110000000,0,28737610000000,,,39038290000000,,,21822490811,-174384000000,-5096000000,-103660000000,-159800000000,-55317000000,-178206000000,12337000000,67192000000,-77028000000,68513000000,224785000000,224785000000,1874609604,0,1194000000,0.14,1127440000000,346759000000,2178200000000,0.272,0.966,11.641,11.415,401069000000,0,5.87,1.631,1.631,1487349000000,1437940000000,1604176000000,13378133488,0,0.005,0.086,0.005,0.215,19364000000,900235000000,1.0,3717630462,3717630462,,3.599,41783236000000,0,120780000000,0,11239.212,
NMR,MRY,2016-12-31,2016-03-31,2016-03-31,2017-06-30,44980000000,41090167000000,41436701500000,,,0.034,750.303,-42249000000,3672893000000,32707159832,123881000000,142562000000,,14.201,23461043000000,,,208920892397,0,79394000000,0,0.023,0.1,154146000000,233540000000,0.167,2079676730,1372672130,154146000000,36.53,35.52,0.325,2700239000000,2704006500000,24045663339,179408066337,130,86.267,1196123000000,332.361,112.296,1271800000000,0.911,0,0,60878317000000,61451156500000,0,28624836000000,,,38347152000000,,,15978961545,2160853000000,1803000000,-19431000000,78500000000,-82783000000,986387000000,-23711000000,16946000000,1238372000000,-40195000000,131550000000,131550000000,1171454457,0,11012000000,0.094,1106642000000,165158000000,2026127000000,0.307,0.665,13.64,13.649,355507000000,0,4.44,1.286,1.286,1363975000000,1516577000000,1395681000000,12428557418,0,0.003,0.049,0.003,0.11,16890000000,878404000000,1.0,3598865213,3598865213,,3.453,41090167000000,0,22596000000,0,11417.534,
NMR,MRY,2017-12-31,2017-03-31,2017-03-31,2017-06-30,33652000000,42852078000000,41971122500000,,,0.033,773.174,-73696000000,2744632000000,24772388396,94495000000,242566000000,,14.34,25172424000000,,,227200245501,0,70928000000,0,0.011,0.07,319846000000,390774000000,0.278,3527032149,2886853078,319846000000,67.29,65.65,0.607,2789916000000,2745077500000,25181110890,210131900529,72,59.578,1231329000000,341.24,110.794,1308702000000,0.933,0,0,65279870000000,63079093500000,0,29866654000000,,,40008287000000,,,22624617833,-939421000000,809000000,-60937000000,-958706000000,-42833000000,-2130644000000,-118051000000,68128000000,1305025000000,4249000000,239617000000,239617000000,2162725418,0,2949000000,0.171,985907000000,322795000000,2575592000000,0.115,0.898,10.461,10.324,349696000000,0,6.27,1.786,1.786,1221600000000,1663234000000,1403197000000,12664918677,0,0.006,0.087,0.005,0.228,8960000000,776612000000,1.0,3608391999,3608391999,,3.51,42852078000000,0,80229000000,0,11875.671,
