ticker,dimension,calendardate,datekey,reportperiod,lastupdated,accoci,assets,assetsavg,assetsc,assetsnc,assetturnover,bvps,capex,cashneq,cashnequsd,cor,consolinc,currentratio,de,debt,debtc,debtnc,debtusd,deferredrev,depamor,deposits,divyield,dps,ebit,ebitda,ebitdamargin,ebitdausd,ebitusd,ebt,eps,epsdil,epsusd,equity,equityavg,equityusd,ev,evebit,evebitda,fcf,fcfps,fxusd,gp,grossmargin,intangibles,intexp,invcap,invcapavg,inventory,investments,investmentsc,investmentsnc,liabilities,liabilitiesc,liabilitiesnc,marketcap,ncf,ncfbus,ncfcommon,ncfdebt,ncfdiv,ncff,ncfi,ncfinv,ncfo,ncfx,netinc,netinccmn,netinccmnusd,netincdis,netincnci,netmargin,opex,opinc,payables,payoutratio,pb,pe,pe1,ppnenet,prefdivis,price,ps,ps1,receivables,retearn,revenue,revenueusd,rnd,roa,roe,roic,ros,sbcomp,sgna,sharefactor,sharesbas,shareswa,shareswadil,sps,tangibles,taxassets,taxexp,taxliabilities,tbvps,workingcapital
NOA,MRY,2011-12-31,2011-03-31,2011-03-31,2018-02-13,-59000,682957000,694938500,251364000,431593000,0.96,4.085,-36845000,722000,744072,622585000,-34650000,1.516,3.638,305663000,14862000,290801000,315007378,2004000,37212000,0,0.0,0.0,-17222000,19990000,0.03,20601111,-17748491,-39755000,-0.96,-0.96,-0.989,147266000,164162000,151768047,581811291,-32,28.242,-49023000,-1.36,0.97,44452000,0.067,32901000,22533000,789178000,723650000,7735000,1488000,1488000,0,535691000,165819000,369872000,444487573,-102224000,-1291000,963000,60987000,0,0,-37310000,0,-12178000,-59000,-34650000,-34650000,-35709280,4924000,0,-0.052,52823000,-8371000,86053000,0.0,2.929,-12.447,-12.463,321864000,0,12.33,0.647,0.647,231421000,,667037000,687428890,0,-0.05,-0.211,-0.024,-0.026,8156000,48725000,1.0,36049276,36049276,,19.069,650056000,51649000,-5105000,72053000,18.032,85545000
NOA,MRY,2012-12-31,2012-03-31,2012-03-31,2018-02-13,-19000,749993000,716475000,326964000,423029000,0.936,3.526,-52826000,1400000,1405550,638713000,-21162000,1.284,4.869,314468000,14402000,300066000,315714757,7514000,48929000,0,0.0,0.0,-8251000,40678000,0.061,40839274,-8283712,-30397000,-0.58,-0.58,-0.582,127780000,137523000,128286603,489622537,-59,11.989,4272000,0.118,0.996,32007000,0.048,32901000,22146000,775587000,782382500,11855000,1574000,1574000,0,622213000,254573000,367640000,177588377,638000,0,35000,1927000,0,-337000,-51906000,0,57098000,40000,-21162000,-21162000,-21245900,-4221000,0,-0.032,47361000,-15354000,171130000,0.0,1.384,-8.359,-8.415,312775000,0,4.9,0.264,0.264,300988000,,670720000,673379174,0,-0.03,-0.154,-0.011,-0.012,-3403000,41333000,1.0,36242526,36242526,,18.58,717092000,60442000,-9235000,74300000,19.786,72391000
NOA,MRY,2013-12-31,2013-03-31,2013-03-31,2018-02-13,12000,659938000,704965500,356657000,303281000,0.773,3.529,-28419000,598000,587850,510732000,-1463000,1.865,4.158,312064000,21409000,290655000,306767354,7085000,41416000,0,0.0,0.0,13444000,54860000,0.101,53928864,13215815,-10299000,-0.04,-0.04,-0.039,127944000,127862000,125772413,469985840,35,8.715,24510000,0.676,1.017,33877000,0.062,0,23743000,780202000,777894500,5751000,0,0,0,531994000,191202000,340792000,164579567,-833000,2170000,0,-44370000,0,-848000,-24235000,0,52929000,31000,-1463000,-1463000,-1438168,-26846000,0,-0.003,50398000,-16521000,73727000,0.0,1.309,-114.437,-115.46,274246000,0,4.54,0.307,0.307,156652000,,544609000,535365381,0,-0.002,-0.011,0.017,0.025,1794000,44076000,1.0,36251006,36251006,,14.768,659938000,48367000,-8836000,54603000,18.205,165455000
NOA,MRY,2014-12-31,2014-12-31,2014-12-31,2018-02-13,0,456581000,451111000,150372000,306209000,1.046,5.456,-20758000,956000,822630,420377000,-1169000,1.578,1.408,128324000,22201000,106123000,110421856,0,46575000,0,0.024,0.074,11066000,57641000,0.122,49599655,9522211,-1169000,-0.02,-0.02,-0.017,189579000,190707000,163131332,203706298,21,4.107,20943000,0.603,1.162,51400000,0.109,0,12235000,488662000,472687000,7449000,0,0,0,267002000,95287000,171715000,109103181,-12786000,0,-5626000,-29517000,-2104000,0,-19488000,0,41701000,0,-1169000,-1169000,-1005915,472000,0,-0.002,39887000,11513000,58089000,-4.3,0.669,-108.462,-182.454,260898000,0,3.14,0.269,0.269,110125000,,471777000,405960632,0,-0.003,-0.006,0.023,0.023,70000,33462000,1.0,34746236,34746236,,11.684,456581000,35556000,0,62133000,13.14,55085000
NOA,MRY,2015-12-31,2015-12-31,2015-12-31,2018-02-13,0,360177000,408379000,79089000,281088000,0.689,4.914,-26358000,32351000,23384918,249392000,-7470000,1.27,1.099,110425000,30016000,80409000,79820704,457000,42030000,0,0.041,0.071,2410000,44440000,0.158,32123451,1742068,-7470000,-0.23,-0.23,-0.166,171618000,180598500,124054060,163040571,93,5.075,50741000,1.453,1.383,31890000,0.113,0,9880000,375976000,432319000,2575000,0,0,0,188559000,62275000,126284000,60418374,31395000,0,-8477000,-38016000,-3294000,-50473000,4769000,0,77099000,0,-7470000,-7470000,-5399689,0,0,-0.027,29053000,2837000,25034000,-0.427,0.487,-11.189,-10.406,258752000,0,1.73,0.297,0.297,42301000,,281282000,203324676,0,-0.018,-0.041,0.006,0.009,-306000,26298000,1.0,34923916,34923916,,5.822,360177000,15845000,0,42308000,10.313,16814000
NOA,MRY,2016-12-31,2016-12-31,2016-12-31,2018-02-13,0,350081000,355129000,74946000,275135000,0.6,4.795,-12197000,13666000,10165129,180837000,-445000,1.012,1.202,100835000,32231000,68604000,75003719,1071000,42482000,0,0.02,0.076,5339000,47821000,0.224,35570514,3971288,-445000,-0.01,-0.01,-0.007,158954000,165286000,118234156,184369094,46,5.183,27634000,0.834,1.344,32343000,0.152,0,5784000,363222000,369599000,3437000,0,0,0,191127000,74028000,117099000,127628581,-18685000,0,-12624000,-33460000,-1817000,-48000000,-10516000,0,39831000,0,-445000,-445000,-331002,0,0,-0.002,28420000,3923000,29551000,-10.217,1.079,-385.582,-517.594,256452000,0,3.85,0.805,0.805,56045000,,213180000,158568878,0,-0.001,-0.003,0.014,0.025,6030000,27222000,1.0,33150281,33150281,,4.783,350081000,13807000,0,40221000,10.56,918000
NOA,MRY,2017-12-31,2017-12-31,2017-12-31,2018-02-13,0,383644000,366862500,89280000,294364000,0.797,4.781,-33089000,8186000,6430984,252910000,5264000,1.13,1.629,137034000,29136000,107898000,107654961,824000,45653000,0,0.013,0.062,12207000,57860000,0.198,45455259,9589912,5264000,,,,145924000,152439000,114639013,217457774,22,4.784,16656000,0.546,1.273,39647000,0.136,0,6943000,433462000,398342000,4754000,0,0,0,237720000,79030000,158690000,151068589,-5480000,0,-19093000,-37370000,-2185000,-21630000,-33595000,0,49745000,0,5264000,5264000,4135438,0,0,0.018,26240000,13407000,35191000,,1.318,36.53,,278648000,0,4.95,0.657,0.657,68800000,,292557000,229835022,0,0.014,0.035,0.031,0.042,3995000,25299000,1.0,30518907,30518907,,7.531,383644000,10539000,0,38157000,12.571,10250000
