ticker,dimension,calendardate,datekey,reportperiod,lastupdated,accoci,assets,assetsavg,assetsc,assetsnc,assetturnover,bvps,capex,cashneq,cashnequsd,cor,consolinc,currentratio,de,debt,debtc,debtnc,debtusd,deferredrev,depamor,deposits,divyield,dps,ebit,ebitda,ebitdamargin,ebitdausd,ebitusd,ebt,eps,epsdil,epsusd,equity,equityavg,equityusd,ev,evebit,evebitda,fcf,fcfps,fxusd,gp,grossmargin,intangibles,intexp,invcap,invcapavg,inventory,investments,investmentsc,investmentsnc,liabilities,liabilitiesc,liabilitiesnc,marketcap,ncf,ncfbus,ncfcommon,ncfdebt,ncfdiv,ncff,ncfi,ncfinv,ncfo,ncfx,netinc,netinccmn,netinccmnusd,netincdis,netincnci,netmargin,opex,opinc,payables,payoutratio,pb,pe,pe1,ppnenet,prefdivis,price,ps,ps1,receivables,retearn,revenue,revenueusd,rnd,roa,roe,roic,ros,sbcomp,sgna,sharefactor,sharesbas,shareswa,shareswadil,sps,tangibles,taxassets,taxexp,taxliabilities,tbvps,workingcapital
NOV,MRY,2011-12-31,2011-12-31,2011-12-31,2018-04-28,-23000000,25515000000,24242750000,12110000000,13405000000,0.605,41.456,-483000000,3535000000,3535000000,10161000000,1985000000,2.236,0.442,510000000,351000000,159000000,510000000,865000000,555000000,0,0.007,0.45,2971000000,3526000000,0.241,3526000000,2971000000,2931000000,4.73,4.7,4.73,17619000000,16958000000,17619000000,25459058713,8,7.22,1660000000,3.934,1.0,4497000000,0.307,10224000000,40000000,6850000000,6666750000,4030000000,391000000,0,391000000,7787000000,5416000000,2371000000,28817058713,202000000,-1038000000,96000000,-391000000,-191000000,-464000000,-1458000000,0,2143000000,-19000000,1994000000,1994000000,1994000000,0,-9000000,0.136,1560000000,2937000000,901000000,0.095,1.636,14.452,14.374,2445000000,0,67.99,1.966,1.957,3884000000,9103000000,14658000000,14658000000,0,0.082,0.118,0.446,0.203,51000000,1560000000,1.0,423842605,422000000,424000000,34.735,15291000000,603000000,937000000,2775000000,35.979,6694000000
NOV,MRY,2012-12-31,2012-12-31,2012-12-31,2018-04-28,107000000,31484000000,28566500000,15678000000,15806000000,0.602,47.621,-569000000,3319000000,3319000000,12151000000,2483000000,2.775,0.55,3149000000,1000000,3148000000,3149000000,1189000000,616000000,0,0.007,0.49,3505000000,4121000000,0.24,4121000000,3505000000,3456000000,5.86,5.83,5.86,20239000000,19262250000,20239000000,29005986413,8,7.039,51000000,0.12,1.0,5043000000,0.293,11915000000,49000000,13750000000,10598250000,5891000000,393000000,0,393000000,11128000000,5649000000,5479000000,29178986413,-216000000,-1767000000,113000000,2638000000,-209000000,2583000000,-3428000000,0,620000000,9000000,2491000000,2491000000,2491000000,-108000000,-8000000,0.145,1654000000,3389000000,1200000000,0.084,1.442,11.714,11.664,2945000000,0,68.35,1.697,1.689,5545000000,11385000000,17194000000,17194000000,0,0.087,0.129,0.331,0.204,55000000,1654000000,1.0,426905434,425000000,427000000,40.456,19569000000,762000000,965000000,2685000000,46.045,10029000000
NOV,MRY,2013-12-31,2013-12-31,2013-12-31,2018-04-28,-4000000,34812000000,34158500000,16423000000,18389000000,0.563,52.183,-614000000,3436000000,3436000000,14117000000,2328000000,2.459,0.561,3150000000,1000000,3149000000,3150000000,1771000000,738000000,0,0.011,0.91,3381000000,4119000000,0.214,4119000000,3381000000,3270000000,5.46,5.44,5.46,22230000000,21316250000,22230000000,35054807951,10,8.511,2783000000,6.533,1.0,5104000000,0.266,14104000000,111000000,13744000000,14967750000,5603000000,390000000,0,390000000,12482000000,6678000000,5804000000,34046807951,117000000,-2397000000,58000000,0,-389000000,-305000000,-2964000000,0,3397000000,-11000000,2327000000,2327000000,2327000000,-147000000,1000000,0.121,1905000000,3199000000,1275000000,0.167,1.532,14.631,14.566,3408000000,0,79.53,1.771,1.763,6435000000,13323000000,19221000000,19221000000,0,0.068,0.109,0.226,0.176,72000000,1905000000,1.0,428100188,426000000,428000000,45.12,20708000000,745000000,943000000,3160000000,48.61,9745000000
NOV,MRY,2014-12-31,2014-12-31,2014-12-31,2018-04-28,-834000000,33562000000,34284750000,16162000000,17400000000,0.625,48.346,-699000000,3536000000,3536000000,15631000000,2507000000,2.192,0.618,3166000000,152000000,3014000000,3166000000,1775000000,778000000,0,0.148,9.728,3646000000,4424000000,0.206,4424000000,3646000000,3541000000,5.85,5.82,5.85,20692000000,21561000000,20692000000,27270498427,7,6.164,1915000000,4.474,1.0,5809000000,0.271,12983000000,105000000,12835000000,13098000000,5281000000,362000000,0,362000000,12790000000,7374000000,5416000000,28215498427,100000000,-291000000,-671000000,18000000,-703000000,-1343000000,-1104000000,-253000000,2614000000,-67000000,2502000000,2502000000,2502000000,-52000000,5000000,0.117,2196000000,3613000000,1189000000,1.663,1.364,11.277,11.202,3362000000,0,65.53,1.316,1.308,6294000000,13181000000,21440000000,21440000000,0,0.073,0.116,0.278,0.17,86000000,2092000000,1.0,430573759,428000000,430000000,50.093,20579000000,950000000,1039000000,2712000000,48.082,8788000000
NOV,MRY,2015-12-31,2015-12-31,2015-12-31,2018-04-28,-1553000000,25970000000,29811750000,11425000000,14545000000,0.495,44.04,-453000000,2080000000,2080000000,11694000000,-767000000,2.887,0.58,3909000000,2000000,3907000000,3909000000,785000000,747000000,0,0.055,1.84,-488000000,259000000,0.018,259000000,-488000000,-591000000,-1.99,-1.99,-1.99,16383000000,18118250000,16383000000,14720787324,-30,56.837,879000000,2.271,1.0,3063000000,0.208,10829000000,103000000,13012000000,13940250000,4678000000,327000000,0,327000000,9510000000,3958000000,5552000000,12583787324,-1456000000,-86000000,-2221000000,762000000,-710000000,-2163000000,-514000000,0,1332000000,-111000000,-769000000,-769000000,-769000000,0,2000000,-0.052,3453000000,-390000000,623000000,-0.925,0.768,-16.364,-16.829,3124000000,0,33.49,0.853,0.878,4176000000,9927000000,14757000000,14757000000,0,-0.026,-0.042,-0.035,-0.033,110000000,1764000000,1.0,375747606,387000000,387000000,38.132,15141000000,130000000,178000000,1626000000,40.702,7467000000
NOV,MRY,2016-12-31,2016-12-31,2016-12-31,2018-04-28,-1452000000,21140000000,22968000000,7876000000,13264000000,0.316,36.781,-284000000,1408000000,1408000000,7352000000,-2416000000,2.585,0.512,3214000000,506000000,2708000000,3214000000,440000000,703000000,0,0.016,0.61,-2514000000,-1811000000,-0.25,-1811000000,-2514000000,-2619000000,-6.41,-6.41,-6.41,13940000000,15307750000,13940000000,15846474807,-6,-8.75,676000000,1.798,1.0,-101000000,-0.014,9597000000,105000000,10302000000,11460750000,3325000000,307000000,0,307000000,7137000000,3047000000,4090000000,14140474807,-672000000,-230000000,0,-900000000,-230000000,-1141000000,-488000000,0,960000000,-3000000,-2412000000,-2412000000,-2412000000,0,-4000000,-0.333,2310000000,-2411000000,414000000,-0.095,1.014,-5.863,-5.841,3150000000,0,37.44,1.95,1.941,2748000000,7285000000,7251000000,7251000000,0,-0.105,-0.158,-0.219,-0.347,114000000,1338000000,1.0,377683622,376000000,376000000,19.285,11543000000,86000000,-207000000,1183000000,30.456,4829000000
NOV,MRY,2017-12-31,2017-12-31,2017-12-31,2018-04-28,-1110000000,20206000000,20732750000,7217000000,12989000000,0.352,37.385,-192000000,1437000000,1437000000,6412000000,-236000000,3.066,0.429,2712000000,6000000,2706000000,2712000000,0,698000000,0,0.006,0.2,-291000000,407000000,0.056,407000000,-291000000,-393000000,-0.63,-0.63,-0.63,14094000000,14013000000,14094000000,15179760240,-52,37.297,640000000,1.698,1.0,892000000,0.122,9528000000,102000000,9599000000,10011750000,3003000000,309000000,0,309000000,6046000000,2354000000,3692000000,13688760240,29000000,-86000000,0,-506000000,-76000000,-595000000,-245000000,0,832000000,37000000,-237000000,-237000000,-237000000,0,1000000,-0.032,1169000000,-277000000,510000000,-0.317,0.971,-57.758,-57.175,3002000000,0,36.02,1.874,1.859,2015000000,6966000000,7304000000,7304000000,0,-0.011,-0.017,-0.029,-0.04,124000000,1169000000,1.0,380032211,377000000,377000000,19.374,10678000000,13000000,-156000000,758000000,28.324,4863000000
