ticker,dimension,calendardate,datekey,reportperiod,lastupdated,accoci,assets,assetsavg,assetsc,assetsnc,assetturnover,bvps,capex,cashneq,cashnequsd,cor,consolinc,currentratio,de,debt,debtc,debtnc,debtusd,deferredrev,depamor,deposits,divyield,dps,ebit,ebitda,ebitdamargin,ebitdausd,ebitusd,ebt,eps,epsdil,epsusd,equity,equityavg,equityusd,ev,evebit,evebitda,fcf,fcfps,fxusd,gp,grossmargin,intangibles,intexp,invcap,invcapavg,inventory,investments,investmentsc,investmentsnc,liabilities,liabilitiesc,liabilitiesnc,marketcap,ncf,ncfbus,ncfcommon,ncfdebt,ncfdiv,ncff,ncfi,ncfinv,ncfo,ncfx,netinc,netinccmn,netinccmnusd,netincdis,netincnci,netmargin,opex,opinc,payables,payoutratio,pb,pe,pe1,ppnenet,prefdivis,price,ps,ps1,receivables,retearn,revenue,revenueusd,rnd,roa,roe,roic,ros,sbcomp,sgna,sharefactor,sharesbas,shareswa,shareswadil,sps,tangibles,taxassets,taxexp,taxliabilities,tbvps,workingcapital
NR,MRY,2011-12-31,2011-12-31,2011-12-31,2018-04-28,789000,886837000,818765750,553818000,333019000,1.111,5.463,-36375000,25247000,25247000,713216000,80017000,3.771,0.781,192108000,2232000,189876000,192108000,0,28971000,0,0.0,0.0,129117000,158088000,0.174,158088000,129117000,119891000,0.89,0.8,0.89,497846000,468951750,497846000,977458859,7,6.183,-49933000,-0.548,1.0,196152000,0.216,92820000,9226000,814035000,714581500,175929000,0,0,0,388991000,146843000,242148000,865817859,-57763000,-26775000,2944000,17449000,0,18338000,-63150000,0,-13558000,607000,80017000,80017000,80017000,-8784000,0,0.088,75297000,120855000,97168000,0.0,1.739,10.82,10.674,231055000,0,9.5,0.952,0.952,328590000,34983000,909368000,909368000,0,0.098,0.171,0.181,0.142,4535000,76414000,1.0,91138722,91138722,,9.978,794017000,13224000,39874000,0,8.712,406975000
NR,MRY,2012-12-31,2012-12-31,2012-12-31,2018-04-28,-734000,994541000,939266000,604056000,390485000,1.048,5.911,-43092000,46846000,46846000,811048000,60032000,3.785,0.936,259431000,2599000,256832000,259431000,0,32821000,0,0.0,0.0,101105000,133926000,0.136,133926000,101105000,91378000,0.69,0.62,0.69,513578000,510176000,513578000,848171538,8,6.333,67153000,0.773,1.0,172905000,0.176,125049000,9727000,922481000,894108500,209734000,0,0,0,480963000,159596000,321367000,681991538,21599000,-53075000,-49697000,67442000,0,5853000,-96167000,0,110245000,1668000,60032000,60032000,60032000,-9579000,0,0.061,80630000,92275000,109117000,0.0,1.328,11.36,11.377,190402000,0,7.85,0.693,0.693,312292000,95015000,983953000,983953000,0,0.064,0.118,0.113,0.103,7103000,81500000,1.0,86877903,86877903,,11.326,869492000,11251000,31346000,0,10.008,444460000
NR,MRY,2013-12-31,2013-12-31,2013-12-31,2018-04-28,-9484000,968417000,1006659000,559440000,408977000,1.035,6.65,-66616000,65840000,65840000,858467000,65323000,3.639,0.667,185653000,12867000,172786000,185653000,0,44198000,0,0.0,0.0,105327000,149525000,0.143,149525000,105327000,94048000,0.77,0.69,0.77,581054000,558064250,581054000,1236411629,11,8.269,85287000,0.976,1.0,183889000,0.176,119964000,11279000,814515000,896030000,189680000,0,0,0,387363000,153751000,233612000,1073783629,18994000,6553000,-953000,-73696000,0,-72528000,-60063000,0,151903000,-318000,65323000,65323000,65323000,-12701000,0,0.063,89444000,94445000,88586000,0.0,1.848,16.438,15.961,217010000,0,12.29,1.03,1.03,268529000,160338000,1042356000,1042356000,0,0.065,0.117,0.118,0.101,7553000,93657000,1.0,87370515,87370515,,11.93,848453000,11272000,28725000,27060000,9.711,405689000
NR,MRY,2014-12-31,2014-12-31,2014-12-31,2018-04-28,-31992000,1007672000,991252500,612823000,394849000,1.128,7.447,-103768000,85052000,85052000,876999000,102278000,3.548,0.611,182110000,11648000,170462000,182110000,0,42030000,0,0.0,0.0,153757000,195787000,0.175,195787000,153757000,143326000,1.23,1.07,1.23,625458000,610349500,625458000,941177889,6,4.807,-14595000,-0.174,1.0,241417000,0.216,107559000,10431000,824446000,816568500,196556000,0,0,0,382214000,172725000,209489000,801266889,19212000,89766000,-49688000,-281000,0,-49158000,-14002000,0,89173000,-6801000,102278000,102278000,102278000,-23269000,0,0.091,110821000,130596000,108242000,0.0,1.281,7.834,7.756,283361000,0,9.54,0.716,0.716,318600000,262616000,1118416000,1118416000,0,0.103,0.168,0.188,0.137,11026000,112648000,1.0,83990240,83990240,,13.316,900113000,1857000,41048000,27787000,10.717,440098000
NR,MRY,2015-12-31,2015-12-31,2015-12-31,2018-04-28,-58276000,848893000,913081250,506378000,342515000,0.741,6.183,-66881000,107138000,107138000,599013000,-90828000,4.037,0.632,178593000,7382000,171211000,178593000,0,43917000,0,0.0,0.0,-103115000,-59198000,-0.087,-59198000,-103115000,-112226000,-1.1,-1.1,-1.1,520259000,586786250,520259000,508869634,-4,-8.596,54636000,0.649,1.0,77852000,0.115,30060000,9111000,764860000,779360250,163657000,0,0,0,328634000,125428000,203206000,444309634,39571000,0,-1730000,-3531000,0,-6730000,-66881000,0,121517000,-8335000,-90828000,-90828000,-90828000,0,0,-0.134,176951000,-99099000,72211000,0.0,0.854,-4.892,-4.8,307632000,0,5.28,0.656,0.656,206364000,171788000,676865000,676865000,0,-0.099,-0.155,-0.132,-0.152,13998000,101032000,1.0,84149552,84149552,,8.044,818833000,1821000,-21398000,26368000,9.731,380950000
NR,MRY,2016-12-31,2016-12-31,2016-12-31,2018-04-28,-63208000,798183000,791134500,462940000,335243000,0.596,5.913,-33900000,87878000,87878000,437836000,-40712000,2.575,0.595,156268000,83368000,72900000,156268000,0,37955000,0,0.0,0.0,-54888000,-16933000,-0.036,-16933000,-54888000,-64754000,-0.49,-0.49,-0.49,500543000,500634750,500543000,712568775,-12,-42.082,-22805000,-0.269,1.0,33660000,0.071,26062000,9866000,660710000,725530500,143612000,0,0,0,297640000,179801000,117839000,634901775,-29324000,-4420000,-501000,-506000,0,-650000,-38320000,0,11095000,-1449000,-40712000,-40712000,-40712000,0,0,-0.086,90873000,-57213000,65281000,0.0,1.268,-15.595,-15.306,303654000,0,7.5,1.347,1.347,214307000,129873000,471496000,471496000,0,-0.051,-0.081,-0.076,-0.116,12056000,88473000,1.0,84653570,84653570,,5.57,772121000,1747000,-24042000,38743000,9.121,283139000
NR,MRY,2017-12-31,2017-12-31,2017-12-31,2018-04-28,-53219000,902716000,867841250,505037000,397679000,0.862,6.378,-23624000,56352000,56352000,607899000,-6148000,3.188,0.649,160475000,1518000,158957000,160475000,0,39757000,0,0.0,0.0,12018000,51775000,0.069,51775000,12018000,-1255000,-0.07,-0.07,-0.07,547480000,522234250,547480000,898296477,74,17.35,14757000,0.172,1.0,139864000,0.187,73624000,13273000,774801000,749938750,165336000,0,0,0,355236000,158414000,196822000,738197477,-29839000,-44750000,-815000,-1640000,0,-2290000,-68374000,0,38381000,2444000,-6148000,-6148000,-6148000,17367000,0,-0.008,108428000,31436000,88648000,0.0,1.348,-120.071,-122.857,315320000,0,8.6,0.987,0.987,265866000,123375000,747763000,747763000,0,-0.007,-0.012,0.016,0.016,10843000,108838000,1.0,85836916,85836916,,8.711,829092000,4753000,4893000,31580000,9.659,346623000
