ticker,dimension,calendardate,datekey,reportperiod,lastupdated,accoci,assets,assetsavg,assetsc,assetsnc,assetturnover,bvps,capex,cashneq,cashnequsd,cor,consolinc,currentratio,de,debt,debtc,debtnc,debtusd,deferredrev,depamor,deposits,divyield,dps,ebit,ebitda,ebitdamargin,ebitdausd,ebitusd,ebt,eps,epsdil,epsusd,equity,equityavg,equityusd,ev,evebit,evebitda,fcf,fcfps,fxusd,gp,grossmargin,intangibles,intexp,invcap,invcapavg,inventory,investments,investmentsc,investmentsnc,liabilities,liabilitiesc,liabilitiesnc,marketcap,ncf,ncfbus,ncfcommon,ncfdebt,ncfdiv,ncff,ncfi,ncfinv,ncfo,ncfx,netinc,netinccmn,netinccmnusd,netincdis,netincnci,netmargin,opex,opinc,payables,payoutratio,pb,pe,pe1,ppnenet,prefdivis,price,ps,ps1,receivables,retearn,revenue,revenueusd,rnd,roa,roe,roic,ros,sbcomp,sgna,sharefactor,sharesbas,shareswa,shareswadil,sps,tangibles,taxassets,taxexp,taxliabilities,tbvps,workingcapital
NTAP,MRY,2011-12-31,2011-04-29,2011-04-29,2018-02-22,12800000,8498800000,7536450000,6365200000,2133600000,0.68,10.158,-222700000,2757300000,2757300000,1793900000,673100000,1.887,1.248,1265000000,1150400000,114600000,1265000000,2314900000,165600000,0,0.0,0.0,870000000,1035600000,0.202,1035600000,870000000,794100000,1.87,1.71,1.87,3730200000,3325225000,3730200000,18388105959,21,17.756,1123600000,3.113,1.0,3328700000,0.65,813300000,75900000,2820400000,3692675000,108500000,2417400000,2417400000,0,4654000000,3372800000,1281200000,19169805959,1052300000,-136500000,324200000,0,0,450900000,-777200000,-418500000,1346300000,32300000,673100000,673100000,673100000,0,0,0.131,2498600000,830100000,232800000,0.0,5.139,28.48,27.866,911600000,0,52.11,3.742,3.671,742600000,2674000000,5122600000,5122600000,648600000,0.089,0.202,0.236,0.17,175200000,1848300000,1.0,367871924,360900000,393700000,14.194,7685500000,0,121000000,0,20.93,2992400000
NTAP,MRY,2012-12-31,2012-04-27,2012-04-27,2018-02-22,4900000,9532300000,8825950000,6826500000,2705800000,0.706,11.809,-407100000,1549800000,1549800000,2519800000,605400000,1.939,1.206,1264900000,1202300000,62600000,1264900000,2815900000,293100000,0,0.0,0.0,787100000,1080200000,0.173,1080200000,787100000,712400000,1.66,1.58,1.66,4293600000,3990750000,4293600000,12935406686,16,11.975,1055500000,2.901,1.0,3713400000,0.596,1141200000,74700000,4586400000,3938200000,161500000,3848700000,3848700000,0,5176100000,3519800000,1656300000,14167506686,-1207500000,-480000000,-457900000,0,0,-343600000,-2310400000,-1424900000,1462600000,-16100000,605400000,605400000,605400000,0,0,0.097,2966900000,746500000,233100000,0.0,3.3,23.402,23.512,1137200000,0,39.03,2.273,2.279,830900000,2805300000,6233200000,6233200000,828200000,0.069,0.152,0.2,0.126,257600000,2128900000,1.0,362990179,363900000,384300000,17.129,8391100000,0,107000000,0,23.078,3306700000
NTAP,MRY,2013-12-31,2013-04-26,2013-04-26,2018-02-22,8700000,11242400000,10267050000,8418200000,2824200000,0.617,13.159,-303300000,3277100000,3277100000,2571300000,505300000,2.198,1.383,2252400000,1257800000,994600000,2252400000,3009500000,344600000,0,0.0,0.0,566600000,911200000,0.144,911200000,566600000,566600000,1.4,1.37,1.4,4717500000,4530100000,4717500000,11723297355,20,12.866,1083000000,2.996,1.0,3761100000,0.594,1168700000,0,5218400000,4813625000,139500000,3675500000,3675500000,0,6524900000,3830600000,2694300000,12567397355,1727300000,-106500000,-479400000,987300000,0,578900000,-228600000,177000000,1386300000,-9300000,505300000,505300000,505300000,0,0,0.08,3153300000,607800000,259700000,0.0,2.664,24.871,24.907,1170900000,0,34.87,1.985,1.991,800900000,2896800000,6332400000,6332400000,904200000,0.049,0.112,0.118,0.089,276600000,2247400000,1.0,360407151,361500000,368000000,17.517,10073700000,0,61300000,0,28.1,4587600000
NTAP,MRY,2014-12-31,2014-04-25,2014-04-25,2018-02-22,9100000,9213800000,9107425000,6471300000,2742500000,0.694,11.513,-221000000,2291000000,2291000000,2406000000,638000000,2.402,1.433,990100000,0,990100000,990100000,3100200000,334000000,0,0.017,0.6,741000000,1075000000,0.17,1075000000,741000000,741000000,1.87,1.83,1.87,3786500000,3960200000,3786500000,10437132840,14,9.709,1129000000,3.321,1.0,3919000000,0.62,1109600000,0,4108700000,4380000000,122400000,2712300000,2712300000,0,5427300000,2694600000,2732700000,11594632840,-986000000,0,-1680000000,-1265000000,-202000000,-3104000000,760000000,974000000,1350000000,8000000,638000000,638000000,638000000,0,0,0.101,3185000000,734000000,247000000,0.321,3.062,18.173,18.717,1108800000,0,35.0,1.833,1.881,855900000,1100000,6325000000,6325000000,918000000,0.07,0.161,0.169,0.117,273000000,2179000000,1.0,331275224,340000000,348000000,18.603,8104200000,0,103000000,0,24.64,3776700000
NTAP,MRY,2015-12-31,2015-04-24,2015-04-24,2018-02-22,-24000000,9401000000,9321400000,6773000000,2628000000,0.657,11.013,-175000000,1922000000,1922000000,2290000000,560000000,2.5,1.754,1487000000,0,1487000000,1487000000,3197000000,307000000,0,0.018,0.66,713000000,1020000000,0.167,1020000000,713000000,713000000,1.77,1.75,1.77,3414000000,3555000000,3414000000,10215695925,14,10.015,1093000000,3.459,1.0,3833000000,0.626,1117000000,0,5140000000,4584025000,146000000,3404000000,3404000000,0,5987000000,2709000000,3278000000,11260695925,-369000000,-85000000,-1165000000,495000000,-208000000,-675000000,-903000000,-645000000,1268000000,-59000000,560000000,560000000,560000000,0,0,0.091,3117000000,716000000,284000000,0.373,3.298,20.108,20.407,1030000000,0,36.12,1.839,1.864,779000000,53000000,6123000000,6123000000,920000000,0.06,0.158,0.156,0.116,259000000,2197000000,1.0,311757916,316000000,321000000,19.377,8284000000,0,153000000,0,26.723,4064000000
NTAP,MRY,2016-12-31,2016-04-29,2016-04-29,2018-02-22,-31000000,10037000000,9038500000,6448000000,3589000000,0.614,10.109,-58000000,2868000000,2868000000,2173000000,229000000,1.761,2.484,2339000000,849000000,1490000000,2339000000,3385000000,279000000,0,0.03,0.72,345000000,624000000,0.113,624000000,345000000,345000000,0.78,0.77,0.78,2881000000,2994250000,2881000000,5828919708,16,9.341,916000000,3.116,1.0,3373000000,0.608,1856000000,0,3990000000,4228750000,98000000,2435000000,2435000000,0,7156000000,3662000000,3494000000,6833919708,946000000,-842000000,-960000000,850000000,-210000000,-109000000,85000000,982000000,974000000,-4000000,229000000,229000000,229000000,0,0,0.041,3025000000,348000000,254000000,0.923,2.372,29.842,30.308,937000000,0,23.64,1.232,1.253,813000000,0,5546000000,5546000000,861000000,0.025,0.076,0.082,0.062,260000000,2099000000,1.0,289082898,294000000,297000000,18.864,8181000000,0,116000000,0,28.705,2786000000
NTAP,MRY,2017-12-31,2017-04-28,2017-04-28,2018-02-22,-29000000,9493000000,9024250000,6198000000,3295000000,0.612,10.335,-175000000,2444000000,2444000000,2129000000,509000000,1.504,2.415,1993000000,1249000000,744000000,1993000000,3342000000,226000000,0,0.019,0.76,665000000,891000000,0.161,891000000,665000000,665000000,1.85,1.81,1.85,2780000000,2763750000,2780000000,10468410420,15,11.749,811000000,2.949,1.0,3390000000,0.614,1815000000,0,3105000000,3390000000,163000000,2477000000,2477000000,0,6713000000,4122000000,2591000000,10797410420,-424000000,-8000000,-705000000,-351000000,-208000000,-1179000000,-220000000,-43000000,986000000,-11000000,509000000,509000000,509000000,0,0,0.092,2725000000,665000000,347000000,0.411,3.884,21.213,21.541,799000000,0,39.85,1.956,1.986,731000000,40000000,5519000000,5519000000,779000000,0.056,0.184,0.196,0.12,195000000,1904000000,1.0,270951328,275000000,281000000,20.069,7678000000,0,156000000,0,28.543,2076000000
