ticker,dimension,calendardate,datekey,reportperiod,lastupdated,accoci,assets,assetsavg,assetsc,assetsnc,assetturnover,bvps,capex,cashneq,cashnequsd,cor,consolinc,currentratio,de,debt,debtc,debtnc,debtusd,deferredrev,depamor,deposits,divyield,dps,ebit,ebitda,ebitdamargin,ebitdausd,ebitusd,ebt,eps,epsdil,epsusd,equity,equityavg,equityusd,ev,evebit,evebitda,fcf,fcfps,fxusd,gp,grossmargin,intangibles,intexp,invcap,invcapavg,inventory,investments,investmentsc,investmentsnc,liabilities,liabilitiesc,liabilitiesnc,marketcap,ncf,ncfbus,ncfcommon,ncfdebt,ncfdiv,ncff,ncfi,ncfinv,ncfo,ncfx,netinc,netinccmn,netinccmnusd,netincdis,netincnci,netmargin,opex,opinc,payables,payoutratio,pb,pe,pe1,ppnenet,prefdivis,price,ps,ps1,receivables,retearn,revenue,revenueusd,rnd,roa,roe,roic,ros,sbcomp,sgna,sharefactor,sharesbas,shareswa,shareswadil,sps,tangibles,taxassets,taxexp,taxliabilities,tbvps,workingcapital
NTZ,MRY,2011-12-31,2011-12-31,2011-12-31,2018-04-30,0,510951000,507403500,327292000,183659000,0.959,5.715,-19733000,94040000,121737149,326068000,-18877000,2.664,0.63,38680000,27892000,10788000,50072234,9815000,18999000,0,0.0,0.0,-10702000,8297000,0.017,10740675,-13854008,-10702000,-0.36,-0.36,-0.466,313512000,319371500,405849182,60229465,-4,5.608,-39691000,-0.724,0.772,160296000,0.33,5320000,0,327415000,334995000,93537000,1433000,4000,1429000,197439000,122856000,74583000,123419351,32946000,0,0,23184000,0,23184000,28108000,2415000,-19958000,1612000,-19586000,-19586000,-25354570,0,709000,-0.04,187588000,-27292000,84959000,0.0,0.304,-4.868,-4.828,175801000,0,2.25,0.196,0.196,136700000,204562000,486364000,629610451,0,-0.039,-0.061,-0.032,-0.022,0,187588000,1.0,54853045,54853045,54853045,11.478,505631000,378000,8884000,8241000,9.218,204436000
NTZ,MRY,2012-12-31,2012-12-31,2012-12-31,2018-04-30,0,476054000,493502500,307530000,168524000,0.95,5.125,-7513000,77713000,102510899,313847000,-26030000,2.31,0.684,37736000,30451000,7285000,49777402,9209000,17033000,0,0.0,0.0,-21933000,-4900000,-0.01,-6463569,-28931730,-21933000,-0.48,-0.48,-0.633,281137000,297324500,370846661,32070568,-1,-4.962,-15732000,-0.287,0.758,154997000,0.331,4863000,0,298057000,312736000,82269000,1433000,4000,1429000,192393000,133157000,59236000,105317846,-16327000,-386000,0,-942000,0,-942000,-6472000,1737000,-8219000,-694000,-26104000,-26104000,-34433679,0,74000,-0.056,172279000,-17282000,84443000,0.0,0.284,-3.059,-3.032,161461000,0,1.92,0.17,0.17,144081000,175062000,468844000,618450194,0,-0.053,-0.088,-0.07,-0.047,0,172279000,1.0,54853045,54853045,54853045,11.275,471191000,525000,4171000,10295000,8.59,174373000
NTZ,MRY,2013-12-31,2013-12-31,2013-12-31,2018-04-30,0,421908000,448981000,270183000,151725000,1.0,3.809,-7116000,61033000,83930614,317299000,-68365000,1.954,1.007,32533000,28362000,4171000,44738333,8624000,16561000,0,0.0,0.0,-64440000,-47879000,-0.107,-65841657,-88615811,-64440000,-1.25,-1.25,-1.719,208910000,245023500,287286298,89715648,-1,-1.363,-9342000,-0.17,0.727,131810000,0.293,5558000,0,249612000,273834500,78991000,1433000,4000,1429000,210306000,138238000,72068000,142069386,-16680000,-43000,0,-5206000,0,-5206000,-8240000,10000,-2226000,-1008000,-68576000,-68576000,-94303505,0,211000,-0.153,164139000,-32329000,93232000,0.0,0.495,-1.507,-1.507,143579000,0,2.59,0.23,0.23,127337000,102835000,449109000,617600222,0,-0.153,-0.28,-0.235,-0.143,0,164139000,1.0,54853045,54853045,54853045,11.259,416350000,288000,4136000,8126000,7.59,131945000
NTZ,MRY,2014-12-31,2014-12-31,2014-12-31,2018-04-30,0,380093000,401000500,239282000,140811000,1.151,3.118,-6587000,32848000,39744314,334431000,-49340000,1.598,1.205,30011000,23849000,6162000,36311696,8063000,14240000,0,0.0,0.0,-47548000,-33308000,-0.072,-40300889,-57530523,-47548000,-0.9,-0.9,-1.089,171014000,189962000,206917746,45664319,0,-1.133,-43766000,-0.798,0.826,126969000,0.275,4408000,0,223100000,236356000,90213000,4000,4000,0,206078000,149748000,56330000,85022219,-28185000,292000,0,-2523000,0,-2523000,5832000,12048000,-37179000,5685000,-49357000,-49357000,-59719316,0,17000,-0.107,167361000,-40392000,104945000,0.0,0.411,-1.424,-1.423,130782000,0,1.55,0.152,0.152,117492000,66817000,461400000,558269196,0,-0.123,-0.26,-0.201,-0.103,0,167361000,1.0,54853045,54853045,54853045,10.178,375685000,494000,1809000,2072000,6.849,89534000
NTZ,MRY,2015-12-31,2015-12-31,2015-12-31,2018-04-30,0,349379000,364736000,220761000,128618000,1.339,2.927,-3455000,52469000,56987851,333974000,-16452000,1.764,1.176,38010000,22378000,15632000,41283581,7664000,13728000,0,0.0,0.0,-15912000,-2184000,-0.004,-2372095,-17282408,-15912000,-0.3,-0.3,-0.326,160567000,165790500,174395707,85159484,-4,-35.901,5099000,0.093,0.921,154502000,0.316,3405000,0,206384000,214742000,79068000,5000,5000,0,188812000,125131000,63681000,88313402,19622000,201000,0,7998000,0,7998000,1700000,3638000,8554000,1370000,-16484000,-16484000,-17903671,0,32000,-0.034,165556000,-11054000,86689000,0.0,0.506,-4.933,-4.941,121100000,0,1.61,0.166,0.166,89262000,98789000,488476000,530545614,0,-0.045,-0.099,-0.074,-0.033,0,165556000,1.0,54853045,54853045,54853045,9.672,345974000,516000,572000,1740000,6.307,95630000
NTZ,MRY,2016-12-31,2016-12-31,2016-12-31,2018-04-30,0,347230000,348304500,224839000,122391000,1.313,2.78,-6089000,64981000,68386655,300306000,-6470000,1.497,1.277,36113000,29784000,6329000,38005683,7195000,12972000,0,0.0,0.0,-1848000,11124000,0.024,11707009,-1944853,-1848000,-0.11,-0.11,-0.116,152482000,156524500,160473584,107766050,-55,9.205,19906000,0.363,0.95,156912000,0.343,4233000,0,163949000,185166500,78384000,69000,6000,63000,194748000,150180000,44568000,123967881,12512000,-4271000,0,-1897000,0,-1897000,-10707000,181000,25995000,-879000,-6089000,-6089000,-6408124,0,-381000,-0.013,157320000,-408000,96227000,0.0,0.773,-19.345,-19.522,115924000,0,2.26,0.258,0.258,79037000,82725000,457218000,481180804,0,-0.017,-0.039,-0.01,-0.004,0,157320000,1.0,54853045,54853045,54853045,8.772,342997000,1100000,4241000,3456000,6.253,74659000
NTZ,MRY,2017-12-31,2017-12-31,2017-12-31,2018-04-30,0,317764000,332497000,202852000,114912000,1.352,1.978,-6708000,55035000,66044641,311485000,-31852000,1.374,1.929,45397000,24520000,20877000,54478579,6809000,12823000,0,0.0,0.0,-28823000,-16000000,-0.036,-19200768,-34588983,-28823000,-0.57,-0.57,-0.684,108485000,130483500,130187207,56830452,-1,-2.96,-11597000,-0.211,0.833,138101000,0.307,5514000,0,154944000,159446500,80273000,51000,6000,45000,209279000,147668000,61611000,87764872,-9946000,-3558000,0,9284000,0,9284000,-11700000,-589000,-4889000,-2641000,-31399000,-31399000,-37680307,0,-453000,-0.07,167239000,-29138000,105790000,0.0,0.674,-2.329,-2.339,107917000,0,1.6,0.163,0.163,65538000,40134000,449586000,539524780,0,-0.094,-0.241,-0.181,-0.064,0,167239000,1.0,54853045,54853045,54853045,9.836,312250000,626000,2576000,1365000,5.692,55184000
