ticker,dimension,calendardate,datekey,reportperiod,lastupdated,accoci,assets,assetsavg,assetsc,assetsnc,assetturnover,bvps,capex,cashneq,cashnequsd,cor,consolinc,currentratio,de,debt,debtc,debtnc,debtusd,deferredrev,depamor,deposits,divyield,dps,ebit,ebitda,ebitdamargin,ebitdausd,ebitusd,ebt,eps,epsdil,epsusd,equity,equityavg,equityusd,ev,evebit,evebitda,fcf,fcfps,fxusd,gp,grossmargin,intangibles,intexp,invcap,invcapavg,inventory,investments,investmentsc,investmentsnc,liabilities,liabilitiesc,liabilitiesnc,marketcap,ncf,ncfbus,ncfcommon,ncfdebt,ncfdiv,ncff,ncfi,ncfinv,ncfo,ncfx,netinc,netinccmn,netinccmnusd,netincdis,netincnci,netmargin,opex,opinc,payables,payoutratio,pb,pe,pe1,ppnenet,prefdivis,price,ps,ps1,receivables,retearn,revenue,revenueusd,rnd,roa,roe,roic,ros,sbcomp,sgna,sharefactor,sharesbas,shareswa,shareswadil,sps,tangibles,taxassets,taxexp,taxliabilities,tbvps,workingcapital
NUTR,MRY,2011-12-31,2011-09-30,2011-09-30,2017-08-24,312000,171665000,166561250,62069000,109596000,1.129,11.691,-12405000,2441000,2441000,92877000,15718000,3.145,0.434,32000000,0,32000000,32000000,0,8052000,0,0.0,0.0,25309000,33361000,0.177,33361000,25309000,24169000,1.52,1.51,1.52,119675000,117607250,119675000,154912193,6,4.644,13935000,1.35,1.0,95193000,0.506,28546000,1140000,152941000,145737500,39853000,0,0,0,51990000,19737000,32253000,131698193,-1299000,-14780000,-3946000,4000000,0,-495000,-27185000,0,26340000,41000,15718000,15718000,15718000,0,0,0.084,69884000,25309000,11892000,0.0,1.1,8.379,8.408,72094000,0,12.78,0.7,0.701,13671000,99468000,188070000,188070000,0,0.094,0.134,0.174,0.135,-329000,68230000,1.0,10305023,10322177,10385583,18.22,143119000,8662000,8451000,0,13.982,42332000
NUTR,MRY,2012-12-31,2012-09-30,2012-09-30,2017-08-24,338000,185918000,180090250,68268000,117650000,1.113,13.33,-9953000,4824000,4824000,100413000,15767000,3.303,0.419,34000000,0,34000000,34000000,0,8777000,0,0.0,0.0,25672000,34449000,0.172,34449000,25672000,24175000,1.59,1.59,1.59,131056000,125949000,131056000,185257108,7,5.378,17209000,1.735,1.0,99954000,0.499,34626000,1497000,159798000,155438750,46073000,0,0,0,54862000,20670000,34192000,155006108,2383000,-12248000,-4842000,2000000,0,-2598000,-22201000,0,27162000,20000,15767000,15767000,15767000,0,0,0.079,74282000,25672000,12838000,0.0,1.183,9.831,9.912,75454000,0,15.76,0.774,0.78,13590000,115235000,200367000,200367000,0,0.088,0.125,0.165,0.128,-244000,71425000,1.0,9835413,9916603,9933997,20.205,151292000,7439000,8408000,0,15.388,47598000
NUTR,MRY,2013-12-31,2013-09-30,2013-09-30,2017-08-24,201000,192310000,186229250,75048000,117262000,1.119,14.021,-8347000,8235000,8235000,105518000,17008000,3.443,0.395,32500000,0,32500000,32500000,0,9791000,0,0.042,1.0,28133000,37924000,0.182,37924000,28133000,26773000,1.74,1.73,1.74,137876000,130974250,137876000,260555682,9,6.87,18423000,1.883,1.0,102879000,0.494,34901000,1360000,159878000,161169500,49329000,0,0,0,54434000,21796000,32638000,233402682,3411000,-3382000,-719000,-1500000,-9785000,-11551000,-11729000,0,26770000,-79000,17008000,17008000,17008000,0,0,0.082,74746000,28133000,14329000,0.575,1.693,13.723,13.644,76214000,0,23.74,1.12,1.114,13697000,122458000,208397000,208397000,0,0.091,0.13,0.175,0.135,-453000,72413000,1.0,9831621,9783300,9807858,21.301,157409000,6228000,9765000,0,16.007,53252000
NUTR,MRY,2014-12-31,2014-09-30,2014-09-30,2017-08-24,79000,214778000,207071750,83850000,130928000,1.036,15.441,-11298000,6232000,6232000,108169000,15889000,3.862,0.436,43000000,0,43000000,43000000,0,11468000,0,0.0,0.0,26497000,37965000,0.177,37965000,26497000,25076000,1.62,1.62,1.62,149613000,146413250,149613000,239172035,9,6.3,8740000,0.893,1.0,106305000,0.496,45587000,1421000,184250000,175341000,57914000,0,0,0,65165000,21709000,43456000,202723035,-2003000,-16377000,-4856000,10500000,0,5695000,-27675000,0,20038000,-61000,15889000,15889000,15889000,0,0,0.074,79808000,26497000,14874000,0.0,1.355,12.759,12.907,79244000,0,20.91,0.945,0.955,15118000,138347000,214474000,214474000,0,0.077,0.109,0.151,0.124,-51000,76874000,1.0,9695028,9792276,9801080,21.902,169191000,6116000,9187000,0,17.461,62141000
NUTR,MRY,2015-12-31,2015-09-30,2015-09-30,2017-08-24,-379000,212449000,211866750,86215000,126234000,1.022,16.835,-8557000,4615000,4615000,110255000,15271000,4.2,0.326,31500000,0,31500000,31500000,0,12765000,0,0.0,0.0,24289000,37054000,0.171,37054000,24289000,23238000,1.59,1.59,1.59,160247000,156513500,160247000,252159593,10,6.805,16489000,1.72,1.0,106224000,0.491,41989000,1051000,176817000,179953250,59440000,0,0,0,52202000,20528000,31674000,225061593,-1617000,-1266000,-4767000,-11500000,0,-16603000,-9823000,0,25046000,-237000,15271000,15271000,15271000,0,0,0.071,81935000,24289000,14023000,0.0,1.404,14.738,14.849,77645000,0,23.61,1.04,1.046,16798000,153618000,216479000,216479000,0,0.072,0.098,0.135,0.112,-84000,77256000,1.0,9532469,9588838,9592734,22.576,170460000,6099000,7967000,0,17.908,65687000
NUTR,MRY,2016-12-31,2016-09-30,2016-09-30,2017-08-24,-430000,235855000,234045250,93866000,141989000,0.995,18.673,-8950000,6803000,6803000,114939000,18658000,4.655,0.371,43500000,0,43500000,43500000,0,14208000,0,0.0,0.0,29177000,43385000,0.186,43385000,29177000,27925000,2.0,2.0,2.0,171990000,167668000,171990000,330310972,11,7.613,23827000,2.55,1.0,118049000,0.507,53202000,1252000,199185000,200894500,63923000,0,0,0,63865000,20165000,43700000,287883972,2188000,-26235000,-7420000,12000000,0,4580000,-35185000,0,32777000,16000,18658000,18658000,18658000,0,0,0.08,88872000,29177000,12696000,0.0,1.674,15.43,15.62,83048000,0,31.24,1.236,1.253,17680000,172276000,232988000,232988000,0,0.08,0.111,0.145,0.125,0,84945000,1.0,9215236,9345754,9345754,24.93,182653000,5553000,9267000,0,19.83,73701000
