ticker,dimension,calendardate,datekey,reportperiod,lastupdated,accoci,assets,assetsavg,assetsc,assetsnc,assetturnover,bvps,capex,cashneq,cashnequsd,cor,consolinc,currentratio,de,debt,debtc,debtnc,debtusd,deferredrev,depamor,deposits,divyield,dps,ebit,ebitda,ebitdamargin,ebitdausd,ebitusd,ebt,eps,epsdil,epsusd,equity,equityavg,equityusd,ev,evebit,evebitda,fcf,fcfps,fxusd,gp,grossmargin,intangibles,intexp,invcap,invcapavg,inventory,investments,investmentsc,investmentsnc,liabilities,liabilitiesc,liabilitiesnc,marketcap,ncf,ncfbus,ncfcommon,ncfdebt,ncfdiv,ncff,ncfi,ncfinv,ncfo,ncfx,netinc,netinccmn,netinccmnusd,netincdis,netincnci,netmargin,opex,opinc,payables,payoutratio,pb,pe,pe1,ppnenet,prefdivis,price,ps,ps1,receivables,retearn,revenue,revenueusd,rnd,roa,roe,roic,ros,sbcomp,sgna,sharefactor,sharesbas,shareswa,shareswadil,sps,tangibles,taxassets,taxexp,taxliabilities,tbvps,workingcapital
NVMI,MRY,2011-12-31,2011-12-31,2011-12-31,2018-02-28,-402000,122947000,108162000,113228000,9719000,0.951,3.809,-2307000,84963000,84963000,44832000,28118000,6.101,0.231,0,0,0,0,2783000,1700000,0,0.0,0.0,25618000,27318000,0.266,27318000,25618000,25618000,1.07,1.04,1.07,99906000,84145000,99906000,126056600,4,4.614,22794000,0.869,1.0,57996000,0.564,0,0,19425000,15292500,9608000,2127000,1582000,545000,23041000,18559000,4482000,187012600,-6678000,0,2709000,0,0,2709000,-34488000,-32181000,25101000,0,28118000,28118000,28118000,0,0,0.273,33279000,24717000,8305000,0.0,1.872,6.651,6.888,5998000,0,7.37,1.819,1.88,13402000,-8568000,102828000,102828000,18677000,0.26,0.334,1.675,0.249,1435000,14602000,1.0,25374844,26232000,26931000,3.92,122947000,2500000,-2500000,0,4.687,94669000
NVMI,MRY,2012-12-31,2012-12-31,2012-12-31,2018-02-28,449000,142044000,132495500,130590000,11454000,0.726,4.312,-3660000,91002000,91002000,45014000,11828000,5.433,0.238,0,0,0,0,4934000,2783000,0,0.0,0.0,11952000,14735000,0.153,14735000,11952000,11952000,0.44,0.43,0.44,114771000,107338500,114771000,126247985,10,8.568,4058000,0.152,1.0,51154000,0.532,0,0,27004000,23214500,17827000,405000,0,405000,27273000,24038000,3235000,211210985,-2753000,0,259000,0,0,259000,-10730000,-7070000,7718000,0,11828000,11828000,11828000,0,0,0.123,40570000,10584000,10819000,0.0,1.84,17.857,18.136,8660000,0,7.98,2.196,2.209,17362000,3260000,96168000,96168000,24594000,0.089,0.11,0.515,0.124,1927000,15976000,1.0,26467542,26619000,27277000,3.613,142044000,1850000,124000,0,5.336,106552000
NVMI,MRY,2013-12-31,2013-12-31,2013-12-31,2018-02-28,541000,162277000,152160500,149063000,13214000,0.733,4.749,-4119000,97094000,97094000,52438000,10515000,4.893,0.261,0,0,0,0,3761000,3522000,0,0.0,0.0,13026000,16548000,0.148,16548000,13026000,13026000,0.39,0.38,0.39,128664000,121717500,128664000,171547659,13,10.367,6872000,0.254,1.0,59071000,0.53,0,0,34716000,30860000,18118000,2595000,1845000,750000,33613000,30467000,3146000,262549659,1579000,0,1191000,0,0,1191000,-10603000,-6703000,10991000,0,10515000,10515000,10515000,0,0,0.094,46738000,12333000,15599000,0.0,2.041,24.969,25.231,10382000,0,9.84,2.355,2.391,27947000,13775000,111509000,111509000,29578000,0.069,0.086,0.422,0.117,2095000,17160000,1.0,26681876,27091000,27373000,4.116,162277000,170000,2511000,0,5.99,118596000
NVMI,MRY,2014-12-31,2014-12-31,2014-12-31,2018-02-28,-1177000,173279000,167778000,157676000,15603000,0.719,5.231,-5234000,120938000,120938000,57005000,18652000,5.798,0.207,0,0,0,0,3058000,3951000,0,0.0,0.0,17474000,21425000,0.178,21425000,17474000,17474000,0.68,0.67,0.68,143582000,136123000,143582000,186350613,10,8.698,28309000,1.031,1.0,63613000,0.527,0,0,25145000,29930500,16107000,2745000,1995000,750000,29697000,27196000,2501000,283444613,-3893000,0,-4140000,0,0,-4140000,-33296000,-28062000,33543000,0,18652000,18652000,18652000,0,0,0.155,46702000,16911000,11568000,0.0,1.974,15.196,15.279,11450000,0,10.39,2.35,2.364,15566000,32427000,120618000,120618000,29498000,0.111,0.137,0.584,0.145,2124000,17204000,1.0,27280521,27447000,27807000,4.395,173279000,1796000,-1178000,0,6.313,130480000
NVMI,MRY,2015-12-31,2015-12-31,2015-12-31,2018-02-28,-114000,207269000,190274000,149977000,57292000,0.781,5.925,-4373000,97031000,97031000,71434000,15725000,4.036,0.287,0,0,0,0,5828000,9620000,0,0.0,0.0,12224000,21844000,0.147,21844000,12224000,12224000,0.58,0.57,0.58,161060000,152321000,161060000,145005099,11,6.638,21416000,0.788,1.0,77080000,0.519,38020000,0,35060000,30102500,27683000,750000,0,750000,46209000,37158000,9051000,265943099,14084000,-45344000,-1984000,0,0,-1984000,-9721000,39996000,25789000,0,15725000,15725000,15725000,0,0,0.106,65499000,11581000,14378000,0.0,1.651,16.912,16.897,11062000,0,9.8,1.791,1.794,19046000,48152000,148514000,148514000,39703000,0.083,0.103,0.406,0.082,2674000,24478000,1.0,27137051,27185000,27510000,5.463,169249000,9275000,-3501000,6716000,6.226,112819000
NVMI,MRY,2016-12-31,2016-12-31,2016-12-31,2018-02-28,-50000,218593000,212931000,167676000,50917000,0.77,6.429,-3133000,90952000,90952000,88623000,9644000,4.296,0.251,0,0,0,0,4072000,6594000,0,0.0,0.0,11382000,17976000,0.11,17976000,11382000,11382000,0.35,0.35,0.35,174717000,167888500,174717000,259525210,22,14.437,-7293000,-0.268,1.0,75280000,0.459,35475000,0,53132000,44096000,29260000,750000,0,750000,43876000,39034000,4842000,356556210,-7327000,0,1214000,0,0,1214000,-4381000,-1248000,-4160000,0,9644000,9644000,9644000,0,0,0.059,65114000,10166000,16501000,0.0,2.041,36.972,37.6,10017000,0,13.16,2.175,2.182,42626000,57665000,163903000,163903000,34998000,0.045,0.057,0.258,0.069,2735000,28358000,1.0,27093937,27175000,27503000,6.031,183118000,3020000,1738000,1094000,6.738,128642000
NVMI,MRY,2017-12-31,2017-12-31,2017-12-31,2018-02-28,112000,283285000,250939000,231908000,51377000,0.885,8.187,-6295000,149087000,149087000,90805000,46459000,4.449,0.249,0,0,0,0,10334000,6179000,0,0.0,0.0,60095000,66274000,0.299,66274000,60095000,60095000,1.68,1.63,1.68,226736000,200726500,226736000,617723577,10,9.321,55516000,2.004,1.0,131187000,0.591,32914000,0,49158000,51145000,34921000,750000,0,750000,56549000,52126000,4423000,708675577,7291000,0,2619000,0,0,2619000,-57139000,-50844000,61811000,0,46459000,46459000,46459000,0,0,0.209,73368000,57819000,15754000,0.0,3.126,15.254,15.423,13891000,0,25.91,3.192,3.233,40949000,104124000,221992000,221992000,38956000,0.185,0.231,1.175,0.271,2779000,32654000,1.0,27351431,27696000,28524000,8.015,250371000,1957000,13636000,0,9.04,179782000
