ticker,dimension,calendardate,datekey,reportperiod,lastupdated,accoci,assets,assetsavg,assetsc,assetsnc,assetturnover,bvps,capex,cashneq,cashnequsd,cor,consolinc,currentratio,de,debt,debtc,debtnc,debtusd,deferredrev,depamor,deposits,divyield,dps,ebit,ebitda,ebitdamargin,ebitdausd,ebitusd,ebt,eps,epsdil,epsusd,equity,equityavg,equityusd,ev,evebit,evebitda,fcf,fcfps,fxusd,gp,grossmargin,intangibles,intexp,invcap,invcapavg,inventory,investments,investmentsc,investmentsnc,liabilities,liabilitiesc,liabilitiesnc,marketcap,ncf,ncfbus,ncfcommon,ncfdebt,ncfdiv,ncff,ncfi,ncfinv,ncfo,ncfx,netinc,netinccmn,netinccmnusd,netincdis,netincnci,netmargin,opex,opinc,payables,payoutratio,pb,pe,pe1,ppnenet,prefdivis,price,ps,ps1,receivables,retearn,revenue,revenueusd,rnd,roa,roe,roic,ros,sbcomp,sgna,sharefactor,sharesbas,shareswa,shareswadil,sps,tangibles,taxassets,taxexp,taxliabilities,tbvps,workingcapital
NWSA,MRY,2011-12-31,2011-06-30,2011-06-30,2018-05-11,,,,,,,,-549000000,,,5234000000,704000000,,,,,,,,430000000,,,0.0,982000000,1412000000,0.155,1412000000,982000000,935000000,1.17,1.17,1.17,,,,,,,782000000,,1.0,3861000000,0.425,,47000000,,,,,,,,,,,720000000,-323000000,0,0,-10000000,270000000,-881000000,-9000000,1331000000,222000000,678000000,678000000,678000000,0,26000000,0.075,3103000000,758000000,,0.0,,,,,0,,,,,,9095000000,9095000000,0,,,,0.108,0,2648000000,,,,,,,,257000000,,,
NWSA,MRY,2012-12-31,2012-06-30,2012-06-30,2018-05-11,1047000000,13090000000,,3115000000,9975000000,,,-375000000,1133000000,1133000000,5122000000,-2040000000,1.263,0.473,7762000000,0,7762000000,7762000000,386000000,483000000,0,,0.0,-2356000000,-1873000000,-0.216,-1873000000,-2356000000,-2412000000,-3.58,-3.58,-3.58,8809000000,,8809000000,,,,476000000,,1.0,3532000000,0.408,5049000000,56000000,12203000000,,0,1126000000,0,1126000000,4171000000,2467000000,1704000000,,-814000000,-21000000,0,0,-13000000,-1006000000,-659000000,-263000000,851000000,-75000000,-2075000000,-2075000000,-2075000000,0,35000000,-0.24,5996000000,-2464000000,284000000,0.0,,,,3274000000,0,,,,1369000000,,8654000000,8654000000,0,,,,-0.272,0,2750000000,1.0,,,,,8041000000,0,-337000000,926000000,,648000000
NWSA,MRY,2013-12-31,2013-06-30,2013-06-30,2018-05-11,271000000,15643000000,14366500000,4643000000,11000000000,0.619,21.696,-332000000,2381000000,2381000000,5420000000,547000000,2.139,0.236,0,0,0,0,389000000,548000000,0,0.0,0.0,209000000,757000000,0.085,757000000,209000000,132000000,0.87,0.87,0.87,12558000000,10683500000,12558000000,,,,169000000,0.292,1.0,3471000000,0.39,4911000000,77000000,6180000000,9191500000,0,2499000000,0,2499000000,2967000000,2171000000,796000000,8827032434,1313000000,-1330000000,0,-235000000,-20000000,2486000000,-1674000000,-12000000,501000000,-65000000,506000000,506000000,506000000,0,41000000,0.057,5068000000,-1597000000,242000000,0.0,0.703,17.445,17.529,2992000000,0,15.25,0.993,0.993,1582000000,0,8891000000,8891000000,0,0.035,0.047,0.023,0.024,0,2783000000,1.0,578821799,578821799,,15.361,10732000000,0,-374000000,152000000,18.541,2472000000
NWSA,MRY,2014-12-31,2014-06-30,2014-06-30,2018-05-11,610000000,16489000000,16339500000,5270000000,11219000000,0.519,22.871,-358000000,3145000000,3145000000,5074000000,294000000,2.328,0.233,0,0,0,0,369000000,552000000,0,0.0,0.0,-307000000,245000000,0.029,245000000,-307000000,-375000000,0.41,0.41,0.41,13243000000,12961750000,13243000000,7180676656,-23,29.309,671000000,1.159,1.0,3412000000,0.402,4919000000,68000000,6161000000,6038000000,0,2609000000,0,2609000000,3090000000,2264000000,826000000,10387676656,933000000,157000000,0,0,-24000000,189000000,-285000000,-84000000,1029000000,27000000,239000000,239000000,239000000,142000000,55000000,0.028,3095000000,317000000,276000000,0.0,0.784,43.463,43.756,3009000000,0,17.94,1.224,1.224,1454000000,237000000,8486000000,8486000000,0,0.015,0.018,-0.051,-0.036,0,2449000000,1.0,579023225,579023225,,14.656,11570000000,0,-614000000,224000000,19.982,3006000000
NWSA,MRY,2015-12-31,2015-06-30,2015-06-30,2018-05-11,-582000000,15035000000,15703500000,4014000000,11021000000,0.543,20.482,-126000000,1951000000,1951000000,4952000000,-78000000,1.902,0.244,0,0,0,0,346000000,498000000,0,0.0,0.0,94000000,592000000,0.069,592000000,94000000,38000000,-0.26,-0.26,-0.26,11945000000,12441250000,11945000000,6481795659,68,10.949,705000000,1.209,1.0,3572000000,0.419,5266000000,56000000,5708000000,5752000000,0,2379000000,0,2379000000,2919000000,2110000000,809000000,8508795659,-1100000000,-1190000000,-30000000,-129000000,-30000000,-190000000,-1741000000,-370000000,831000000,-94000000,-147000000,-147000000,-147000000,445000000,69000000,-0.017,3209000000,363000000,238000000,0.0,0.712,-57.883,-56.115,2690000000,0,14.59,0.998,0.998,1283000000,88000000,8524000000,8524000000,0,-0.009,-0.012,0.016,0.011,0,2627000000,1.0,583193671,583193671,,14.616,9769000000,219000000,185000000,166000000,16.751,1904000000
NWSA,MRY,2016-12-31,2016-06-30,2016-06-30,2018-05-11,-1026000000,15483000000,15207500000,3889000000,11594000000,0.545,19.938,-215000000,2147000000,2147000000,4728000000,250000000,1.593,0.32,369000000,0,369000000,369000000,388000000,505000000,0,0.018,0.2,168000000,673000000,0.081,673000000,168000000,125000000,0.3,0.3,0.3,11564000000,11654500000,11564000000,4979819909,29,7.399,663000000,1.143,1.0,3564000000,0.43,5921000000,43000000,5342000000,5519000000,0,2270000000,0,2270000000,3701000000,2442000000,1259000000,6582819909,-83000000,-834000000,-41000000,342000000,-147000000,150000000,-1111000000,-105000000,878000000,-36000000,179000000,179000000,179000000,-15000000,71000000,0.022,3316000000,248000000,217000000,0.667,0.569,36.776,37.833,2405000000,0,11.35,0.794,0.794,1229000000,150000000,8292000000,8292000000,0,0.012,0.015,0.03,0.02,0,2722000000,1.0,579984133,579984133,,14.297,9562000000,602000000,-54000000,171000000,16.487,1447000000
NWSA,MRY,2017-12-31,2017-06-30,2017-06-30,2018-05-11,-964000000,14552000000,14808500000,3815000000,10737000000,0.55,18.544,-147000000,2016000000,2016000000,4529000000,-643000000,1.556,0.322,276000000,0,276000000,276000000,426000000,449000000,0,0.015,0.2,-671000000,-222000000,-0.027,-222000000,-671000000,-710000000,-1.27,-1.27,-1.27,10789000000,11103250000,10789000000,6393818618,-9,-28.801,347000000,0.596,1.0,3610000000,0.444,6119000000,39000000,4241000000,4830250000,0,2027000000,0,2027000000,3479000000,2452000000,1027000000,7970818618,172000000,130000000,0,-23000000,-152000000,-217000000,-105000000,-98000000,494000000,12000000,-738000000,-738000000,-738000000,0,95000000,-0.091,4101000000,-491000000,222000000,-0.157,0.739,-10.801,-10.787,1624000000,0,13.7,0.979,0.979,1276000000,-648000000,8139000000,8139000000,0,-0.05,-0.066,-0.139,-0.082,0,2725000000,1.0,581811578,581811578,,13.989,8433000000,525000000,28000000,61000000,14.494,1363000000
