ticker,dimension,calendardate,datekey,reportperiod,lastupdated,accoci,assets,assetsavg,assetsc,assetsnc,assetturnover,bvps,capex,cashneq,cashnequsd,cor,consolinc,currentratio,de,debt,debtc,debtnc,debtusd,deferredrev,depamor,deposits,divyield,dps,ebit,ebitda,ebitdamargin,ebitdausd,ebitusd,ebt,eps,epsdil,epsusd,equity,equityavg,equityusd,ev,evebit,evebitda,fcf,fcfps,fxusd,gp,grossmargin,intangibles,intexp,invcap,invcapavg,inventory,investments,investmentsc,investmentsnc,liabilities,liabilitiesc,liabilitiesnc,marketcap,ncf,ncfbus,ncfcommon,ncfdebt,ncfdiv,ncff,ncfi,ncfinv,ncfo,ncfx,netinc,netinccmn,netinccmnusd,netincdis,netincnci,netmargin,opex,opinc,payables,payoutratio,pb,pe,pe1,ppnenet,prefdivis,price,ps,ps1,receivables,retearn,revenue,revenueusd,rnd,roa,roe,roic,ros,sbcomp,sgna,sharefactor,sharesbas,shareswa,shareswadil,sps,tangibles,taxassets,taxexp,taxliabilities,tbvps,workingcapital
NYT,MRY,2011-12-31,2011-12-25,2011-12-25,2018-05-04,-516398000,2883450000,2986687750,1263935000,1619515000,0.521,3.434,-44887000,175151000,175151000,640261000,-38203000,2.459,4.688,773120000,74900000,698220000,773120000,0,116454000,0,0.0,0.0,69012000,185466000,0.119,185466000,69012000,-16231000,-0.26,-0.25,-0.26,506360000,587654250,506360000,1798276676,26,9.696,29040000,0.197,1.0,914313000,0.588,121618000,85243000,2845825000,2738372750,17780000,186865000,104846000,82019000,2373941000,513976000,1859965000,1148598676,-194553000,0,364000,-250590000,0,-250226000,-18254000,43094000,73927000,36000,-37648000,-37648000,-37648000,0,-555000,-0.024,783349000,130964000,98385000,0.0,2.268,-30.509,-29.962,937140000,0,7.79,0.739,0.738,247436000,1086625000,1554574000,1554574000,0,-0.013,-0.064,0.025,0.044,8497000,687558000,1.0,147445273,147190000,152007000,10.562,2761832000,353338000,21417000,0,18.731,749959000
NYT,MRY,2012-12-31,2012-12-30,2012-12-30,2018-05-04,-512566000,2807470000,2766905250,1397568000,1409902000,0.577,4.461,-34888000,820490000,820490000,651318000,136013000,3.303,3.234,696752000,0,696752000,696752000,0,103775000,0,0.0,0.0,293272000,397047000,0.249,397047000,293272000,230464000,0.92,0.89,0.92,662325000,537754500,662325000,1641828798,5,4.135,44422000,0.3,1.0,944023000,0.592,122691000,62808000,2137885000,2382416250,0,180136000,134820000,45316000,2141834000,423156000,1718678000,1223604798,645269000,456158000,0,-81584000,0,-80854000,646813000,220944000,79310000,70000,135847000,135847000,135847000,0,166000,0.085,845869000,98154000,88990000,0.0,1.847,9.007,8.957,773469000,0,8.24,0.767,0.765,197589000,1230450000,1595341000,1595341000,0,0.049,0.253,0.123,0.184,4693000,711112000,1.0,148495728,148147000,152693000,10.769,2684779000,360426000,94617000,38932000,18.084,974412000
NYT,MRY,2013-12-31,2013-12-29,2013-12-29,2018-05-04,-402611000,2572552000,2624855000,1172267000,1400285000,0.601,5.625,-16942000,482745000,482745000,626913000,64856000,3.364,2.048,684163000,21000,684142000,684163000,0,85477000,0,0.003,0.04,161070000,246547000,0.156,246547000,161070000,102997000,0.43,0.41,0.43,842910000,717731750,842910000,2600794105,16,10.549,17913000,0.12,1.0,950317000,0.603,125871000,58073000,2299588000,2455676500,0,581248000,364880000,216368000,1726018000,348511000,1377507000,2307819105,-338061000,68585000,5086000,-19959000,-6040000,-19259000,-353657000,-401494000,34855000,316000,65105000,65105000,65105000,0,-249000,0.041,788059000,162258000,90982000,0.093,2.738,35.448,35.837,713356000,0,15.41,1.463,1.463,202303000,1283518000,1577230000,1577230000,0,0.025,0.091,0.066,0.102,8741000,706354000,1.0,149761136,149755000,157774000,10.532,2446681000,245848000,37892000,138000,16.328,823756000
NYT,MRY,2014-12-31,2014-12-28,2014-12-28,2018-05-04,-533795000,2566474000,2495728250,1148095000,1418379000,0.636,4.826,-35350000,176607000,176607000,643995000,32305000,1.912,2.531,650120000,223662000,426458000,650120000,0,79455000,0,0.012,0.16,83496000,162951000,0.103,162951000,83496000,29766000,0.22,0.2,0.22,726328000,819082000,726328000,2295937116,27,14.09,45141000,0.3,1.0,944533000,0.595,116422000,53730000,2323057000,2154934750,0,826632000,636743000,189889000,1838125000,600508000,1237617000,2041164116,-305612000,0,1120000,-38857000,-24858000,-61386000,-324717000,-289908000,80491000,-526000,33307000,33307000,33307000,0,-1002000,0.021,852585000,91948000,94401000,0.727,2.81,61.283,61.727,665758000,0,13.58,1.285,1.288,212690000,1291907000,1588528000,1588528000,0,0.013,0.041,0.039,0.053,8880000,761055000,1.0,150306636,150673000,161323000,10.543,2450052000,316227000,-3541000,7214000,16.279,547587000
NYT,MRY,2015-12-31,2015-12-27,2015-12-27,2018-05-04,-509094000,2417690000,2370991250,862532000,1555158000,0.666,5.098,-26965000,105776000,105776000,617812000,62842000,1.53,1.922,431228000,188377000,242851000,431228000,0,61597000,0,0.012,0.16,136206000,197803000,0.125,197803000,136206000,97156000,0.38,0.38,0.38,826751000,828389250,826751000,2508162727,18,12.68,152110000,0.925,1.0,961403000,0.609,109085000,39050000,2070472000,2146616000,0,821590000,507639000,313951000,1589235000,563585000,1025650000,2222761727,-69588000,0,33733000,-223648000,-26599000,-217960000,-30703000,-5671000,179075000,-1243000,63246000,63246000,63246000,0,-404000,0.04,815763000,145640000,96082000,0.421,2.689,35.145,36.132,632439000,0,13.73,1.408,1.429,207180000,1328744000,1579215000,1579215000,0,0.027,0.076,0.063,0.086,10588000,713837000,1.0,161890876,164390000,166423000,9.607,2308605000,309142000,33910000,0,14.236,298947000
NYT,MRY,2016-12-31,2016-12-25,2016-12-25,2018-05-04,-479816000,2185395000,2295875750,796178000,1389217000,0.677,5.258,-30095000,100692000,100692000,628104000,23832000,1.997,1.582,246978000,0,246978000,246978000,0,61723000,0,0.012,0.16,68294000,130017000,0.084,130017000,68294000,33489000,0.18,0.18,0.18,847815000,811183750,847815000,2468839896,36,18.989,73781000,0.458,1.0,927238000,0.596,134517000,34805000,1798427000,1844379000,0,652448000,449535000,202913000,1341151000,398737000,942414000,2190862896,-4876000,-40410000,-14923000,-189768000,-25897000,-237024000,128272000,156564000,103876000,-208000,29068000,29068000,29068000,0,-5236000,0.019,818904000,108334000,104463000,0.889,2.584,75.37,75.556,596743000,0,13.6,1.409,1.409,197355000,1331911000,1555342000,1555342000,0,0.013,0.036,0.037,0.044,12430000,721083000,1.0,161092860,161128000,162817000,9.653,2050878000,301342000,4421000,0,12.72,397441000
NYT,MRY,2017-12-31,2017-12-31,2017-12-31,2018-05-04,-423029000,2099780000,2176033000,749699000,1350081000,0.77,5.528,-84753000,182911000,182911000,615406000,6837000,1.804,1.34,250209000,0,250209000,250209000,0,61871000,0,0.009,0.16,128035000,189906000,0.113,189906000,128035000,108252000,0.03,0.03,0.03,897279000,891065000,897279000,3005460207,23,15.826,1959000,0.012,1.0,1060233000,0.633,143549000,19783000,1607872000,1683712250,0,551736000,308589000,243147000,1202417000,415657000,786760000,3000752207,81712000,0,4601000,-552000,-26004000,-26019000,21019000,97530000,86712000,507000,4296000,4296000,4296000,0,2541000,0.003,947867000,112366000,125479000,5.333,3.344,698.499,616.667,640939000,0,18.5,1.791,1.788,184885000,1310136000,1675639000,1675639000,0,0.002,0.005,0.076,0.076,14809000,810854000,1.0,162202822,161926000,164263000,10.348,1956231000,153046000,103956000,0,12.052,334042000
