ticker,dimension,calendardate,datekey,reportperiod,lastupdated,accoci,assets,assetsavg,assetsc,assetsnc,assetturnover,bvps,capex,cashneq,cashnequsd,cor,consolinc,currentratio,de,debt,debtc,debtnc,debtusd,deferredrev,depamor,deposits,divyield,dps,ebit,ebitda,ebitdamargin,ebitdausd,ebitusd,ebt,eps,epsdil,epsusd,equity,equityavg,equityusd,ev,evebit,evebitda,fcf,fcfps,fxusd,gp,grossmargin,intangibles,intexp,invcap,invcapavg,inventory,investments,investmentsc,investmentsnc,liabilities,liabilitiesc,liabilitiesnc,marketcap,ncf,ncfbus,ncfcommon,ncfdebt,ncfdiv,ncff,ncfi,ncfinv,ncfo,ncfx,netinc,netinccmn,netinccmnusd,netincdis,netincnci,netmargin,opex,opinc,payables,payoutratio,pb,pe,pe1,ppnenet,prefdivis,price,ps,ps1,receivables,retearn,revenue,revenueusd,rnd,roa,roe,roic,ros,sbcomp,sgna,sharefactor,sharesbas,shareswa,shareswadil,sps,tangibles,taxassets,taxexp,taxliabilities,tbvps,workingcapital
OCLR,MRY,2011-12-31,2011-07-02,2011-07-02,2018-05-08,40730000,375174000,392456750,264921000,110253000,1.189,4.693,-41422000,63357000,63357000,342869000,-46425000,2.088,0.638,0,0,0,0,0,18125000,0,0.0,0.0,-42784000,-24659000,-0.053,-24659000,-42784000,-44779000,-0.96,-0.96,-0.96,229095000,253892500,229095000,264163884,-6,-10.713,-46060000,-0.951,1.0,123636000,0.265,30602000,1995000,154333000,156489250,102201000,0,0,0,146079000,126882000,19197000,339868884,-44393000,-6480000,2704000,0,0,2704000,-47902000,0,-4638000,5443000,-46425000,-46425000,-46425000,0,0,-0.1,157246000,-33610000,66179000,0.0,1.484,-7.321,-7.016,69374000,0,6.735,0.729,0.699,82868000,-1126071000,466505000,466505000,65492000,-0.118,-0.183,-0.273,-0.092,6304000,62767000,1.0,50463086,48444000,48444000,9.63,344572000,0,1646000,0,7.059,138039000
OCLR,MRY,2012-12-31,2012-06-30,2012-06-30,2018-05-08,29538000,328306000,329936750,228066000,100240000,0.589,3.298,-1182000,62374000,62374000,165528000,-66503000,1.683,0.958,25500000,25500000,0,25500000,0,22289000,0,0.0,0.0,-63356000,-41067000,-0.211,-41067000,-63356000,-64477000,-1.32,-1.32,-1.32,167651000,188282250,167651000,130864276,-2,-3.187,-27855000,-0.553,1.0,28680000,0.148,27549000,1121000,128341000,147257250,78444000,0,0,0,160655000,135542000,25113000,156502276,-1023000,-71000,97000,25500000,0,22835000,6085000,3438000,-26673000,-3270000,-66503000,-66503000,-66503000,2506000,0,-0.342,96353000,-67673000,60098000,0.0,0.934,-2.353,-2.303,59616000,0,3.04,0.806,0.789,74666000,-1192574000,194208000,194208000,43534000,-0.202,-0.353,-0.43,-0.326,6592000,49490000,1.0,51481012,50396000,50396000,3.854,300757000,0,2026000,0,5.917,92524000
OCLR,MRY,2013-12-31,2013-06-29,2013-06-29,2018-05-08,39368000,449894000,521545000,363188000,86706000,0.776,1.698,-17122000,87354000,87354000,376461000,-122745000,1.535,1.919,105796000,72892000,32904000,105796000,0,42177000,0,0.0,0.0,-119448000,-77271000,-0.191,-77271000,-119448000,-122719000,-1.4,-1.4,-1.4,154132000,213031250,154132000,132935166,-1,-1.72,-104620000,-1.192,1.0,28168000,0.07,10233000,3271000,221574000,247005000,86029000,200000,200000,0,295762000,236529000,59233000,109299166,22875000,54016000,1646000,37763000,0,30781000,66755000,3861000,-87498000,12837000,-122745000,-122745000,-122745000,2450000,0,-0.303,152963000,-124795000,94157000,0.0,0.709,-0.89,-0.843,72028000,0,1.18,0.27,0.256,100774000,-1315319000,404629000,404629000,79266000,-0.235,-0.576,-0.484,-0.295,7212000,78618000,1.0,92626412,87770000,87770000,4.61,439661000,0,26000,0,4.844,126659000
OCLR,MRY,2014-12-31,2014-06-28,2014-06-28,2018-05-08,45864000,365685000,413357750,303369000,62316000,0.946,1.956,-8756000,104028000,104028000,338424000,17819000,2.367,0.759,9926000,5387000,4539000,9926000,0,26383000,0,0.0,0.0,17682000,44065000,0.113,44065000,17682000,8454000,0.18,0.18,0.18,207928000,219680750,207928000,120162824,6,2.727,-89940000,-0.909,1.0,52447000,0.134,8536000,9228000,134885000,151227250,71099000,95000,95000,0,157757000,128162000,29595000,231337824,14338000,175836000,-46000,-72037000,0,-72083000,169200000,0,-81184000,-1595000,17819000,17819000,17819000,-119944000,0,0.046,154778000,-102331000,71283000,0.0,1.113,12.983,11.944,50768000,0,2.15,0.592,0.544,82872000,-1297500000,390871000,390871000,64218000,0.043,0.081,0.117,0.045,6243000,70937000,1.0,107598988,98986000,98986000,3.949,357149000,0,-9365000,0,3.36,175207000
OCLR,MRY,2015-12-31,2015-06-27,2015-06-27,2018-05-08,41526000,325884000,328711500,279018000,46866000,1.038,1.402,-18084000,115115000,115115000,284528000,-56692000,3.021,1.13,65993000,3580000,62413000,65993000,0,18613000,0,0.0,0.0,-54313000,-35700000,-0.105,-35700000,-54313000,-56364000,-0.52,-0.52,-0.52,153000000,169459750,153000000,191529268,-3,-5.365,-64337000,-0.595,1.0,56748000,0.166,2579000,2051000,181822000,152929250,66342000,0,0,0,172884000,92361000,80523000,248155268,12867000,16997000,42000,56788000,0,56830000,847000,141000,-46253000,1443000,-56692000,-56692000,-56692000,8458000,0,-0.166,102209000,-45461000,53133000,0.0,1.622,-4.377,-4.346,41766000,0,2.26,0.727,0.716,74815000,-1354192000,341276000,341276000,46419000,-0.172,-0.335,-0.355,-0.159,6164000,56256000,1.0,109803216,108144000,108144000,3.156,323305000,0,328000,0,2.963,186657000
OCLR,MRY,2016-12-31,2016-07-02,2016-07-02,2018-05-08,39821000,359049000,339356500,290175000,68874000,1.202,1.491,-27750000,96644000,96644000,291496000,8580000,2.643,1.155,67916000,3753000,64163000,67916000,0,16755000,0,0.0,0.0,14415000,31170000,0.076,31170000,14415000,9429000,0.08,0.08,0.08,166611000,155055250,166611000,498073551,34,15.979,-21483000,-0.194,1.0,116418000,0.285,1498000,4986000,219051000,193947000,76369000,0,0,0,192438000,109772000,82666000,537184551,-15911000,0,-1355000,-3151000,0,-4506000,-25332000,0,6267000,7660000,8580000,8580000,8580000,0,0,0.021,100576000,15842000,71201000,0.0,3.224,62.609,59.875,65045000,0,4.79,1.317,1.299,93571000,-1345612000,407914000,407914000,46067000,0.025,0.055,0.074,0.035,8201000,53457000,1.0,112147088,110599000,113228000,3.688,357551000,94000,849000,0,3.199,180403000
OCLR,MRY,2017-12-31,2017-07-01,2017-07-01,2018-05-08,40973000,665149000,585054750,521770000,143379000,1.027,3.069,-61662000,219986000,219986000,365729000,127859000,3.918,0.295,3747000,2368000,1379000,3747000,0,21544000,0,0.0,0.0,116126000,137670000,0.229,137670000,116126000,102813000,0.81,0.77,0.81,513673000,438151250,513673000,1351604202,11,9.818,25716000,0.163,1.0,235239000,0.391,699000,13313000,315028000,238269750,101068000,37559000,37559000,0,151476000,133183000,18293000,1562436202,123341000,0,135600000,-2183000,0,133417000,-99078000,-37415000,87378000,1624000,127859000,127859000,127859000,0,0,0.213,116271000,118968000,88316000,0.0,3.042,12.22,11.531,114333000,0,9.34,2.6,2.457,122287000,-1217753000,600968000,600968000,57094000,0.219,0.292,0.487,0.193,11195000,58461000,1.0,167284390,158115000,165031000,3.801,664450000,25774000,-25046000,0,3.97,388587000
