ticker,dimension,calendardate,datekey,reportperiod,lastupdated,accoci,assets,assetsavg,assetsc,assetsnc,assetturnover,bvps,capex,cashneq,cashnequsd,cor,consolinc,currentratio,de,debt,debtc,debtnc,debtusd,deferredrev,depamor,deposits,divyield,dps,ebit,ebitda,ebitdamargin,ebitdausd,ebitusd,ebt,eps,epsdil,epsusd,equity,equityavg,equityusd,ev,evebit,evebitda,fcf,fcfps,fxusd,gp,grossmargin,intangibles,intexp,invcap,invcapavg,inventory,investments,investmentsc,investmentsnc,liabilities,liabilitiesc,liabilitiesnc,marketcap,ncf,ncfbus,ncfcommon,ncfdebt,ncfdiv,ncff,ncfi,ncfinv,ncfo,ncfx,netinc,netinccmn,netinccmnusd,netincdis,netincnci,netmargin,opex,opinc,payables,payoutratio,pb,pe,pe1,ppnenet,prefdivis,price,ps,ps1,receivables,retearn,revenue,revenueusd,rnd,roa,roe,roic,ros,sbcomp,sgna,sharefactor,sharesbas,shareswa,shareswadil,sps,tangibles,taxassets,taxexp,taxliabilities,tbvps,workingcapital
ODC,MRY,2011-12-31,2011-07-31,2011-07-31,2018-03-09,870000,173393000,167039000,91816000,81577000,1.357,13.597,-13657000,17885000,17885000,176715000,9051000,3.467,0.819,33300000,3600000,29700000,33300000,0,8473000,0,0.031,0.64,14194000,22667000,0.1,22667000,14194000,12141000,1.36,1.26,1.36,95298000,93179250,95298000,165507212,11,7.302,-549000,-0.079,1.0,50040000,0.221,6629000,2053000,155699000,146111750,19230000,15837000,15837000,0,78095000,26480000,51615000,147659212,-877000,0,-1339000,15000000,-4218000,9785000,-23665000,-10008000,13108000,-105000,9051000,9051000,9051000,0,0,0.04,36331000,13709000,6369000,0.471,1.549,16.314,15.213,68028000,0,20.69,0.651,0.638,29217000,121388000,226755000,226755000,0,0.054,0.097,0.097,0.063,299000,36331000,1.0,7136743,6991000,7103000,32.435,166764000,3300000,3090000,0,23.793,65336000
ODC,MRY,2012-12-31,2012-07-31,2012-07-31,2018-03-09,645000,174267000,173236250,95202000,79065000,1.389,12.476,-6929000,27093000,27093000,181676000,6098000,3.269,1.043,29700000,3800000,25900000,29700000,0,9272000,0,0.031,0.68,10421000,19693000,0.082,19693000,10421000,8361000,0.92,0.85,0.92,85308000,93711500,85308000,159520642,15,8.1,16410000,2.345,1.0,59005000,0.245,6365000,2060000,141387000,144437500,19673000,9163000,9163000,0,88959000,29122000,59837000,155469642,9208000,0,-5895000,-3600000,-4486000,-13889000,-270000,6659000,23339000,28000,6098000,6098000,6098000,0,0,0.025,48926000,10079000,6700000,0.739,1.822,25.495,23.837,64453000,0,21.93,0.646,0.638,30225000,122901000,240681000,240681000,0,0.035,0.065,0.072,0.043,635000,47303000,1.0,7089359,6997000,7062000,34.398,167902000,5835000,2263000,0,24.554,66080000
ODC,MRY,2013-12-31,2013-07-31,2013-07-31,2018-03-09,-5035000,183559000,178884750,103372000,80187000,1.401,14.873,-9729000,24035000,24035000,184084000,14586000,3.287,0.783,25900000,3500000,22400000,25900000,0,8946000,0,0.028,0.9,19272000,28218000,0.113,28218000,19272000,17499000,2.25,2.07,2.25,102938000,93816750,102938000,226382159,11,8.023,13637000,1.982,1.0,66499000,0.265,6121000,1773000,147856000,144548500,20723000,18459000,18459000,0,80621000,31447000,49174000,223131159,-3058000,0,712000,-3800000,-4630000,-7450000,-19018000,-9289000,23366000,44000,14586000,14586000,14586000,0,0,0.058,47628000,18871000,6483000,0.4,2.168,15.298,14.16,66055000,0,31.86,0.89,0.875,31148000,132750000,250583000,250583000,0,0.082,0.155,0.133,0.077,596000,47558000,1.0,7003489,6879000,6927000,36.427,177438000,6150000,2913000,0,25.638,71925000
ODC,MRY,2014-12-31,2014-07-31,2014-07-31,2018-03-09,-8263000,186204000,183282500,83516000,102688000,1.453,14.888,-18386000,16359000,16359000,206663000,8356000,2.831,0.785,22400000,3500000,18900000,22400000,0,10396000,0,0.026,0.76,12906000,23302000,0.087,23302000,12906000,11337000,1.27,1.17,1.27,104308000,106307000,104308000,212004258,16,9.098,-2090000,-0.299,1.0,59650000,0.224,16869000,1569000,145876000,146755000,24483000,2640000,2640000,0,81896000,29500000,52396000,206231258,-7805000,-12876000,7000,-3500000,-4965000,-8372000,-15570000,15821000,16296000,-159000,8356000,8356000,8356000,0,0,0.031,47232000,12418000,7352000,0.598,1.977,24.681,22.969,74896000,0,29.17,0.774,0.765,30997000,136039000,266313000,266313000,0,0.046,0.079,0.088,0.048,1103000,47232000,1.0,7069978,6982000,7004000,38.143,169335000,6018000,2981000,0,24.17,54016000
ODC,MRY,2015-12-31,2015-07-31,2015-07-31,2018-03-09,-9245000,190031000,185124500,82643000,107388000,1.412,15.828,-15837000,20138000,20138000,201245000,11368000,2.861,0.719,18900000,3483000,15417000,18900000,0,11994000,0,0.03,0.8,15496000,27490000,0.105,27490000,15496000,14169000,1.73,1.59,1.73,110528000,107543000,110528000,190094931,12,6.915,11139000,1.597,1.0,60157000,0.23,15543000,1327000,144362000,146196750,21369000,2190000,2190000,0,79503000,28888000,50615000,185573931,3908000,0,-73000,-3500000,-5247000,-8743000,-14246000,559000,26976000,-79000,11368000,11368000,11368000,0,0,0.043,45004000,15153000,7428000,0.462,1.679,16.324,15.179,79655000,0,26.26,0.71,0.701,31466000,142095000,261402000,261402000,0,0.061,0.106,0.106,0.059,1065000,45004000,1.0,7066791,6974000,7037000,37.482,174488000,8499000,2801000,0,24.988,53755000
ODC,MRY,2016-12-31,2016-07-31,2016-07-31,2018-03-09,-14022000,204815000,198026250,91173000,113642000,1.325,16.381,-10423000,18629000,18629000,185164000,13613000,2.966,0.773,15298000,3083000,12215000,15298000,0,12192000,0,0.022,0.84,15392000,27584000,0.105,27584000,15392000,14357000,2.04,1.87,2.04,115551000,116349750,115551000,269703940,17,9.778,14748000,2.096,1.0,77149000,0.294,14275000,1035000,156469000,150424500,23251000,10184000,10184000,0,89264000,30740000,58524000,271481940,-1509000,0,448000,-3484000,-5600000,-8442000,-18407000,-7984000,25171000,169000,13613000,13613000,13613000,0,0,0.052,61736000,15413000,6635000,0.412,2.349,19.943,18.358,80711000,0,37.45,1.035,1.005,30386000,149945000,262313000,262313000,0,0.069,0.117,0.102,0.059,1053000,61736000,1.0,7249184,7036000,7094000,37.282,190540000,16638000,744000,0,27.012,60433000
ODC,MRY,2017-12-31,2017-07-31,2017-07-31,2018-03-09,-10292000,212575000,207817250,94230000,118345000,1.262,17.722,-14699000,9095000,9095000,188595000,10792000,2.859,0.687,12244000,3083000,9161000,12244000,0,12772000,0,0.021,0.88,15433000,28205000,0.108,28205000,15433000,14545000,1.6,1.47,1.6,126037000,121526000,126037000,300420011,19,10.651,12250000,1.725,1.0,73712000,0.281,13441000,888000,169329000,161621000,22615000,23576000,23576000,0,86538000,32954000,53584000,301786011,-9534000,0,35000,-3083000,-5926000,-8550000,-28044000,-13345000,26949000,111000,10792000,10792000,10792000,0,0,0.041,58482000,15230000,9594000,0.55,2.394,27.964,25.85,84033000,0,41.36,1.151,1.12,32750000,154735000,262307000,262307000,0,0.052,0.089,0.095,0.059,1083000,58482000,1.0,7296567,7100000,7158000,36.945,199134000,14396000,3753000,0,28.0,61276000
