ticker,dimension,calendardate,datekey,reportperiod,lastupdated,accoci,assets,assetsavg,assetsc,assetsnc,assetturnover,bvps,capex,cashneq,cashnequsd,cor,consolinc,currentratio,de,debt,debtc,debtnc,debtusd,deferredrev,depamor,deposits,divyield,dps,ebit,ebitda,ebitdamargin,ebitdausd,ebitusd,ebt,eps,epsdil,epsusd,equity,equityavg,equityusd,ev,evebit,evebitda,fcf,fcfps,fxusd,gp,grossmargin,intangibles,intexp,invcap,invcapavg,inventory,investments,investmentsc,investmentsnc,liabilities,liabilitiesc,liabilitiesnc,marketcap,ncf,ncfbus,ncfcommon,ncfdebt,ncfdiv,ncff,ncfi,ncfinv,ncfo,ncfx,netinc,netinccmn,netinccmnusd,netincdis,netincnci,netmargin,opex,opinc,payables,payoutratio,pb,pe,pe1,ppnenet,prefdivis,price,ps,ps1,receivables,retearn,revenue,revenueusd,rnd,roa,roe,roic,ros,sbcomp,sgna,sharefactor,sharesbas,shareswa,shareswadil,sps,tangibles,taxassets,taxexp,taxliabilities,tbvps,workingcapital
ORCL,MRY,2011-12-31,2011-05-31,2011-05-31,2018-03-21,542000000,73535000000,68424750000,39174000000,34361000000,0.521,7.852,-345000000,16163000000,16163000000,8398000000,8547000000,2.76,0.837,15922000000,1150000000,14772000000,15922000000,6802000000,2796000000,0,0.006,0.21,12219000000,15015000000,0.422,15015000000,12219000000,11411000000,1.69,1.67,1.69,39776000000,35727750000,39776000000,176058857520,14,11.726,10869000000,2.153,1.0,27224000000,0.764,29413000000,808000000,29689000000,29192250000,303000000,12685000000,12685000000,0,33290000000,14192000000,19098000000,173170857520,6249000000,-1847000000,216000000,1211000000,-1061000000,516000000,-6081000000,-3889000000,11214000000,600000000,8547000000,8547000000,8547000000,0,0,0.24,15191000000,12033000000,494000000,0.124,4.354,20.261,20.249,2857000000,0,34.22,4.861,4.849,6628000000,22581000000,35622000000,35622000000,4519000000,0.125,0.239,0.419,0.343,620000000,7549000000,1.0,5060516000,5048000000,5128000000,7.057,44122000000,2265000000,2864000000,3169000000,8.709,24982000000
ORCL,MRY,2012-12-31,2012-05-31,2012-05-31,2018-03-21,112000000,78327000000,74864250000,40023000000,38304000000,0.496,8.828,-648000000,14955000000,14955000000,7995000000,9981000000,2.601,0.784,16474000000,2950000000,13524000000,16474000000,7035000000,2916000000,0,0.009,0.24,13728000000,16644000000,0.448,16644000000,13728000000,12962000000,1.99,1.96,1.99,43688000000,42343250000,43688000000,132687055820,9,7.972,13095000000,2.611,1.0,29126000000,0.785,33018000000,766000000,31440000000,32753000000,158000000,15721000000,15721000000,0,34240000000,15388000000,18852000000,131691055820,-1208000000,-4702000000,-5123000000,295000000,-1205000000,-6099000000,-8381000000,-3031000000,13743000000,-471000000,9981000000,9981000000,9981000000,0,0,0.269,15420000000,13706000000,438000000,0.121,3.014,13.194,13.302,3021000000,0,26.47,3.548,3.576,6377000000,26087000000,37121000000,37121000000,4523000000,0.133,0.236,0.419,0.37,744000000,8116000000,1.0,4975106000,5015000000,5095000000,7.402,45309000000,1472000000,2981000000,4287000000,9.155,24635000000
ORCL,MRY,2013-12-31,2013-05-31,2013-05-31,2018-03-21,-99000000,81812000000,79369250000,41692000000,40120000000,0.468,9.536,-650000000,14613000000,14613000000,7379000000,10925000000,3.239,0.821,18494000000,0,18494000000,18494000000,7118000000,2931000000,0,0.009,0.3,14695000000,17626000000,0.474,17626000000,14695000000,13898000000,2.29,2.26,2.29,44648000000,43577000000,44648000000,162777027240,11,9.235,13574000000,2.846,1.0,29801000000,0.802,33983000000,797000000,38838000000,36281500000,240000000,17603000000,17603000000,0,36667000000,12872000000,23795000000,159126027240,-342000000,-3305000000,-9494000000,2024000000,-1433000000,-8500000000,-5956000000,-2001000000,14224000000,-110000000,10925000000,10925000000,10925000000,0,0,0.294,15117000000,14684000000,419000000,0.131,3.564,14.565,14.751,3053000000,0,33.78,4.28,4.333,6049000000,25854000000,37180000000,37180000000,4850000000,0.138,0.251,0.405,0.395,924000000,8134000000,1.0,4710658000,4769000000,4844000000,7.796,47829000000,1740000000,2973000000,4810000000,10.216,28820000000
ORCL,MRY,2014-12-31,2014-05-31,2014-05-31,2018-03-21,-164000000,90266000000,87118000000,48128000000,42138000000,0.439,10.478,-580000000,17769000000,17769000000,7236000000,10955000000,3.345,0.913,24097000000,1508000000,22589000000,24097000000,7269000000,2908000000,0,0.011,0.48,14618000000,17526000000,0.458,17526000000,14618000000,13704000000,2.42,2.38,2.42,46878000000,44672250000,46878000000,194723389720,13,11.111,14341000000,3.167,1.0,31039000000,0.811,35789000000,914000000,46416000000,44855500000,189000000,21050000000,21050000000,0,42819000000,14389000000,28430000000,187362389720,3156000000,-3488000000,-7678000000,5566000000,-2178000000,-4068000000,-7539000000,-3471000000,14921000000,-158000000,10955000000,10955000000,10955000000,0,0,0.286,16280000000,14759000000,471000000,0.198,3.997,17.103,17.364,3061000000,0,42.02,4.895,4.971,6087000000,25965000000,38275000000,38275000000,5151000000,0.126,0.245,0.326,0.382,1035000000,8605000000,1.0,4458886000,4528000000,4604000000,8.453,54477000000,1751000000,2749000000,4600000000,12.176,33739000000
ORCL,MRY,2015-12-31,2015-05-31,2015-05-31,2018-03-21,-996000000,110903000000,101937500000,62520000000,48383000000,0.375,11.164,-1391000000,21716000000,21716000000,7532000000,9938000000,4.112,1.27,41958000000,1999000000,39959000000,41958000000,7245000000,2861000000,0,0.012,0.51,13977000000,16838000000,0.44,16838000000,13977000000,12834000000,2.26,2.21,2.26,48663000000,47913750000,48663000000,208479874300,14,12.382,13189000000,2.995,1.0,30694000000,0.803,40493000000,1143000000,75446000000,64838500000,314000000,32652000000,32652000000,0,61805000000,15206000000,46599000000,189923874300,3947000000,-6239000000,-6285000000,18342000000,-2255000000,9606000000,-19047000000,-11417000000,14580000000,-1192000000,9938000000,9938000000,9938000000,0,0,0.26,16823000000,13871000000,806000000,0.226,3.903,19.111,19.243,3686000000,0,43.49,4.968,5.01,5618000000,26503000000,38226000000,38226000000,5524000000,0.097,0.207,0.216,0.366,933000000,8732000000,1.0,4367070000,4404000000,4503000000,8.68,70410000000,1458000000,2896000000,4386000000,16.153,47314000000
ORCL,MRY,2016-12-31,2016-05-31,2016-05-31,2018-03-21,-816000000,112180000000,108315750000,64313000000,47867000000,0.342,11.406,-1189000000,20152000000,20152000000,7479000000,8901000000,3.737,1.362,43855000000,3750000000,40105000000,43855000000,7655000000,2509000000,0,0.015,0.6,12909000000,15418000000,0.416,15418000000,12909000000,11442000000,2.11,2.07,2.11,47289000000,46545000000,47289000000,191347573000,14,12.411,12496000000,2.96,1.0,29568000000,0.798,39533000000,1467000000,79142000000,78556750000,212000000,35973000000,35973000000,0,64390000000,17208000000,47182000000,166824573000,-1564000000,-650000000,-9104000000,1750000000,-2541000000,-9980000000,-5154000000,-3315000000,13685000000,-115000000,8901000000,8901000000,8901000000,0,0,0.24,16964000000,12604000000,504000000,0.284,3.528,18.742,19.052,4000000000,0,40.2,4.503,4.58,5385000000,23888000000,37047000000,37047000000,5787000000,0.082,0.191,0.164,0.348,1037000000,9039000000,1.0,4149865000,4221000000,4305000000,8.777,72647000000,1291000000,2541000000,4908000000,17.522,47105000000
ORCL,MRY,2017-12-31,2017-05-31,2017-05-31,2018-03-21,-803000000,134991000000,126799000000,74515000000,60476000000,0.298,13.041,-2021000000,21784000000,21784000000,7469000000,9335000000,3.082,1.499,57909000000,9797000000,48112000000,57909000000,8233000000,2451000000,0,0.014,0.64,13315000000,15766000000,0.418,15766000000,13315000000,11517000000,2.27,2.21,2.27,53860000000,50093000000,53860000000,220984506760,16,14.017,12105000000,2.942,1.0,30259000000,0.802,50724000000,1798000000,96214000000,93938000000,300000000,44294000000,44294000000,0,80745000000,24178000000,56567000000,186765506760,1632000000,-11221000000,-1663000000,13638000000,-2631000000,9086000000,-21494000000,-8252000000,14126000000,-86000000,9335000000,9335000000,9335000000,0,0,0.247,17549000000,12710000000,599000000,0.282,3.468,20.007,19.996,5315000000,0,45.39,4.95,4.951,5300000000,27598000000,37728000000,37728000000,6159000000,0.074,0.186,0.142,0.353,1350000000,9373000000,1.0,4114684000,4115000000,4217000000,9.168,84267000000,1143000000,2182000000,5681000000,20.404,50337000000
