ticker,dimension,calendardate,datekey,reportperiod,lastupdated,accoci,assets,assetsavg,assetsc,assetsnc,assetturnover,bvps,capex,cashneq,cashnequsd,cor,consolinc,currentratio,de,debt,debtc,debtnc,debtusd,deferredrev,depamor,deposits,divyield,dps,ebit,ebitda,ebitdamargin,ebitdausd,ebitusd,ebt,eps,epsdil,epsusd,equity,equityavg,equityusd,ev,evebit,evebitda,fcf,fcfps,fxusd,gp,grossmargin,intangibles,intexp,invcap,invcapavg,inventory,investments,investmentsc,investmentsnc,liabilities,liabilitiesc,liabilitiesnc,marketcap,ncf,ncfbus,ncfcommon,ncfdebt,ncfdiv,ncff,ncfi,ncfinv,ncfo,ncfx,netinc,netinccmn,netinccmnusd,netincdis,netincnci,netmargin,opex,opinc,payables,payoutratio,pb,pe,pe1,ppnenet,prefdivis,price,ps,ps1,receivables,retearn,revenue,revenueusd,rnd,roa,roe,roic,ros,sbcomp,sgna,sharefactor,sharesbas,shareswa,shareswadil,sps,tangibles,taxassets,taxexp,taxliabilities,tbvps,workingcapital
ORIT,MRY,2011-12-31,2011-06-30,2011-06-30,2018-05-11,2410000,2587233000,2544928750,,,0.03,11.484,-1055000,133243000,133243000,0,28507000,,3.009,522161000,,,522161000,0,856000,1381310000,0.029,0.375,45459000,46315000,0.6,46315000,45459000,45459000,0.54,0.54,0.54,645412000,645267750,645412000,1253046783,27,27.055,46168000,0.821,1.0,77175000,1.0,0,0,2976151000,3031140750,0,2339985000,,,1941821000,,,718829783,-213096000,251000,-8871000,15549000,-19724000,78518000,-338837000,-325004000,47223000,0,28507000,28507000,28507000,0,0,0.369,31716000,45459000,0,0.694,1.114,25.216,23.685,18979000,0,12.79,9.314,9.314,0,190955000,77175000,77175000,0,0.011,0.044,0.015,0.589,1705000,23995000,1.0,56202485,56202485,,1.373,2587233000,22607000,16952000,0,46.034,
ORIT,MRY,2012-12-31,2012-06-30,2012-06-30,2018-05-11,3922000,2700982000,2643105250,,,0.032,11.236,-1361000,11439000,11439000,0,31650000,,4.289,761082000,,,761082000,0,930000,1389706000,0.035,0.5,50107000,51037000,0.597,51037000,50107000,50107000,0.72,0.71,0.72,510709000,513760500,510709000,1348349208,26,26.419,44098000,0.97,1.0,85558000,1.0,0,0,3450625000,3343083750,0,2572561000,,,2190273000,,,654056208,-121804000,5000,-134148000,238921000,-21848000,72272000,-239535000,-240860000,45459000,0,31650000,31650000,31650000,0,0,0.37,35451000,50107000,0,0.694,1.281,20.665,19.986,18182000,0,14.39,7.645,7.645,0,200718000,85558000,85558000,0,0.012,0.062,0.015,0.586,7180000,29708000,1.0,45452134,45452134,,1.882,2700982000,25570000,18457000,0,59.425,
ORIT,MRY,2013-12-31,2013-06-30,2013-06-30,2018-05-11,4430000,2831922000,2806960000,,,0.035,11.433,-593000,12065000,12065000,0,39544000,,4.46,849478000,,,849478000,0,975000,1419703000,0.065,1.025,61523000,62498000,0.629,62498000,61523000,61523000,0.94,0.92,0.94,518710000,513067750,518710000,1596056766,25,25.538,56670000,1.249,1.0,99400000,1.0,0,0,3669335000,3672983250,0,2683350000,,,2313212000,,,711417766,626000,684000,1275000,88396000,-43074000,77314000,-133951000,-122045000,57263000,0,39544000,39544000,39544000,0,0,0.398,37877000,61523000,0,1.09,1.372,17.991,16.681,16802000,0,15.68,7.157,7.157,0,196516000,99400000,99400000,0,0.014,0.077,0.017,0.619,9028000,32599000,1.0,45371031,45371031,,2.191,2831922000,30300000,21979000,0,62.417,
ORIT,MRY,2014-12-31,2014-06-30,2014-06-30,2018-05-11,2194000,3140200000,2978043250,,,0.034,11.503,-572000,18931000,18931000,0,41059000,,4.967,983548000,,,983548000,0,957000,1580975000,0.062,0.95,62547000,63504000,0.622,63504000,62547000,62547000,0.96,0.94,0.96,526292000,524728500,526292000,1591647229,25,25.064,56279000,1.23,1.0,102025000,1.0,0,0,4104817000,3873406250,0,2975890000,,,2613908000,,,704155229,6866000,-1726000,-689000,134070000,-40438000,252629000,-302614000,-294317000,56851000,0,41059000,41059000,41059000,0,0,0.402,39478000,62547000,0,0.99,1.338,17.15,16.031,18525000,0,15.39,6.902,6.902,0,195970000,102025000,102025000,0,0.014,0.078,0.016,0.613,9886000,33810000,1.0,45754076,45754076,,2.23,3140200000,34705000,21488000,0,68.632,
ORIT,MRY,2015-12-31,2015-06-30,2015-06-30,2018-05-11,-1848000,3353065000,3281903750,,,0.036,11.765,-692000,15129000,15129000,0,46902000,,5.477,816817000,,,816817000,0,935000,1962737000,0.059,0.95,73116000,74051000,0.635,74051000,73116000,73116000,1.13,1.1,1.13,517670000,512991750,517670000,1488912935,20,20.107,48213000,1.096,1.0,116638000,1.0,0,0,4154753000,4140099750,0,3169721000,,,2835395000,,,706235935,-3802000,11644000,-21949000,-166731000,-39514000,152062000,-204769000,-195458000,48905000,0,46902000,46902000,46902000,0,0,0.402,42716000,73922000,0,0.841,1.364,15.058,14.204,18490000,0,16.05,6.055,6.055,0,203192000,116638000,116638000,0,0.014,0.091,0.018,0.627,9981000,35094000,1.0,44002239,44002239,,2.651,3353065000,41356000,26214000,0,76.202,
ORIT,MRY,2016-12-31,2016-06-30,2016-06-30,2018-05-11,-10072000,3669338000,3533588750,,,0.041,9.516,-835000,16571000,16571000,0,52295000,,5.856,803038000,,,803038000,0,910000,2260003000,0.075,1.2,80829000,81739000,0.565,81739000,80829000,80829000,1.25,1.21,1.25,535200000,526140000,535200000,1673394589,20,20.472,31138000,0.554,1.0,144545000,1.0,0,0,4455805000,4311874250,0,3484224000,,,3134138000,,,899358589,1442000,39262000,13112000,-13779000,-50007000,244999000,-275530000,-313934000,31973000,0,52295000,52295000,52295000,0,0,0.362,45728000,98817000,0,0.96,1.68,17.198,12.792,14825000,0,15.99,6.222,6.222,0,202429000,144545000,144545000,0,0.015,0.099,0.019,0.559,12505000,39167000,1.0,56245065,56245065,,2.57,3669338000,47360000,28534000,0,65.238,
ORIT,MRY,2017-12-31,2017-06-30,2017-06-30,2018-05-11,3520000,4137684000,4017669250,,,0.03,9.943,-419000,33578000,33578000,0,49144000,,6.399,665555000,,,665555000,0,864000,2856478000,0.07,1.2,75526000,76390000,0.629,76390000,75526000,75526000,1.14,1.1,1.14,559223000,548503000,559223000,1744423358,23,22.836,36932000,0.657,1.0,121455000,1.0,0,0,4769661000,4735003750,0,3936768000,,,3578461000,,,958978358,17007000,25163000,7993000,-137483000,-51850000,413561000,-433905000,-458649000,37351000,0,49144000,49144000,49144000,0,0,0.405,40760000,80695000,0,1.053,1.715,19.514,14.956,14049000,0,17.05,7.896,7.896,0,198186000,121455000,121455000,0,0.012,0.09,0.016,0.622,6574000,34755000,1.0,56245065,56245065,,2.159,4137684000,37693000,26382000,0,73.565,
