ticker,dimension,calendardate,datekey,reportperiod,lastupdated,accoci,assets,assetsavg,assetsc,assetsnc,assetturnover,bvps,capex,cashneq,cashnequsd,cor,consolinc,currentratio,de,debt,debtc,debtnc,debtusd,deferredrev,depamor,deposits,divyield,dps,ebit,ebitda,ebitdamargin,ebitdausd,ebitusd,ebt,eps,epsdil,epsusd,equity,equityavg,equityusd,ev,evebit,evebitda,fcf,fcfps,fxusd,gp,grossmargin,intangibles,intexp,invcap,invcapavg,inventory,investments,investmentsc,investmentsnc,liabilities,liabilitiesc,liabilitiesnc,marketcap,ncf,ncfbus,ncfcommon,ncfdebt,ncfdiv,ncff,ncfi,ncfinv,ncfo,ncfx,netinc,netinccmn,netinccmnusd,netincdis,netincnci,netmargin,opex,opinc,payables,payoutratio,pb,pe,pe1,ppnenet,prefdivis,price,ps,ps1,receivables,retearn,revenue,revenueusd,rnd,roa,roe,roic,ros,sbcomp,sgna,sharefactor,sharesbas,shareswa,shareswadil,sps,tangibles,taxassets,taxexp,taxliabilities,tbvps,workingcapital
OTEX,MRY,2011-12-31,2011-06-30,2011-06-30,2018-05-09,60470000,1932363000,1844957500,515158000,1417205000,0.56,4.537,-36662000,284140000,284140000,341020000,123203000,1.24,0.859,297578000,15545000,282033000,297578000,272875000,129130000,0,0.0,0.0,144586000,273716000,0.265,273716000,144586000,136134000,0.54,0.527,0.54,1039445000,980597250,1039445000,3725997177,25,13.613,186559000,0.817,1.0,692283000,0.67,1177476000,8452000,352952000,329375000,0,0,0,0,892918000,415373000,477545000,3665176177,-42052000,-251124000,-987000,-3604000,0,-2703000,-287268000,0,223221000,24698000,123203000,123203000,123203000,0,0,0.119,541678000,150605000,126249000,0.0,3.526,29.749,29.639,77825000,0,16.005,3.547,3.536,154568000,316894000,1033303000,1033303000,145992000,0.067,0.126,0.439,0.14,9420000,319028000,1.0,229001948,228308000,233040000,4.526,754887000,134328000,12931000,164011000,3.295,99785000
OTEX,MRY,2012-12-31,2012-06-30,2012-06-30,2018-05-09,44364000,2444293000,2332263750,790876000,1653417000,0.518,5.06,-25828000,559747000,559747000,418018000,125174000,1.659,1.073,596374000,41374000,555000000,596374000,296726000,159485000,0,0.0,0.0,152909000,312394000,0.259,312394000,152909000,137345000,0.54,0.535,0.54,1179392000,1138592750,1179392000,2997049413,19,9.594,240662000,1.039,1.0,789455000,0.654,1352797000,15564000,651329000,601988250,0,0,0,0,1264901000,476794000,788107000,2901603413,275607000,-255518000,10382000,289479000,0,302584000,-281539000,0,266490000,-11928000,125174000,125174000,125174000,0,0,0.104,640095000,149360000,132015000,0.0,2.46,23.181,23.102,81157000,0,12.475,2.403,2.392,163664000,442068000,1207473000,1207473000,169043000,0.054,0.11,0.254,0.127,15374000,371616000,1.0,232593460,231560000,234936000,5.215,1091496000,150525000,12171000,203746000,4.683,314082000
OTEX,MRY,2013-12-31,2013-06-30,2013-06-30,2018-05-09,39890000,2654817000,2613245250,717091000,1937726000,0.522,5.678,-23107000,470445000,470445000,485904000,148520000,1.358,0.985,565492000,51742000,513750000,565492000,305825000,186851000,0,0.004,0.075,195192000,382043000,0.28,382043000,195192000,178210000,0.635,0.63,0.635,1337208000,1278267500,1337208000,4139387754,21,10.835,295395000,1.26,1.0,877432000,0.644,1610487000,16982000,611494000,637277500,0,0,0,0,1317609000,527883000,789726000,4012823754,-89302000,-347345000,16347000,-30677000,-17703000,-31118000,-374394000,0,318502000,-2292000,148520000,148520000,148520000,0,0,0.109,679767000,197665000,188443000,0.118,3.001,27.019,26.957,88364000,0,17.117,2.943,2.943,174927000,572885000,1363336000,1363336000,164010000,0.057,0.116,0.306,0.143,14660000,398482000,1.0,234428144,234416000,236248000,5.816,1044330000,174415000,29690000,215491000,4.435,189208000
OTEX,MRY,2014-12-31,2014-06-30,2014-06-30,2018-05-09,39449000,3899698000,3301453250,815735000,3083963000,0.492,6.755,-42268000,427890000,427890000,510742000,218074000,1.272,1.375,1319332000,62582000,1256750000,1319332000,367441000,186177000,0,0.013,0.311,304520000,490697000,0.302,490697000,304520000,276586000,0.91,0.905,0.91,1642167000,1493543500,1642167000,6825450163,22,13.91,374859000,1.566,1.0,1113957000,0.686,2665400000,27934000,1484539000,1035960500,0,0,0,0,2257531000,641201000,1616330000,5829137163,-42555000,-1108361000,23533000,737404000,-74693000,687944000,-1153368000,0,417127000,5742000,218125000,218125000,218125000,0,-51000,0.134,813429000,300528000,231954000,0.342,3.55,26.724,26.341,142261000,0,23.97,3.588,3.531,292929000,716317000,1624699000,1624699000,176834000,0.066,0.146,0.294,0.187,18062000,489021000,1.0,243184696,239348000,241152000,6.788,1234298000,224748000,58461000,236505000,5.077,174534000
OTEX,MRY,2015-12-31,2015-06-30,2015-06-30,2018-05-09,51828000,4353330000,4109267250,1069638000,3283692000,0.451,7.484,-77046000,699999000,699999000,598409000,234406000,1.713,1.379,1557370000,8000000,1549370000,1557370000,399232000,240147000,0,0.018,0.358,320585000,560732000,0.303,560732000,320585000,265965000,0.96,0.95,0.96,1829807000,1765800000,1829807000,5937923402,18,10.59,445985000,1.826,1.0,1253508000,0.677,2841071000,54620000,1745193000,1638453250,0,11166000,11166000,0,2523523000,624437000,1899086000,4953298402,272109000,-327792000,5114000,251445000,-87629000,170605000,-398395000,17017000,523031000,-23132000,234327000,234327000,234327000,0,79000,0.127,904797000,348711000,241370000,0.373,2.707,21.138,21.109,160419000,0,20.265,2.675,2.672,284131000,863015000,1851917000,1851917000,196491000,0.057,0.133,0.196,0.173,20372000,536338000,1.0,244426272,244184000,245914000,7.584,1512259000,211142000,31638000,234132000,6.186,445201000
OTEX,MRY,2016-12-31,2016-06-30,2016-06-30,2018-05-09,46310000,5154144000,4540818000,1672273000,3481871000,0.402,8.158,-70009000,1283757000,1283757000,574000000,284495000,2.492,1.604,2145987000,8000000,2137987000,2145987000,419367000,242368000,0,0.014,0.415,367122000,609490000,0.334,609490000,367122000,290759000,1.17,1.17,1.17,1979197000,1888407500,1979197000,7880068627,21,12.929,455713000,1.876,1.0,1250228000,0.685,2971826000,76363000,2373519000,1959461500,0,11839000,11839000,0,3174947000,671029000,2503918000,7175473627,583758000,-293071000,-56039000,585235000,-99262000,430164000,-361176000,11297000,525722000,-10952000,284477000,284477000,284477000,0,18000,0.156,881665000,368563000,257450000,0.355,3.625,25.223,25.282,183660000,0,29.58,3.933,3.939,285904000,992546000,1824228000,1824228000,194057000,0.063,0.151,0.187,0.201,25748000,484632000,1.0,242578554,242926000,244076000,7.509,2182318000,281664000,6282000,260302000,8.995,1001244000
OTEX,MRY,2017-12-31,2017-06-30,2017-06-30,2018-05-09,48800000,7480562000,6967071750,1003477000,6477085000,0.329,13.389,-79592000,443357000,443357000,762391000,1025915000,0.89,1.117,2569817000,182760000,2387057000,2569817000,637289000,345715000,0,0.015,0.477,368419000,714134000,0.312,714134000,368419000,249295000,4.04,4.01,4.04,3533319000,3351580750,3533319000,10496779717,28,14.699,359661000,1.417,1.0,1528666000,0.667,4889291000,119124000,3590688000,3482212500,0,0,0,0,3947243000,1127043000,2820200000,8324214717,-840400000,-2114647000,631618000,416755000,-120581000,909544000,-2190964000,9212000,439253000,1767000,1025659000,1025659000,1025659000,0,256000,0.448,1175734000,352932000,342120000,0.118,2.356,8.116,7.807,227418000,0,31.54,3.633,3.495,445812000,1897624000,2291057000,2291057000,281680000,0.147,0.306,0.106,0.161,28973000,615276000,1.0,263925641,253879000,255805000,9.024,2591271000,1256952000,-776364000,289052000,9.819,-123566000
