ticker,dimension,calendardate,datekey,reportperiod,lastupdated,accoci,assets,assetsavg,assetsc,assetsnc,assetturnover,bvps,capex,cashneq,cashnequsd,cor,consolinc,currentratio,de,debt,debtc,debtnc,debtusd,deferredrev,depamor,deposits,divyield,dps,ebit,ebitda,ebitdamargin,ebitdausd,ebitusd,ebt,eps,epsdil,epsusd,equity,equityavg,equityusd,ev,evebit,evebitda,fcf,fcfps,fxusd,gp,grossmargin,intangibles,intexp,invcap,invcapavg,inventory,investments,investmentsc,investmentsnc,liabilities,liabilitiesc,liabilitiesnc,marketcap,ncf,ncfbus,ncfcommon,ncfdebt,ncfdiv,ncff,ncfi,ncfinv,ncfo,ncfx,netinc,netinccmn,netinccmnusd,netincdis,netincnci,netmargin,opex,opinc,payables,payoutratio,pb,pe,pe1,ppnenet,prefdivis,price,ps,ps1,receivables,retearn,revenue,revenueusd,rnd,roa,roe,roic,ros,sbcomp,sgna,sharefactor,sharesbas,shareswa,shareswadil,sps,tangibles,taxassets,taxexp,taxliabilities,tbvps,workingcapital
OVRL,MRY,2011-12-31,2011-06-30,2011-06-30,2017-06-18,-685000,40925000,42131000,36228000,4697000,1.666,2.309,-320000,10168000,10168000,48983000,-14499000,1.314,4.736,0,0,0,0,0,1538000,0,0.0,0.0,-13122000,-11584000,-0.165,-11584000,-13122000,-14214000,-4.7,-4.7,-4.7,7135000,4697500,7135000,49348610,-3,-4.26,-11264000,-3.645,1.0,21214000,0.302,2498000,1092000,694000,743500,9437000,0,0,0,33790000,27565000,6225000,63904610,1316000,0,17825000,-5120000,0,12705000,-470000,0,-10944000,25000,-14499000,-14499000,-14499000,0,0,-0.207,36813000,-15599000,8328000,0.0,8.956,-4.408,-2.957,659000,0,13.9,0.91,0.612,10992000,-96562000,70197000,70197000,7653000,-0.344,-3.087,-17.649,-0.187,3073000,29160000,1.0,4597454,3090400,3090400,22.715,38427000,0,285000,111000,12.434,8663000
OVRL,MRY,2012-12-31,2012-06-30,2012-06-30,2017-06-18,-918000,38260000,38623250,34152000,4108000,1.544,0.55,-868000,10522000,10522000,40472000,-16161000,1.276,11.581,3500000,0,3500000,3500000,0,1610000,0,0.0,0.0,-15982000,-14372000,-0.241,-14372000,-15982000,-16082000,-3.3,-3.3,-3.3,3041000,2663250,3041000,41948684,-2,-2.919,-9566000,-1.953,1.0,19160000,0.321,1349000,100000,3130000,1948750,10658000,0,0,0,35219000,26759000,8460000,51878684,354000,0,7102000,3500000,0,9931000,-868000,0,-8698000,-11000,-16161000,-16161000,-16161000,0,0,-0.271,36174000,-17014000,7012000,0.0,17.06,-3.21,-2.848,1446000,0,9.4,0.87,0.772,9193000,-112723000,59632000,59632000,8148000,-0.418,-6.068,-8.201,-0.268,4994000,28026000,1.0,5519009,4897400,4897400,12.176,36911000,0,79000,172000,6.676,7393000
OVRL,MRY,2013-12-31,2013-06-30,2013-06-30,2017-06-18,-991000,31403000,32551500,27748000,3655000,1.475,-1.73,-983000,8831000,8831000,31220000,-19647000,1.317,-4.05,16750000,0,16750000,16750000,10707000,1248000,0,0.0,0.0,-18888000,-17640000,-0.367,-17640000,-18888000,-19482000,-3.41,-3.41,-3.41,-10296000,-5037000,-10296000,36726241,-1,-2.082,-15026000,-2.605,1.0,16800000,0.35,652000,594000,17606000,7577000,10354000,0,0,0,41699000,21064000,20635000,34124241,-1691000,0,1085000,13002000,0,13338000,-983000,0,-14043000,-3000,-19647000,-19647000,-19647000,0,0,-0.409,35675000,-18875000,5221000,0.0,-3.314,-1.737,-1.672,2014000,0,5.7,0.711,0.685,6640000,-132370000,48020000,48020000,6522000,-0.604,3.901,-2.493,-0.393,4770000,29153000,1.0,5986709,5768000,5768000,8.325,30751000,0,165000,178000,5.167,6684000
OVRL,MRY,2014-12-31,2014-06-30,2014-06-30,2017-06-18,4654000,93939000,61306750,44191000,49748000,1.072,3.202,-954000,4262000,4262000,45377000,-22924000,1.363,1.553,19934000,0,19934000,19934000,11312000,2597000,0,0.0,0.0,-24292000,-21695000,-0.33,-21695000,-24292000,-25484000,-1.99,-1.99,-1.99,36794000,15569750,36794000,95802114,-3,-4.416,-19967000,-1.738,1.0,20315000,0.309,42828000,1192000,34356000,24503000,15525000,7814000,7814000,0,57145000,32427000,24718000,84904114,-4569000,2115000,86000,13907000,0,13503000,911000,0,-19013000,30000,-22924000,-22924000,-22924000,0,0,-0.349,44265000,-23950000,11159000,0.0,2.308,-3.704,-2.437,5799000,0,4.85,1.292,0.848,14171000,-155294000,65692000,65692000,6189000,-0.374,-1.472,-0.991,-0.37,3953000,38076000,1.0,17506003,11491000,11491000,5.717,51111000,0,-2560000,118000,4.448,11764000
