ticker,dimension,calendardate,datekey,reportperiod,lastupdated,accoci,assets,assetsavg,assetsc,assetsnc,assetturnover,bvps,capex,cashneq,cashnequsd,cor,consolinc,currentratio,de,debt,debtc,debtnc,debtusd,deferredrev,depamor,deposits,divyield,dps,ebit,ebitda,ebitdamargin,ebitdausd,ebitusd,ebt,eps,epsdil,epsusd,equity,equityavg,equityusd,ev,evebit,evebitda,fcf,fcfps,fxusd,gp,grossmargin,intangibles,intexp,invcap,invcapavg,inventory,investments,investmentsc,investmentsnc,liabilities,liabilitiesc,liabilitiesnc,marketcap,ncf,ncfbus,ncfcommon,ncfdebt,ncfdiv,ncff,ncfi,ncfinv,ncfo,ncfx,netinc,netinccmn,netinccmnusd,netincdis,netincnci,netmargin,opex,opinc,payables,payoutratio,pb,pe,pe1,ppnenet,prefdivis,price,ps,ps1,receivables,retearn,revenue,revenueusd,rnd,roa,roe,roic,ros,sbcomp,sgna,sharefactor,sharesbas,shareswa,shareswadil,sps,tangibles,taxassets,taxexp,taxliabilities,tbvps,workingcapital
OXM,MRY,2011-12-31,2012-01-28,2012-01-28,2018-04-02,-23674000,509207000,505844500,214070000,295137000,1.5,12.36,-35310000,13373000,13373000,345944000,29380000,1.821,1.495,105976000,2571000,103405000,105976000,0,27154000,0,0.011,0.52,59927000,87081000,0.115,87081000,59927000,43661000,1.78,1.78,1.78,204069000,199593500,204069000,914031596,15,10.496,9335000,0.565,1.0,412969000,0.544,181688000,16266000,302568000,309330250,103420000,0,0,0,305138000,117554000,187584000,812424596,-30800000,-398000,904000,-49552000,-8568000,-57216000,-35708000,0,44645000,79000,29380000,29380000,29380000,-137000,0,0.039,344162000,68807000,89149000,0.292,3.981,27.652,27.663,93206000,0,49.24,1.071,1.071,59706000,111551000,758913000,758913000,0,0.058,0.147,0.194,0.079,2180000,358582000,1.0,16499281,16510000,16529000,45.967,327519000,19733000,14281000,34882000,19.838,96516000
OXM,MRY,2012-12-31,2013-02-02,2013-02-02,2018-04-02,-24585000,556070000,530744500,222390000,333680000,1.612,13.857,-60702000,7517000,7517000,385985000,31317000,1.79,1.419,116496000,7944000,108552000,116496000,0,26335000,0,0.012,0.6,59828000,86163000,0.101,86163000,59828000,50889000,1.89,1.89,1.89,229845000,226204250,229845000,946800842,15,10.988,6396000,0.386,1.0,469557000,0.549,181592000,8939000,359191000,348808250,109605000,0,0,0,326225000,124266000,201959000,822165842,-6011000,-1813000,2892000,2942000,-9924000,-10594000,-62515000,0,67098000,155000,31317000,31317000,31317000,0,0,0.037,400586000,68971000,66004000,0.317,3.577,26.253,26.249,128882000,0,49.61,0.961,0.96,62805000,132944000,855542000,855542000,0,0.059,0.138,0.172,0.07,2402000,410737000,1.0,16572583,16563000,16586000,51.654,374478000,22952000,19572000,34385000,22.577,98124000
OXM,MRY,2013-12-31,2014-02-01,2014-02-01,2018-04-02,-23618000,627305000,599495250,271032000,356273000,1.53,15.853,-41242000,8483000,8483000,403523000,45291000,2.037,1.411,141585000,3993000,137592000,141585000,0,33902000,0,0.01,0.72,84670000,118572000,0.129,118572000,84670000,80501000,2.75,2.75,2.75,260163000,247229500,260163000,1396076487,16,11.774,11492000,0.699,1.0,513574000,0.56,190422000,4169000,436939000,436051000,143712000,0,0,0,367142000,133046000,234096000,1238665487,542000,-17888000,-5700000,24954000,-11915000,6938000,-59130000,0,52734000,424000,45291000,45291000,45291000,0,0,0.049,428904000,84670000,75527000,0.262,4.761,27.349,27.444,141519000,0,75.47,1.351,1.354,75277000,153344000,917097000,917097000,0,0.076,0.183,0.194,0.092,-4427000,447645000,1.0,16412687,16450000,16482000,55.751,436883000,20465000,35210000,39343000,26.621,137986000
OXM,MRY,2014-12-31,2015-01-31,2015-01-31,2018-04-02,-30154000,622407000,626096750,258545000,363862000,1.47,17.679,-50355000,5281000,5281000,402376000,45758000,1.616,1.142,104842000,0,104842000,104842000,0,37646000,0,0.015,0.84,84780000,122426000,0.133,122426000,84780000,81544000,2.79,2.78,2.79,290605000,282300500,290605000,1062788878,12,8.681,45054000,2.742,1.0,517949000,0.563,163430000,3236000,398596000,438814500,120613000,0,0,0,331802000,159942000,171860000,921504878,-2565000,0,990000,-32236000,-13873000,-47619000,-50355000,0,95409000,-637000,45758000,45758000,45758000,8039000,0,0.05,425130000,92819000,72785000,0.301,3.171,20.139,20.05,146039000,0,55.94,1.001,0.999,64587000,185229000,920325000,920325000,0,0.073,0.162,0.193,0.092,4103000,439069000,1.0,16473094,16429000,16471000,56.018,458977000,0,35786000,10443000,27.922,98603000
OXM,MRY,2015-12-31,2016-01-30,2016-01-30,2018-04-02,-6829000,582690000,587489500,216796000,365894000,1.65,20.302,-73082000,6323000,6323000,411185000,30562000,1.682,0.742,43975000,0,43975000,43975000,0,36427000,0,0.014,1.0,69539000,105966000,0.109,105966000,69539000,67081000,1.86,1.85,1.86,334400000,321246000,334400000,1220557015,17,11.518,32291000,1.962,1.0,558105000,0.576,160961000,2458000,330482000,362446500,129136000,0,0,0,248290000,128899000,119391000,1158371015,-39000,59336000,1307000,-63633000,-16640000,-91466000,-13946000,0,105373000,1081000,30562000,30562000,30562000,27975000,0,0.032,460591000,97514000,68306000,0.538,3.464,37.902,37.559,184094000,0,69.86,1.195,1.186,59065000,199151000,969290000,969290000,0,0.052,0.095,0.192,0.072,5241000,475031000,1.0,16581320,16456000,16559000,58.902,421729000,0,36519000,3657000,25.604,87897000
OXM,MRY,2016-12-31,2017-01-28,2017-01-28,2018-04-02,-5276000,685159000,688998250,231628000,453531000,1.484,22.741,-49415000,6332000,6332000,439814000,52461000,1.763,0.822,91509000,0,91509000,91509000,0,42219000,0,0.02,1.08,87846000,130065000,0.127,130065000,87846000,84425000,3.18,3.15,3.18,376130000,367790750,376130000,1043835145,11,8.025,69150000,4.185,1.0,582774000,0.57,235260000,3421000,403680000,456411500,142175000,0,0,0,309029000,131396000,177633000,906761145,-559000,-97076000,-610000,47534000,-18119000,27367000,-146491000,0,118565000,568000,52461000,52461000,52461000,2038000,0,0.051,492890000,89884000,76825000,0.34,2.411,17.284,17.003,193931000,0,54.07,0.887,0.874,58279000,233493000,1022588000,1022588000,0,0.076,0.143,0.192,0.086,6445000,507070000,1.0,16770134,16522000,16649000,61.893,449899000,0,31964000,13578000,27.201,100232000
OXM,MRY,2017-12-31,2018-02-03,2018-02-03,2018-04-02,-4074000,699941000,683444000,236118000,463823000,1.589,25.851,-38748000,6343000,6343000,473579000,65090000,1.749,0.628,45809000,0,45809000,45809000,0,42402000,0,0.014,1.08,86389000,128791000,0.119,128791000,86389000,83280000,3.92,3.89,3.92,429824000,408692750,429824000,1399243756,16,10.864,79845000,4.81,1.0,612632000,0.564,245561000,3109000,358836000,377627750,126812000,0,0,0,270117000,135010000,135107000,1333189756,-396000,-15529000,-823000,-45701000,-18188000,-64712000,-54277000,0,118593000,407000,65090000,65090000,65090000,-389000,0,0.06,526632000,86000000,66175000,0.276,3.102,20.482,20.204,193533000,0,79.2,1.227,1.21,67542000,280395000,1086211000,1086211000,0,0.095,0.159,0.229,0.08,6413000,540517000,1.0,16833204,16600000,16734000,65.434,454380000,0,18190000,15269000,27.328,101108000
