ticker,dimension,calendardate,datekey,reportperiod,lastupdated,accoci,assets,assetsavg,assetsc,assetsnc,assetturnover,bvps,capex,cashneq,cashnequsd,cor,consolinc,currentratio,de,debt,debtc,debtnc,debtusd,deferredrev,depamor,deposits,divyield,dps,ebit,ebitda,ebitdamargin,ebitdausd,ebitusd,ebt,eps,epsdil,epsusd,equity,equityavg,equityusd,ev,evebit,evebitda,fcf,fcfps,fxusd,gp,grossmargin,intangibles,intexp,invcap,invcapavg,inventory,investments,investmentsc,investmentsnc,liabilities,liabilitiesc,liabilitiesnc,marketcap,ncf,ncfbus,ncfcommon,ncfdebt,ncfdiv,ncff,ncfi,ncfinv,ncfo,ncfx,netinc,netinccmn,netinccmnusd,netincdis,netincnci,netmargin,opex,opinc,payables,payoutratio,pb,pe,pe1,ppnenet,prefdivis,price,ps,ps1,receivables,retearn,revenue,revenueusd,rnd,roa,roe,roic,ros,sbcomp,sgna,sharefactor,sharesbas,shareswa,shareswadil,sps,tangibles,taxassets,taxexp,taxliabilities,tbvps,workingcapital
PAY,MRY,2011-12-31,2011-10-31,2011-10-31,2018-03-09,-6671000,2313561000,1525168500,1160448000,1153113000,0.855,11.418,-14811000,594562000,594562000,812116000,282696000,1.65,0.937,483811000,272055000,211756000,483811000,100291000,48318000,0,0.0,0.0,117347000,165665000,0.127,165665000,117347000,90992000,3.06,2.92,3.06,1193748000,552195250,1193748000,4339918334,36,26.197,159762000,1.729,1.0,491750000,0.377,825181000,26355000,674349000,603774250,144316000,0,0,0,1118068000,703280000,414788000,4443091334,149425000,-49231000,48534000,-10160000,0,38674000,-63169000,0,174573000,-653000,282404000,282404000,282404000,0,292000,0.217,386040000,105710000,144278000,0.0,3.722,15.733,13.794,83634000,0,42.21,3.408,2.992,294440000,-269056000,1303866000,1303866000,109155000,0.185,0.511,0.194,0.09,34144000,262056000,1.0,105261581,92414000,96616000,14.109,1488380000,205496000,-191412000,92594000,14.236,457168000
PAY,MRY,2012-12-31,2012-10-31,2012-10-31,2018-03-09,-32390000,3490607000,3606209500,1135443000,2355164000,0.517,11.799,-63181000,454072000,454072000,1110130000,66303000,1.991,1.688,1307617000,54916000,1252701000,1307617000,128607000,177832000,0,0.0,0.0,125514000,303346000,0.163,303346000,125514000,67083000,0.61,0.59,0.61,1270974000,1227500250,1270974000,4107574700,32,13.541,154782000,1.446,1.0,755841000,0.405,1914189000,58431000,1859573000,1863020500,178274000,0,0,0,2145130000,570390000,1574740000,3195542700,-140490000,-1069412000,30308000,762082000,0,768146000,-1118034000,0,217963000,-8565000,65033000,65033000,65033000,0,1270000,0.035,608296000,147545000,193062000,0.0,2.514,49.137,48.59,146803000,0,29.64,1.713,1.7,366887000,-204023000,1865971000,1865971000,152001000,0.018,0.053,0.067,0.067,44554000,354868000,1.0,107811832,107006000,110315000,17.438,1576418000,215139000,2050000,214537000,14.634,565053000
PAY,MRY,2013-12-31,2013-10-31,2013-10-31,2018-03-09,14847000,2993720000,3314984000,824992000,2168728000,0.513,9.842,-77535000,268220000,268220000,1057032000,-295001000,1.404,1.709,1035861000,92536000,943325000,1035861000,129198000,207798000,0,0.0,0.0,-63668000,144130000,0.085,144130000,-63668000,-108012000,-2.73,-2.73,-2.73,1078151000,1236791250,1078151000,3285399885,-51,22.795,158935000,1.463,1.0,645189000,0.379,1895362000,44344000,1278335000,1637691250,138695000,0,0,0,1842066000,587664000,1254402000,2475306885,-185852000,-75908000,11126000,-275869000,0,-277432000,-144730000,0,236470000,-160000,-296055000,-296055000,-296055000,0,1054000,-0.174,711543000,-66354000,116533000,0.0,2.296,-8.361,-8.3,172187000,0,22.66,1.454,1.446,284020000,-500078000,1702221000,1702221000,173318000,-0.089,-0.239,-0.039,-0.037,48851000,377694000,1.0,109236844,108609000,108609000,15.673,1098358000,23897000,188043000,175945000,10.026,237328000
PAY,MRY,2014-12-31,2014-10-31,2014-10-31,2018-03-09,-104830000,2681514000,2804509500,758389000,1923125000,0.666,9.164,-85011000,250187000,250187000,1144157000,-36442000,1.542,1.558,868415000,31792000,836623000,868415000,143043000,213641000,0,0.0,0.0,900000,214541000,0.115,214541000,900000,-41572000,-0.34,-0.34,-0.34,1033790000,1050980250,1033790000,4872806288,5414,22.713,114056000,1.022,1.0,724717000,0.388,1643487000,42472000,1164590000,1199334250,124275000,0,0,0,1610842000,491665000,1119177000,4212557288,-18033000,0,35384000,-161360000,0,-128071000,-77893000,0,199067000,-11136000,-38130000,-38130000,-38130000,0,1688000,-0.02,718832000,5885000,161226000,0.0,4.075,-110.479,-109.588,177753000,0,37.26,2.254,2.225,305500000,-538208000,1868874000,1868874000,197813000,-0.014,-0.036,0.001,0.0,53897000,416771000,1.0,113058435,111586000,111586000,16.748,1038027000,51265000,-3442000,130494000,9.201,266724000
PAY,MRY,2015-12-31,2015-10-31,2015-10-31,2018-03-09,-292321000,2473062000,2494259250,782264000,1690798000,0.802,7.863,-106492000,208870000,208870000,1174474000,80357000,1.445,1.711,799329000,39088000,760241000,799329000,138221000,169400000,0,0.0,0.0,103143000,272543000,0.136,272543000,103143000,71688000,0.69,0.68,0.69,899504000,923048000,899504000,4035913263,39,14.808,141637000,1.242,1.0,825983000,0.413,1401548000,31455000,1120732000,1158348000,129716000,0,0,0,1538621000,541241000,997380000,3464488263,-43092000,-22072000,-70134000,-73289000,0,-133558000,-128449000,0,248129000,-29214000,79097000,79097000,79097000,0,1260000,0.04,718992000,106991000,189354000,0.0,3.852,43.801,43.681,190965000,0,30.14,1.732,1.718,361988000,-535716000,2000457000,2000457000,198135000,0.032,0.086,0.089,0.052,42253000,428723000,1.0,114946525,114044000,115934000,17.541,1071514000,35896000,-7409000,102921000,9.367,241023000
PAY,MRY,2016-12-31,2016-10-31,2016-10-31,2018-03-09,-340994000,2494807000,2594975500,757427000,1737380000,0.768,7.329,-105335000,148352000,148352000,1197838000,-9700000,1.406,2.017,925913000,66017000,859896000,925913000,171313000,179236000,0,0.0,0.0,36810000,216046000,0.108,216046000,36810000,2246000,-0.08,-0.08,-0.08,813731000,840987750,813731000,2534804656,68,11.733,92101000,0.831,1.0,794311000,0.399,1416791000,34564000,1316778000,1341812250,175231000,0,0,0,1641422000,538799000,1102623000,1717859656,-56688000,-172219000,-79866000,107324000,0,24359000,-275189000,0,197436000,-3294000,-9281000,-9281000,-9281000,0,-419000,-0.005,761532000,32779000,154574000,0.0,2.111,-185.094,-193.5,202277000,0,15.48,0.862,0.861,323447000,-618339000,1992149000,1992149000,207503000,-0.004,-0.011,0.027,0.018,42278000,421591000,1.0,110972846,110829000,110829000,17.975,1078016000,36989000,11527000,99371000,9.709,218628000
PAY,MRY,2017-12-31,2017-10-31,2017-10-31,2018-03-09,-266572000,2322170000,2397173750,718655000,1603515000,0.78,6.722,-67324000,131029000,131029000,1157964000,-175319000,1.325,2.04,830814000,68770000,762044000,830814000,163215000,140727000,0,0.0,0.0,-108132000,32595000,0.017,32595000,-108132000,-141329000,-1.55,-1.55,-1.55,754593000,766027250,754593000,2860076433,-26,87.746,98642000,0.882,1.0,713012000,0.381,1340748000,33197000,1138954000,1208872750,126563000,0,0,0,1539698000,542253000,997445000,2140801433,-15452000,-3504000,0,-109659000,0,-112457000,-72706000,0,165966000,3745000,-173829000,-173829000,-173829000,0,-1490000,-0.093,825390000,-112378000,144761000,0.0,2.837,-12.316,-12.31,127872000,0,19.08,1.144,1.14,322667000,-792168000,1870976000,1870976000,211615000,-0.073,-0.227,-0.089,-0.058,40013000,383617000,1.0,112201333,111817000,111817000,16.732,981422000,33089000,32500000,97524000,8.742,176402000
