ticker,dimension,calendardate,datekey,reportperiod,lastupdated,accoci,assets,assetsavg,assetsc,assetsnc,assetturnover,bvps,capex,cashneq,cashnequsd,cor,consolinc,currentratio,de,debt,debtc,debtnc,debtusd,deferredrev,depamor,deposits,divyield,dps,ebit,ebitda,ebitdamargin,ebitdausd,ebitusd,ebt,eps,epsdil,epsusd,equity,equityavg,equityusd,ev,evebit,evebitda,fcf,fcfps,fxusd,gp,grossmargin,intangibles,intexp,invcap,invcapavg,inventory,investments,investmentsc,investmentsnc,liabilities,liabilitiesc,liabilitiesnc,marketcap,ncf,ncfbus,ncfcommon,ncfdebt,ncfdiv,ncff,ncfi,ncfinv,ncfo,ncfx,netinc,netinccmn,netinccmnusd,netincdis,netincnci,netmargin,opex,opinc,payables,payoutratio,pb,pe,pe1,ppnenet,prefdivis,price,ps,ps1,receivables,retearn,revenue,revenueusd,rnd,roa,roe,roic,ros,sbcomp,sgna,sharefactor,sharesbas,shareswa,shareswadil,sps,tangibles,taxassets,taxexp,taxliabilities,tbvps,workingcapital
PAYX,MRY,2011-12-31,2011-05-31,2011-05-31,2018-03-28,37500000,5393800000,5354575000,4257900000,1135900000,0.389,4.132,-100500000,119000000,119000000,651500000,515300000,1.124,2.605,0,0,0,0,3000000,88700000,3513900000,0.038,1.24,792200000,880900000,0.423,880900000,792200000,792200000,1.42,1.42,1.42,1496200000,1462725000,1496200000,11451744696,14,13.0,614800000,1.699,1.0,1432800000,0.687,590900000,0,895600000,810675000,0,552300000,345000000,207300000,3897600000,3788300000,109300000,11687744696,-165300000,-126400000,12600000,0,-448800000,-471100000,-409500000,-179800000,715300000,0,515300000,515300000,515300000,0,0,0.247,646400000,786400000,45400000,0.873,7.812,22.681,22.746,308700000,0,32.3,5.608,5.607,161100000,919500000,2084300000,2084300000,0,0.096,0.352,0.977,0.38,24800000,646400000,1.0,361849681,361800000,362400000,5.761,4802900000,32700000,276900000,72100000,13.264,469600000
PAYX,MRY,2012-12-31,2012-05-31,2012-05-31,2018-03-28,37700000,6479600000,5624500000,5075900000,1403700000,0.396,4.427,-89600000,108800000,108800000,670100000,548000000,1.07,3.038,0,0,0,0,3000000,97800000,4494400000,0.042,1.27,860300000,958100000,0.43,958100000,860300000,860300000,1.51,1.51,1.51,1604500000,1574475000,1604500000,10718952880,12,11.188,617000000,1.703,1.0,1559700000,0.699,573200000,0,1051900000,1003350000,0,681200000,207500000,473700000,4875100000,4745700000,129400000,10865452880,-10200000,-6000000,7500000,0,-460500000,527500000,-1244300000,-1147400000,706600000,0,548000000,548000000,548000000,0,0,0.246,705800000,853900000,69700000,0.841,6.772,19.827,19.848,324300000,0,29.97,4.873,4.871,142400000,1002100000,2229800000,2229800000,0,0.097,0.348,0.857,0.386,22900000,705800000,1.0,362544307,362400000,363000000,6.153,5906400000,36400000,312300000,90400000,16.298,330200000
PAYX,MRY,2013-12-31,2013-05-31,2013-05-31,2018-03-28,22000000,6163700000,6276575000,4832600000,1331100000,0.371,4.863,-98700000,107300000,107300000,671300000,569000000,1.132,2.475,0,0,0,0,5200000,98200000,4039700000,0.035,1.31,911400000,1009600000,0.434,1009600000,911400000,911400000,1.56,1.56,1.56,1773700000,1683300000,1773700000,13447522204,14,13.32,576600000,1.585,1.0,1654900000,0.711,579100000,0,1209100000,1124500000,0,767300000,398200000,369100000,4390000000,4268200000,121800000,13547922204,-1500000,-21300000,72800000,0,-476700000,-858500000,181700000,306800000,675300000,0,569000000,569000000,569000000,0,0,0.245,750100000,904800000,42700000,0.84,7.638,23.81,23.865,346000000,0,37.23,5.824,5.822,133400000,1088500000,2326200000,2326200000,0,0.091,0.338,0.81,0.392,22800000,750100000,1.0,363897991,363800000,364700000,6.394,5584600000,86300000,342400000,81100000,15.313,564400000
PAYX,MRY,2014-12-31,2014-05-31,2014-05-31,2018-03-28,21500000,6370100000,6372525000,5002500000,1367600000,0.395,4.887,-84100000,152500000,152500000,732500000,627500000,1.127,2.585,0,0,0,0,0,105000000,4167100000,0.034,1.4,988100000,1093100000,0.434,1093100000,988100000,988100000,1.72,1.71,1.72,1777000000,1768500000,1777000000,14682013866,14,13.432,796800000,2.186,1.0,1786400000,0.709,580900000,0,1197800000,1143350000,0,784300000,398700000,385600000,4593100000,4438900000,154200000,14953313866,45200000,-9300000,-136400000,0,-510600000,-519600000,-316100000,-211400000,880900000,0,627500000,627500000,627500000,0,0,0.249,803700000,982700000,48800000,0.814,8.415,23.83,23.901,342200000,0,41.11,5.936,5.949,149400000,957500000,2518900000,2518900000,0,0.098,0.355,0.864,0.392,26300000,803700000,1.0,363739087,364500000,366100000,6.911,5789200000,66300000,360600000,104200000,15.922,563600000
PAYX,MRY,2015-12-31,2015-05-31,2015-05-31,2018-03-28,7500000,6467500000,6593200000,5088200000,1379300000,0.416,4.928,-102800000,170000000,170000000,808000000,674900000,1.113,2.622,0,0,0,0,11200000,106600000,4260100000,0.031,1.52,1060000000,1166600000,0.426,1166600000,1060000000,1060000000,1.86,1.85,1.86,1785500000,1819350000,1785500000,17681811785,16,15.157,792400000,2.184,1.0,1931600000,0.705,593900000,0,1130600000,1097075000,0,766400000,366600000,399800000,4682000000,4573000000,109000000,17947111785,17500000,-27100000,-182400000,0,-551800000,-592700000,-285000000,-151800000,895200000,0,674900000,674900000,674900000,0,0,0.246,878000000,1053600000,51700000,0.817,10.052,26.592,26.565,353900000,0,49.41,6.551,6.545,176600000,894300000,2739600000,2739600000,0,0.102,0.371,0.966,0.387,31400000,878000000,1.0,363228330,362900000,364600000,7.549,5873600000,12900000,385100000,46600000,16.212,515200000
PAYX,MRY,2016-12-31,2016-05-31,2016-05-31,2018-03-28,29200000,6440800000,6377025000,4863600000,1577200000,0.463,5.304,-97700000,131500000,131500000,857100000,756800000,1.114,2.369,0,0,0,0,26300000,115100000,3955300000,0.031,1.68,1151100000,1266200000,0.429,1266200000,1151100000,1151100000,2.1,2.09,2.1,1911700000,1858725000,1911700000,19272663547,16,15.221,920500000,2.552,1.0,2094800000,0.71,726600000,0,1216800000,1037575000,0,661700000,220600000,441100000,4529100000,4365900000,163200000,19525763547,-38500000,-296100000,-107900000,0,-606500000,-993600000,-63100000,339700000,1018200000,0,756800000,756800000,756800000,0,0,0.256,948200000,1146600000,56700000,0.8,10.214,25.8,25.819,353000000,0,54.22,6.615,6.625,408600000,926200000,2951900000,2951900000,0,0.119,0.407,1.109,0.39,34600000,948200000,1.0,360121054,360700000,362500000,8.184,5714200000,35400000,394300000,94900000,15.855,497700000
PAYX,MRY,2017-12-31,2017-05-31,2017-05-31,2018-03-28,20000000,6833700000,6504250000,5272000000,1561700000,0.484,5.443,-94300000,184600000,184600000,919600000,817300000,1.116,2.495,0,0,0,0,22900000,126900000,4272600000,0.031,1.84,1244800000,1371700000,0.435,1371700000,1244800000,1244800000,2.27,2.25,2.27,1955300000,1913925000,1955300000,21143781843,16,15.414,866100000,2.407,1.0,2231700000,0.708,714700000,0,1209300000,1245750000,0,592800000,138800000,454000000,4878400000,4725100000,153300000,21278281843,53100000,0,-166200000,0,-662300000,-482700000,-424600000,-321700000,960400000,0,817300000,817300000,817300000,0,0,0.259,992100000,1239600000,57200000,0.811,10.882,26.035,26.093,337200000,0,59.23,6.752,6.763,507500000,901700000,3151300000,3151300000,0,0.126,0.427,0.999,0.395,35400000,992100000,1.0,359248385,359800000,362600000,8.758,6119000000,69900000,427500000,79500000,17.035,546900000
