ticker,dimension,calendardate,datekey,reportperiod,lastupdated,accoci,assets,assetsavg,assetsc,assetsnc,assetturnover,bvps,capex,cashneq,cashnequsd,cor,consolinc,currentratio,de,debt,debtc,debtnc,debtusd,deferredrev,depamor,deposits,divyield,dps,ebit,ebitda,ebitdamargin,ebitdausd,ebitusd,ebt,eps,epsdil,epsusd,equity,equityavg,equityusd,ev,evebit,evebitda,fcf,fcfps,fxusd,gp,grossmargin,intangibles,intexp,invcap,invcapavg,inventory,investments,investmentsc,investmentsnc,liabilities,liabilitiesc,liabilitiesnc,marketcap,ncf,ncfbus,ncfcommon,ncfdebt,ncfdiv,ncff,ncfi,ncfinv,ncfo,ncfx,netinc,netinccmn,netinccmnusd,netincdis,netincnci,netmargin,opex,opinc,payables,payoutratio,pb,pe,pe1,ppnenet,prefdivis,price,ps,ps1,receivables,retearn,revenue,revenueusd,rnd,roa,roe,roic,ros,sbcomp,sgna,sharefactor,sharesbas,shareswa,shareswadil,sps,tangibles,taxassets,taxexp,taxliabilities,tbvps,workingcapital
PCYG,MRY,2011-12-31,2011-06-30,2011-06-30,2018-05-11,0,13976151,12314144,4943820,9032331,0.873,0.465,-555617,2618229,2618229,4028222,-205463,0.674,1.625,5035293,3722400,1312893,5035293,1663232,786790,0,0.0,0.0,141241,928031,0.086,928031,141241,-205463,-0.09,-0.09,-0.09,5323937,4815797,5323937,57000261,403,61.421,891169,0.079,1.0,6723910,0.625,8356313,346704,697581,432955,0,0,0,0,8652214,7339321,1312893,54229006,1460798,0,473310,467053,-370734,569629,-555617,0,1446786,0,-205463,-1031874,-1031874,0,0,-0.096,6582669,141241,790914,0.0,10.186,-52.554,-52.778,651992,826411,4.75,5.044,4.953,2059773,-30891571,10752132,10752132,0,-0.084,-0.214,0.326,0.013,862876,5795879,1.0,11416633,11212000,11212000,0.959,5619838,0,0,0,0.491,-2395501
PCYG,MRY,2012-12-31,2012-06-30,2012-06-30,2018-05-11,0,11936230,11412534,3568561,8367669,0.885,0.445,-238760,1106176,1106176,4581765,-858667,0.603,1.248,2751476,2039905,711571,2751476,2081459,900093,0,0.0,0.0,-653440,246653,0.024,246653,-653440,-858667,-0.14,-0.14,-0.14,5310121,5056545,5310121,49317465,-75,199.947,627856,0.053,1.0,5516782,0.546,7787832,205227,-120840,183950,0,0,0,0,6626109,5914538,711571,47042864,-1512053,0,638220,-2283817,-494312,-2139909,-238760,0,866616,0,-858667,-1693354,-1693354,0,0,-0.168,6489494,-972712,550846,0.0,8.859,-27.781,-28.214,559140,834687,3.95,4.658,4.608,2290859,-32584925,10098547,10098547,0,-0.148,-0.335,-3.552,-0.065,911094,5589400,1.0,11909586,11780000,11780000,0.857,4148398,0,0,0,0.348,-2345977
PCYG,MRY,2013-12-31,2013-06-30,2013-06-30,2018-05-11,0,15932898,13911632,6403860,9529038,0.814,0.651,-445744,3616585,3616585,4490438,257487,1.213,0.556,2062063,1751421,310642,2062063,1777326,901407,0,0.0,0.0,398199,1299606,0.115,1299606,398199,257487,-0.05,-0.05,-0.05,10241372,7981798,10241372,120073879,301,92.393,-594808,-0.045,1.0,6828136,0.603,7219350,140712,1879642,885950,0,1622863,0,1622863,5691526,5279384,412142,122184612,2510409,0,4319661,-689413,-503311,3105217,-445744,0,-149064,0,257487,-654093,-654093,0,0,-0.058,6429937,398199,653655,0.0,11.93,-186.8,-151.6,671959,911580,7.58,10.795,8.871,2383366,-33239018,11318574,11318574,0,-0.047,-0.082,0.449,0.035,843645,5528530,1.0,16119342,13246000,13246000,0.854,8713548,0,0,0,0.554,1124476
PCYG,MRY,2014-12-31,2014-06-30,2014-06-30,2018-05-11,0,16937632,16793968,6461397,10476235,0.71,0.628,-452725,3352559,3352559,5087973,-2490145,1.113,0.595,1849148,1426900,422248,1849148,1840811,879329,0,0.0,0.0,-2592725,-1713396,-0.144,-1713396,-2592725,-2490145,-0.19,-0.19,-0.19,10619081,10987723,10619081,182796335,-70,-106.687,-545259,-0.033,1.0,6840443,0.573,6723952,-102580,2902914,2783443,0,2996664,0,2996664,6318551,5807355,511196,184248694,-264026,0,2281147,-212915,-586999,1481233,-1652725,-1200000,-92534,0,-2490145,-3108036,-3108036,0,0,-0.261,9433168,-2592725,738289,0.0,17.351,-59.281,-57.316,740753,617891,10.89,15.446,15.255,2857983,-36347054,11928416,11928416,0,-0.185,-0.283,-0.931,-0.217,1719375,8553839,1.0,16919072,16710000,16710000,0.714,10213680,0,0,0,0.604,654042
PCYG,MRY,2015-12-31,2015-06-30,2015-06-30,2018-05-11,0,36406784,22232632,13429590,22977194,0.614,1.542,-369536,11325572,11325572,5256251,-3849773,1.599,0.32,3076493,2727301,349192,3076493,2331920,768165,0,0.0,0.0,-4092394,-3324229,-0.244,-3324229,-4092394,-3849773,-0.38,-0.38,-0.38,27584623,15393093,27584623,221442752,-54,-66.615,1338061,0.077,1.0,8392464,0.615,22197886,-242621,-2437632,2431017,0,0,0,0,8822161,8397451,424710,222978097,7973013,22119,7809595,1227345,-157147,8872293,-2606877,-2259460,1707597,0,-3849773,-6560574,-6560574,0,0,-0.481,12484858,-4092394,817119,0.0,8.083,-33.988,-32.605,764442,2710801,12.39,16.337,15.773,1640591,-42907628,13648715,13648715,0,-0.295,-0.426,-1.683,-0.3,2760329,10220990,1.0,17996618,17375000,17375000,0.786,14208898,0,0,0,0.794,5032139
PCYG,MRY,2016-12-31,2016-06-30,2016-06-30,2018-05-11,0,38589892,37452734,14885437,23704455,0.374,1.587,-263929,11443388,11443388,4279724,666503,1.975,0.265,3230452,2739199,491253,3230452,2717094,507446,0,0.0,0.0,661313,1168759,0.083,1168759,661313,666503,0.0,0.0,0.0,30502559,29255975,30502559,164367177,248,140.634,239294,0.012,1.0,9730969,0.695,22249428,-5190,588723,1468792,0,471584,0,471584,8087333,7538805,548528,172403857,117816,0,232850,-242041,-10575,-19766,-365641,-101712,503223,0,666503,-62785,-62785,0,0,-0.004,9043528,687441,580309,,5.652,-2745.94,,469383,729288,8.97,12.305,12.261,3048774,-42970413,14010693,14010693,0,-0.002,-0.002,0.45,0.047,1010312,8536082,1.0,19220051,19151000,19151000,0.732,16340464,0,0,0,0.85,7346632
PCYG,MRY,2017-12-31,2017-06-30,2017-06-30,2018-05-11,0,45912476,42269379,18706733,27205743,0.448,1.839,-1944402,14054006,14054006,5318042,3777532,2.29,0.286,5165569,3168616,1996953,5165569,2350846,486024,0,0.0,0.0,3911509,4397533,0.232,4397533,3911509,3885101,0.15,0.15,0.15,35708851,33907425,35708851,225698016,57,51.324,312736,0.016,1.0,13621221,0.719,22072291,26408,6781819,3660786,0,477884,0,477884,10203625,8169929,2033696,235866868,2610618,0,379641,1935117,-10576,2304182,-1950702,-6300,2257138,0,3777532,2986721,2986721,0,0,0.158,9720092,3901129,565487,0.0,6.605,78.972,81.0,2115277,790811,12.15,12.454,12.415,4009127,-39983692,18939263,18939263,0,0.071,0.088,1.068,0.207,1266805,9234068,1.0,19412911,19353000,20264000,0.979,23840185,0,107569,0,1.228,10536804
