ticker,dimension,calendardate,datekey,reportperiod,lastupdated,accoci,assets,assetsavg,assetsc,assetsnc,assetturnover,bvps,capex,cashneq,cashnequsd,cor,consolinc,currentratio,de,debt,debtc,debtnc,debtusd,deferredrev,depamor,deposits,divyield,dps,ebit,ebitda,ebitdamargin,ebitdausd,ebitusd,ebt,eps,epsdil,epsusd,equity,equityavg,equityusd,ev,evebit,evebitda,fcf,fcfps,fxusd,gp,grossmargin,intangibles,intexp,invcap,invcapavg,inventory,investments,investmentsc,investmentsnc,liabilities,liabilitiesc,liabilitiesnc,marketcap,ncf,ncfbus,ncfcommon,ncfdebt,ncfdiv,ncff,ncfi,ncfinv,ncfo,ncfx,netinc,netinccmn,netinccmnusd,netincdis,netincnci,netmargin,opex,opinc,payables,payoutratio,pb,pe,pe1,ppnenet,prefdivis,price,ps,ps1,receivables,retearn,revenue,revenueusd,rnd,roa,roe,roic,ros,sbcomp,sgna,sharefactor,sharesbas,shareswa,shareswadil,sps,tangibles,taxassets,taxexp,taxliabilities,tbvps,workingcapital
PCYO,MRY,2011-12-31,2011-08-31,2011-08-31,2018-04-06,-2903,116122652,116335676,5065597,111057055,0.002,1.967,-6841255,71795,71795,159693,-6016159,7.695,1.456,0,0,0,0,2443773,297212,0,0.0,0.0,-2017492,-1720280,-6.097,-1720280,-2017492,-6016159,-0.26,-0.26,-0.26,47290339,48105391,47290339,70609587,-34,-41.045,-7464500,-0.322,1.0,122441,0.434,0,3998667,115392598,116829984,0,4588535,4588535,0,68832313,658259,68174054,71151284,59778,0,5401606,5200000,0,10679082,-9996059,-3154804,-623245,0,-6016159,-6016159,-6016159,0,0,-21.324,2424210,-2301769,65057659,0.0,1.505,-11.827,-11.385,110747229,0,2.96,252.19,243.071,455760,-55963928,282134,282134,0,-0.052,-0.125,-0.017,-7.151,94550,2212026,1.0,24037596,23168450,23168450,0.012,116122652,0,0,0,4.829,4407338
PCYO,MRY,2012-12-31,2012-08-31,2012-08-31,2018-04-06,-1081,111582077,114063473,7661764,103920313,0.002,1.253,-135016,1623517,1623517,187984,-17418661,1.225,2.705,9550219,5340890,4209329,9550219,2001979,307507,0,0.0,0.0,-13948138,-13640631,-47.966,-13640631,-13948138,-17418661,-0.72,-0.72,-0.72,30117762,41039887,30117762,47831787,-3,-3.507,-2022122,-0.084,1.0,96400,0.339,0,3470523,113254012,113820980,0,1101367,1101367,0,81464315,6254767,75209548,48075192,1551722,0,0,0,0,84854,3353974,3488990,-1887106,0,-17418661,-17418661,-17418661,0,0,-61.25,14596545,-14500145,68530559,0.0,1.596,-2.76,-2.778,92832768,0,2.0,169.05,169.05,9977342,-73382589,284384,284384,0,-0.153,-0.424,-0.123,-49.047,54588,2374106,1.0,24037596,24037596,24037596,0.012,111582077,0,0,0,4.642,1406997
PCYO,MRY,2013-12-31,2013-08-31,2013-08-31,2018-04-06,0,108618331,109695612,9899969,98718362,0.017,1.571,-418308,2448363,2448363,393271,-4150445,1.833,1.876,7880055,4668943,3211112,7880055,1533087,313137,0,0.0,0.0,-629564,-316427,-0.17,-316427,-629564,-4150445,-0.17,-0.17,-0.17,37772475,30458094,37772475,129857334,-206,-410.386,-2174973,-0.09,1.0,1464191,0.788,0,3520881,108647698,108795630,0,0,0,0,70845856,5402325,65443531,124995499,824846,0,0,-1792192,0,-1516548,4098059,4516367,-1756665,0,-4150445,-4150445,-4150445,0,0,-2.234,2553960,-1089769,59975064,0.0,3.309,-30.116,-30.588,92836261,0,5.2,67.294,67.294,7297261,-77533034,1857462,1857462,0,-0.038,-0.136,-0.006,-0.339,66812,2333126,1.0,24037596,24037598,24037598,0.077,108618331,0,0,0,4.519,4497644
PCYO,MRY,2014-12-31,2014-08-31,2014-08-31,2018-04-06,0,108173822,107902500,4463256,103710566,0.019,3.787,-3674962,1749558,1749558,775166,-311444,1.363,0.188,4958207,925980,4032227,4958207,2257704,196564,0,0.0,0.0,-311444,-114880,-0.057,-114880,-311444,-311444,-0.01,-0.01,-0.01,91030481,74272037,91030481,158363565,-508,-1378.513,-3623218,-0.151,1.0,1247948,0.617,0,0,108108107,107998381,0,0,0,0,17143341,3274364,13868977,156725138,-698805,0,0,0,0,-2886852,2136303,0,51744,0,-311444,-311444,-311444,596957,0,-0.154,2492440,-1244492,1379647,0.0,1.722,-503.221,-652.0,95054692,0,6.52,77.467,77.467,8746516,-77844478,2023114,2023114,0,-0.003,-0.004,-0.003,-0.154,251915,2445633,1.0,24037598,24037598,24037598,0.084,108173822,0,0,0,4.5,1188892
PCYO,MRY,2015-12-31,2015-08-31,2015-08-31,2018-04-06,0,73060913,96748174,39580939,33479974,0.012,2.914,-2118439,37089041,37089041,759404,-23127947,26.404,0.042,0,0,0,0,1546858,347263,0,0.0,0.0,-23127947,-22780684,-19.038,-22780684,-23127947,-23127947,-0.96,-0.96,-0.96,70085548,88367392,70085548,125030774,-5,-5.488,-3092505,-0.129,1.0,437165,0.365,0,0,34472807,88810607,0,591223,0,591223,2975365,1499065,1476300,120187990,35339483,0,48825,0,0,-6218161,42531710,0,-974066,0,-23127947,-23127947,-23127947,22552801,0,-19.329,2114112,-1676947,172634,0.0,1.715,-5.197,-5.208,32800263,0,5.0,100.444,100.459,306260,-100972425,1196569,1196569,0,-0.239,-0.262,-0.26,-19.329,239986,1939395,1.0,24037598,24041114,24041114,0.05,73060913,0,0,292729,3.038,38081874
PCYO,MRY,2016-12-31,2016-08-31,2016-08-31,2018-04-06,3122,70879614,71475129,28807427,42072187,0.006,2.907,-1681726,4697288,4697288,528759,-1310607,59.741,0.027,0,0,0,0,1130291,420104,0,0.0,0.0,-1310607,-890503,-1.969,-890503,-1310607,-1310607,-0.06,-0.06,-0.06,68997949,69579444,68997949,109855171,-83,-123.363,-1952455,-0.082,1.0,-76598,-0.169,0,0,65700118,58129770,0,30658172,23176450,7481722,1881665,482208,1399457,114969834,-32391753,0,0,0,0,-2041,-32118983,-29985910,-270729,0,-1310607,-1310607,-1310607,80348,0,-2.899,2103177,-2179775,160390,0.0,1.666,-87.723,-80.667,33667726,0,4.84,254.267,254.556,352930,-102283032,452161,452161,0,-0.018,-0.019,-0.023,-2.899,219886,1849743,1.0,23754098,23781041,23781041,0.019,70879614,0,0,0,2.986,28325219
PCYO,MRY,2017-12-31,2017-08-31,2017-08-31,2018-04-06,-11105,69787572,70349680,27124282,42663290,0.017,2.842,-7852584,5575823,5575823,803306,-1710868,28.849,0.034,0,0,0,0,1055488,734324,0,0.0,0.0,-1710868,-976544,-0.795,-976544,-1710868,-1710868,-0.07,-0.07,-0.07,67506099,68132191,67506099,166469659,-97,-170.468,-8905463,-0.375,1.0,424481,0.346,0,0,63271522,63580822,0,21235188,20270849,964339,2281473,940227,1341246,172217210,878535,0,0,0,0,-2408,1933822,9786406,-1052879,0,-1710868,-1710868,-1710868,32025,0,-1.393,2555683,-2131202,492410,0.0,2.551,-100.661,-103.571,40824084,0,7.25,140.266,140.266,663762,-103993900,1227787,1227787,0,-0.024,-0.025,-0.027,-1.393,233245,2201744,1.0,23754098,23754098,23754098,0.052,69787572,0,0,0,2.938,26184055
