ticker,dimension,calendardate,datekey,reportperiod,lastupdated,accoci,assets,assetsavg,assetsc,assetsnc,assetturnover,bvps,capex,cashneq,cashnequsd,cor,consolinc,currentratio,de,debt,debtc,debtnc,debtusd,deferredrev,depamor,deposits,divyield,dps,ebit,ebitda,ebitdamargin,ebitdausd,ebitusd,ebt,eps,epsdil,epsusd,equity,equityavg,equityusd,ev,evebit,evebitda,fcf,fcfps,fxusd,gp,grossmargin,intangibles,intexp,invcap,invcapavg,inventory,investments,investmentsc,investmentsnc,liabilities,liabilitiesc,liabilitiesnc,marketcap,ncf,ncfbus,ncfcommon,ncfdebt,ncfdiv,ncff,ncfi,ncfinv,ncfo,ncfx,netinc,netinccmn,netinccmnusd,netincdis,netincnci,netmargin,opex,opinc,payables,payoutratio,pb,pe,pe1,ppnenet,prefdivis,price,ps,ps1,receivables,retearn,revenue,revenueusd,rnd,roa,roe,roic,ros,sbcomp,sgna,sharefactor,sharesbas,shareswa,shareswadil,sps,tangibles,taxassets,taxexp,taxliabilities,tbvps,workingcapital
PEBO,MRY,2011-12-31,2011-12-31,2011-12-31,2018-04-28,1412000,1794161000,1801049250,,,0.044,19.692,-1290000,38950000,38950000,0,12555000,,7.682,216555000,,,216555000,0,17194000,1351080000,0.02,0.3,17151000,34345000,0.438,34345000,17151000,17151000,1.07,1.07,1.07,206657000,215049750,206657000,350528947,20,10.206,42094000,4.016,1.0,78482000,1.0,64475000,0,1907291000,1918949750,0,1587288000,,,1587504000,,,157168947,-35694000,0,-177000,-15257000,-3922000,-70199000,-8879000,-12088000,43384000,0,12555000,11212000,11212000,0,0,0.143,61331000,17151000,0,0.28,0.761,14.018,13.841,23905000,1343000,14.81,2.003,1.978,0,53580000,78482000,78482000,0,0.006,0.052,0.009,0.219,0,47084000,1.0,10612353,10482318,10482318,7.487,1729686000,0,4596000,0,164.821,
PEBO,MRY,2012-12-31,2012-12-31,2012-12-31,2018-04-28,654000,1918050000,1855460500,,,0.05,21.031,-4530000,62542000,62542000,0,20385000,,7.65,176592000,,,176592000,0,18765000,1492303000,0.022,0.45,29910000,48675000,0.521,48675000,29910000,29910000,1.92,1.92,1.92,221728000,215963000,221728000,325667883,10,6.691,36724000,3.488,1.0,93384000,1.0,68525000,0,1963575000,1912842000,0,1682992000,,,1696322000,,,218396883,23592000,-3321000,-1351000,-44059000,-4457000,51905000,-69567000,-61716000,41254000,0,20385000,20385000,20385000,0,0,0.218,63474000,29910000,0,0.234,0.985,10.714,10.641,27013000,0,20.43,2.339,2.303,0,69158000,93384000,93384000,0,0.011,0.094,0.016,0.32,16000,48808000,1.0,10690009,10527885,10528286,8.87,1849525000,0,9525000,0,175.428,
PEBO,MRY,2013-12-31,2013-12-31,2013-12-31,2018-04-28,-13244000,2059108000,1954344000,,,0.05,20.896,-6604000,53820000,53820000,0,17574000,,8.294,235416000,,,235416000,0,16110000,1580758000,0.024,0.54,29084000,45194000,0.464,45194000,29084000,29084000,1.65,1.63,1.65,221553000,222256500,221553000,423675515,14,9.375,33860000,3.2,1.0,97349000,1.0,77603000,0,2163101000,2025811250,0,1861383000,,,1837555000,,,243346515,-8722000,-4536000,-220000,58796000,-5419000,30827000,-80013000,-111973000,40464000,0,17574000,17574000,17574000,0,0,0.181,68265000,29084000,0,0.327,1.098,13.847,13.642,29809000,0,22.51,2.5,2.447,0,80898000,97349000,97349000,0,0.009,0.079,0.014,0.299,-79000,50538000,1.0,10810596,10581222,10679417,9.2,1981505000,0,11510000,0,186.89,
PEBO,MRY,2014-12-31,2014-12-31,2014-12-31,2018-04-28,-1301000,2567769000,2310919250,,,0.047,27.917,-7105000,61454000,61454000,0,16684000,,6.55,267360000,,,267360000,0,13174000,1933074000,0.023,0.6,24178000,37352000,0.342,37352000,24178000,24178000,1.36,1.35,1.36,340118000,283574250,340118000,530297941,21,14.197,24390000,2.002,1.0,109187000,1.0,109158000,0,2664517000,2388238750,0,2321050000,,,2227651000,,,366916941,7634000,17081000,39722000,-34392000,-6767000,-9698000,-14163000,-30461000,31495000,0,16684000,16684000,16684000,0,0,0.153,85009000,24178000,0,0.441,1.079,21.992,19.066,40335000,0,25.93,3.36,2.893,0,90391000,109187000,109187000,0,0.007,0.059,0.01,0.221,-85000,62902000,1.0,14150287,12183352,12306224,8.962,2458611000,0,7494000,0,201.801,
PEBO,MRY,2015-12-31,2015-12-31,2015-12-31,2018-04-28,-359000,3258970000,3236314000,,,0.04,23.13,-9429000,71115000,71115000,5300000,10941000,,6.763,274056000,,,274056000,0,18503000,2535944000,0.032,0.6,14816000,33319000,0.257,33319000,14816000,14816000,0.62,0.61,0.62,419789000,420482750,419789000,528597260,35,15.865,38453000,2.19,1.0,124597000,0.959,149617000,0,3312294000,3219578500,0,2926444000,,,2839181000,,,346773260,9661000,97277000,-741000,-337000,-10065000,-37111000,-1110000,-88958000,47882000,0,10941000,10941000,10941000,0,0,0.084,109781000,14816000,0,0.968,0.826,31.695,30.387,53487000,0,18.84,2.67,2.546,0,90790000,129897000,129897000,0,0.003,0.026,0.005,0.114,-51000,75547000,1.0,18406224,17555140,17687795,7.399,3109353000,0,3875000,0,171.319,
PEBO,MRY,2016-12-31,2016-12-31,2016-12-31,2018-04-28,-1554000,3432348000,3356079250,,,0.045,24.169,-5436000,66146000,66146000,5992000,31157000,,6.886,450762000,,,450762000,0,19169000,2509722000,0.02,0.64,45282000,64451000,0.423,64451000,45282000,45282000,1.72,1.71,1.72,435261000,435534250,435261000,833166058,18,12.927,54875000,3.046,1.0,146201000,0.961,146018000,0,3670946000,3475396250,0,3069984000,,,2997087000,,,590631058,-4969000,-244000,-5462000,175860000,-11173000,133078000,-198358000,-157678000,60311000,0,31157000,31157000,31157000,0,0,0.205,100919000,45282000,0,0.372,1.357,18.957,18.872,53616000,0,32.46,3.881,3.842,0,110294000,152193000,152193000,0,0.009,0.072,0.013,0.298,-26000,72023000,1.0,18195658,18013693,18155463,8.449,3286330000,0,14125000,0,182.482,
PEBO,MRY,2017-12-31,2017-12-31,2017-12-31,2018-04-28,-5215000,3581686000,3529625000,,,0.047,25.379,-4865000,72194000,72194000,5874000,38471000,,6.81,353510000,,,353510000,0,18142000,2730330000,0.026,0.84,57203000,75345000,0.456,75345000,57203000,57203000,2.12,2.1,2.12,458592000,452585000,458592000,915893873,16,12.156,55955000,3.1,1.0,159304000,0.964,144576000,0,3718426000,3661451250,0,3215340000,,,3123094000,,,596329873,6048000,-1069000,-499000,-97459000,-14706000,107916000,-162688000,-156754000,60820000,0,38471000,38471000,38471000,0,0,0.233,102101000,57203000,0,0.396,1.3,15.501,15.387,52510000,0,32.62,3.61,3.565,0,134362000,165178000,165178000,0,0.011,0.085,0.016,0.346,0,74098000,1.0,18281112,18050189,18208684,9.151,3437110000,0,18732000,0,190.214,
