ticker,dimension,calendardate,datekey,reportperiod,lastupdated,accoci,assets,assetsavg,assetsc,assetsnc,assetturnover,bvps,capex,cashneq,cashnequsd,cor,consolinc,currentratio,de,debt,debtc,debtnc,debtusd,deferredrev,depamor,deposits,divyield,dps,ebit,ebitda,ebitdamargin,ebitdausd,ebitusd,ebt,eps,epsdil,epsusd,equity,equityavg,equityusd,ev,evebit,evebitda,fcf,fcfps,fxusd,gp,grossmargin,intangibles,intexp,invcap,invcapavg,inventory,investments,investmentsc,investmentsnc,liabilities,liabilitiesc,liabilitiesnc,marketcap,ncf,ncfbus,ncfcommon,ncfdebt,ncfdiv,ncff,ncfi,ncfinv,ncfo,ncfx,netinc,netinccmn,netinccmnusd,netincdis,netincnci,netmargin,opex,opinc,payables,payoutratio,pb,pe,pe1,ppnenet,prefdivis,price,ps,ps1,receivables,retearn,revenue,revenueusd,rnd,roa,roe,roic,ros,sbcomp,sgna,sharefactor,sharesbas,shareswa,shareswadil,sps,tangibles,taxassets,taxexp,taxliabilities,tbvps,workingcapital
PENX,MRY,2011-12-31,2011-08-31,2011-08-31,2017-06-05,-7559000,212414000,211177750,74077000,138337000,1.77,6.97,-8295000,8190000,8190000,339928000,-5117000,2.457,1.485,31126000,7324000,23802000,31126000,0,14415000,0,0.0,0.0,4560000,18975000,0.051,18975000,4560000,-4804000,-0.42,-0.42,-0.42,85465000,82264500,85465000,85778305,18,4.521,-4767000,-0.389,1.0,33835000,0.091,8229000,9364000,196966000,196573750,36222000,0,0,0,126949000,30155000,96794000,62406305,-34000,0,0,4652000,0,4691000,-8253000,0,3528000,0,-5117000,-5117000,-5117000,0,0,-0.014,29390000,4445000,15268000,0.0,0.73,-12.196,-13.095,107372000,0,5.5,0.167,0.18,29482000,9368000,373763000,373763000,4772000,-0.024,-0.062,0.023,0.012,1117000,24618000,1.0,11346601,12250914,12250914,30.509,204185000,12787000,313000,0,16.651,43922000
PENX,MRY,2012-12-31,2012-08-31,2012-08-31,2017-06-05,-15593000,236179000,221167250,91965000,144214000,1.958,5.598,-14146000,8012000,8012000,389241000,-9566000,2.545,2.43,92704000,8700000,84004000,92704000,0,14127000,0,0.0,0.0,3873000,18000000,0.042,18000000,3873000,-4760000,-0.78,-0.78,-0.78,68850000,79577750,68850000,139860965,36,7.77,-11586000,-0.942,1.0,43910000,0.101,8445000,8633000,276288000,224998250,47652000,0,0,0,167329000,36138000,131191000,90361965,-127000,-8347000,0,60696000,0,19731000,-22418000,0,2560000,0,-9566000,-9566000,-9566000,0,0,-0.022,33851000,10059000,19201000,0.0,1.312,-9.446,-9.372,113191000,0,7.31,0.209,0.207,36464000,-286000,433151000,433151000,5838000,-0.043,-0.12,0.017,0.009,1387000,28013000,1.0,12361418,12293749,12293749,35.233,227734000,13296000,4806000,0,18.516,55827000
PENX,MRY,2013-12-31,2013-08-31,2013-08-31,2017-06-05,-7619000,224618000,231721500,90114000,134504000,2.016,6.668,-14199000,8058000,8058000,422203000,4007000,2.528,1.71,79516000,6777000,72739000,79516000,0,13326000,0,0.0,0.0,9479000,22805000,0.049,22805000,9479000,5490000,0.32,0.32,0.32,82893000,74381500,82893000,244416218,25,10.718,10450000,0.845,1.0,45047000,0.096,8291000,3989000,252145000,268988750,38626000,0,0,0,141725000,35640000,106085000,168427218,67000,0,0,-13264000,0,-12520000,-12062000,0,24649000,0,4007000,4007000,4007000,0,0,0.009,35643000,9404000,20656000,0.0,2.032,42.033,42.344,112141000,0,13.55,0.36,0.359,43432000,3649000,467250000,467250000,5870000,0.017,0.054,0.035,0.02,1388000,29773000,1.0,12430053,12369487,12618158,37.774,216327000,4987000,1483000,0,17.402,54474000
PENX,MRY,2014-12-31,2014-08-31,2014-08-31,2017-06-05,-7752000,239190000,229680250,98444000,140746000,1.933,7.339,-12994000,7992000,7992000,389566000,7753000,2.523,1.596,84449000,7784000,76665000,84449000,0,11814000,0,0.0,0.0,16057000,27871000,0.063,27871000,16057000,12474000,0.62,0.6,0.62,92133000,88078750,92133000,250272427,15,8.98,5060000,0.404,1.0,54307000,0.122,16148000,3583000,260484000,252118750,47292000,0,0,0,147057000,39015000,108042000,173049427,-32000,-9086000,0,5021000,0,4239000,-22325000,0,18054000,0,7753000,7753000,7753000,0,0,0.017,39016000,15291000,21452000,0.0,1.878,22.32,21.968,114804000,0,13.62,0.39,0.384,42035000,11402000,443873000,443873000,5609000,0.034,0.088,0.064,0.036,1192000,33407000,1.0,12705538,12514869,12857580,35.468,223042000,0,4721000,0,17.767,59429000
