ticker,dimension,calendardate,datekey,reportperiod,lastupdated,accoci,assets,assetsavg,assetsc,assetsnc,assetturnover,bvps,capex,cashneq,cashnequsd,cor,consolinc,currentratio,de,debt,debtc,debtnc,debtusd,deferredrev,depamor,deposits,divyield,dps,ebit,ebitda,ebitdamargin,ebitdausd,ebitusd,ebt,eps,epsdil,epsusd,equity,equityavg,equityusd,ev,evebit,evebitda,fcf,fcfps,fxusd,gp,grossmargin,intangibles,intexp,invcap,invcapavg,inventory,investments,investmentsc,investmentsnc,liabilities,liabilitiesc,liabilitiesnc,marketcap,ncf,ncfbus,ncfcommon,ncfdebt,ncfdiv,ncff,ncfi,ncfinv,ncfo,ncfx,netinc,netinccmn,netinccmnusd,netincdis,netincnci,netmargin,opex,opinc,payables,payoutratio,pb,pe,pe1,ppnenet,prefdivis,price,ps,ps1,receivables,retearn,revenue,revenueusd,rnd,roa,roe,roic,ros,sbcomp,sgna,sharefactor,sharesbas,shareswa,shareswadil,sps,tangibles,taxassets,taxexp,taxliabilities,tbvps,workingcapital
PEOP,MRY,2011-12-31,2011-09-30,2011-09-30,2017-04-14,56000,554189000,537701000,,,0.033,17.731,-941000,61729000,61729000,0,3071000,,3.79,18000000,,,18000000,0,380000,412645000,0.0,0.0,4928000,5308000,0.3,5308000,4928000,4928000,0.47,0.47,0.47,115702000,116292000,115702000,48019445,9,9.047,3701000,0.562,1.0,17715000,1.0,0,0,510460000,491042000,0,478640000,,,438487000,,,91625445,-52134000,0,-2326000,-15000000,0,4480000,-61256000,-53834000,4642000,0,3071000,3071000,3071000,0,0,0.173,12787000,4928000,0,0.0,0.792,29.836,27.298,3818000,0,12.83,5.172,4.765,0,53677000,17715000,17715000,0,0.006,0.026,0.01,0.278,381000,11178000,1.0,7141500,6579784,6579784,2.692,554189000,5739000,1857000,0,84.93,
PEOP,MRY,2012-12-31,2012-09-30,2012-09-30,2017-04-14,113000,570827000,560263750,,,0.033,19.114,-195000,36241000,36241000,0,1657000,,4.026,33000000,,,33000000,0,436000,416748000,0.002,0.03,4177000,4613000,0.252,4613000,4177000,4177000,0.26,0.26,0.26,114315000,115479500,114315000,104107901,24,22.568,6526000,1.057,1.0,18303000,1.0,0,0,567586000,547336000,0,521986000,,,460289000,,,116240901,-25488000,0,-8027000,15000000,-181000,10895000,-43104000,-42951000,6721000,0,1657000,1657000,1657000,0,0,0.091,14126000,4177000,0,0.115,1.017,70.151,66.462,3577000,0,17.28,6.351,5.83,0,55153000,18303000,18303000,0,0.003,0.014,0.008,0.228,1330000,12801000,1.0,6726904,6175042,6183718,2.964,570827000,5116000,2520000,0,95.445,
PEOP,MRY,2013-12-31,2013-09-30,2013-09-30,2017-04-14,-30000,585246000,578876000,,,0.032,19.181,-296000,37134000,37134000,0,2285000,,4.333,44000000,,,44000000,0,408000,425093000,0.022,0.39,3956000,4364000,0.238,4364000,3956000,3956000,0.37,0.37,0.37,110535000,111146750,110535000,102025069,25,23.379,3848000,0.655,1.0,18302000,1.0,0,0,592112000,567273250,0,536110000,,,478894000,,,112359069,893000,0,-6015000,11000000,-2335000,11046000,-14297000,-14022000,4144000,0,2285000,2285000,2285000,0,0,0.125,14346000,3956000,0,1.054,1.017,49.172,47.081,3465000,0,17.42,6.139,5.593,0,55103000,18302000,18302000,0,0.004,0.021,0.007,0.216,1920000,13074000,1.0,6450004,5875741,5915400,3.115,585246000,5432000,1671000,0,101.557,
PEOP,MRY,2014-12-31,2014-09-30,2014-09-30,2017-04-14,-26000,601284000,599275000,,,0.032,18.955,-620000,32112000,32112000,0,1459000,,4.67,53000000,,,53000000,0,471000,434537000,0.021,0.43,3004000,3475000,0.181,3475000,3004000,3004000,0.25,0.25,0.25,106504000,107445250,106504000,155395720,51,44.718,3877000,0.683,1.0,19222000,1.0,0,0,622172000,624293000,0,557593000,,,497394000,,,124828720,-5022000,0,-4076000,9000000,-2552000,11896000,-21415000,-20878000,4497000,0,1459000,1459000,1459000,0,0,0.076,16218000,3004000,0,1.72,1.172,85.558,80.0,3614000,0,20.0,6.494,5.902,0,54010000,19222000,19222000,0,0.002,0.014,0.005,0.156,2543000,14031000,1.0,6241436,5672374,5736860,3.389,601284000,5238000,1545000,0,107.011,
