ticker,dimension,calendardate,datekey,reportperiod,lastupdated,accoci,assets,assetsavg,assetsc,assetsnc,assetturnover,bvps,capex,cashneq,cashnequsd,cor,consolinc,currentratio,de,debt,debtc,debtnc,debtusd,deferredrev,depamor,deposits,divyield,dps,ebit,ebitda,ebitdamargin,ebitdausd,ebitusd,ebt,eps,epsdil,epsusd,equity,equityavg,equityusd,ev,evebit,evebitda,fcf,fcfps,fxusd,gp,grossmargin,intangibles,intexp,invcap,invcapavg,inventory,investments,investmentsc,investmentsnc,liabilities,liabilitiesc,liabilitiesnc,marketcap,ncf,ncfbus,ncfcommon,ncfdebt,ncfdiv,ncff,ncfi,ncfinv,ncfo,ncfx,netinc,netinccmn,netinccmnusd,netincdis,netincnci,netmargin,opex,opinc,payables,payoutratio,pb,pe,pe1,ppnenet,prefdivis,price,ps,ps1,receivables,retearn,revenue,revenueusd,rnd,roa,roe,roic,ros,sbcomp,sgna,sharefactor,sharesbas,shareswa,shareswadil,sps,tangibles,taxassets,taxexp,taxliabilities,tbvps,workingcapital
PGTI,MRY,2011-12-31,2011-12-31,2011-12-31,2018-05-08,-1798000,142835000,153530500,40114000,102721000,1.09,1.255,-3496000,10940000,10940000,128171000,-16898000,3.145,1.12,45550000,50000,45500000,45550000,0,14092000,0,0.0,0.0,-15054000,-962000,-0.006,-962000,-15054000,-19222000,-0.31,-0.31,-0.31,67362000,72983750,67362000,93003239,-6,-96.677,-5168000,-0.096,1.0,39105000,0.234,51830000,4168000,112859000,104337000,11602000,0,0,0,75473000,12756000,62717000,55280239,-11072000,0,0,-7626000,0,-7626000,-1774000,0,-1672000,0,-16898000,-16898000,-16898000,0,0,-0.101,54578000,-15473000,12706000,0.0,0.821,-3.271,-3.323,48606000,0,1.03,0.33,0.33,13830000,-204188000,167276000,167276000,0,-0.11,-0.232,-0.144,-0.09,1773000,48619000,1.0,53670135,53659000,53659000,3.117,91005000,50000,-2324000,15041000,1.696,27358000
PGTI,MRY,2012-12-31,2012-12-29,2012-12-29,2018-05-08,-1414000,141317000,145307500,53330000,87987000,1.201,1.388,-3792000,18743000,18743000,114872000,8955000,4.002,0.904,37500000,0,37500000,37500000,0,12233000,0,0.0,0.0,12502000,24735000,0.142,24735000,12502000,9065000,0.17,0.16,0.17,74210000,71778750,74210000,265687181,21,10.741,19396000,0.362,1.0,59668000,0.342,45327000,3437000,101422000,107017250,11529000,0,0,0,67107000,13325000,53782000,244859181,7803000,0,-3854000,-8193000,0,-12047000,-3338000,0,23188000,0,8955000,8955000,8955000,0,0,0.051,47094000,12574000,13279000,0.0,3.3,27.343,26.824,41220000,0,4.56,1.403,1.401,13997000,-195233000,174540000,174540000,0,0.062,0.125,0.117,0.072,1363000,47094000,1.0,53697189,53620000,55262000,3.255,95990000,0,110000,14904000,1.796,40005000
PGTI,MRY,2013-12-31,2013-12-28,2013-12-28,2018-05-08,-2223000,156632000,146674750,71400000,85232000,1.632,1.048,-7550000,30204000,30204000,159169000,26819000,3.498,2.192,77255000,4890000,72365000,77255000,0,11080000,0,0.0,0.0,26965000,38045000,0.159,38045000,26965000,23445000,0.55,0.51,0.55,49075000,50229750,49075000,523023126,19,13.747,18181000,0.372,1.0,80134000,0.335,38869000,3520000,144402000,131270000,12908000,0,0,0,107557000,20412000,87145000,468625126,11461000,0,-52511000,37917000,0,-14198000,-72000,0,25731000,0,26819000,26819000,26819000,0,0,0.112,52399000,27735000,15522000,0.0,9.549,17.474,18.2,44123000,0,10.01,1.958,2.045,20821000,-168414000,239303000,239303000,0,0.183,0.534,0.205,0.113,574000,54594000,1.0,46815697,48881000,52211000,4.896,117763000,2763000,-3374000,13380000,2.515,50988000
PGTI,MRY,2014-12-31,2015-01-03,2015-01-03,2018-05-08,-1671000,306589000,238769000,94277000,212312000,1.283,1.551,-19301000,42469000,42469000,213596000,16405000,4.887,3.144,193754000,1962000,191792000,193754000,0,5980000,0,0.0,0.0,32040000,38020000,0.124,38020000,32040000,26080000,0.35,0.33,0.35,73976000,66291250,73976000,615408816,19,16.186,2949000,0.062,1.0,92792000,0.303,149304000,5960000,289280000,219400500,19970000,0,0,0,232613000,19290000,213323000,464775816,12265000,-110438000,666000,113034000,0,119754000,-129739000,0,22250000,0,16405000,16405000,16405000,0,0,0.054,56377000,36415000,17328000,0.0,6.283,28.331,27.886,60898000,0,9.76,1.517,1.509,25374000,-152009000,306388000,306388000,0,0.069,0.247,0.146,0.105,-4850000,56377000,1.0,47620473,47376000,49777000,6.467,157285000,0,9675000,20796000,3.298,74987000
PGTI,MRY,2015-12-31,2016-01-02,2016-01-02,2018-05-08,0,344028000,338587500,126972000,217056000,1.151,2.197,-17391000,61493000,61493000,270678000,23552000,5.898,2.216,190767000,1949000,188818000,190767000,0,10421000,0,0.0,0.0,50554000,60975000,0.156,60975000,50554000,38849000,0.49,0.47,0.49,106961000,96598500,106961000,692144854,13,11.351,15065000,0.312,1.0,119132000,0.306,144946000,11705000,306829000,306396500,23053000,0,0,0,237067000,21527000,215540000,554158854,19024000,0,2148000,-2000000,0,3959000,-17391000,0,32456000,0,23552000,23552000,23552000,0,0,0.06,68190000,50942000,19578000,0.0,5.181,23.529,23.245,71503000,0,11.39,1.422,1.41,31783000,-128457000,389810000,389810000,0,0.07,0.244,0.165,0.13,-2066000,68190000,1.0,48653104,48272000,50368000,8.075,199082000,0,15297000,25894000,4.088,105445000
PGTI,MRY,2016-12-31,2016-12-31,2016-12-31,2018-05-08,0,436648000,426671500,122377000,314271000,1.075,2.707,-17694000,39210000,39210000,318452000,23747000,5.367,2.287,247873000,0,247873000,247873000,0,15673000,0,0.0,0.0,55672000,71345000,0.156,71345000,55672000,35547000,0.49,0.47,0.49,132852000,120463250,132852000,778314508,13,10.909,28671000,0.587,1.0,140098000,0.306,228990000,20125000,393518000,386401250,30511000,0,0,0,303796000,22803000,280993000,561016508,-22283000,-101338000,-1830000,50327000,0,50339000,-118987000,0,46365000,0,23747000,23747000,23747000,0,0,0.052,83995000,56103000,22803000,0.0,4.223,23.625,23.367,84209000,0,11.45,1.223,1.22,41646000,-104555000,458550000,458550000,0,0.056,0.197,0.144,0.121,-103000,83995000,1.0,48997075,48856000,50579000,9.386,207658000,0,11800000,31838000,4.231,99574000
PGTI,MRY,2017-12-31,2017-12-30,2017-12-30,2018-05-08,0,453119000,454944750,144516000,308603000,1.123,3.526,-17818000,34029000,34029000,352097000,39839000,3.492,1.584,212973000,294000,212679000,212973000,0,19528000,0,0.0,0.0,60181000,79709000,0.156,79709000,60181000,39902000,0.8,0.77,0.8,175325000,153428500,175325000,1023522778,17,12.841,31207000,0.63,1.0,158984000,0.311,223103000,20279000,367581000,387811250,37816000,0,0,0,277794000,41379000,236415000,836782778,-5181000,0,686000,-40132000,0,-39477000,-14729000,0,49025000,0,39839000,39839000,39839000,0,0,0.078,98803000,60181000,41085000,0.0,4.773,21.004,21.063,84133000,0,16.85,1.637,1.633,60308000,-64716000,511081000,511081000,0,0.088,0.26,0.155,0.118,1948000,98803000,1.0,49660699,49522000,51728000,10.32,230016000,0,63000,22772000,4.626,103137000
