ticker,dimension,calendardate,datekey,reportperiod,lastupdated,accoci,assets,assetsavg,assetsc,assetsnc,assetturnover,bvps,capex,cashneq,cashnequsd,cor,consolinc,currentratio,de,debt,debtc,debtnc,debtusd,deferredrev,depamor,deposits,divyield,dps,ebit,ebitda,ebitdamargin,ebitdausd,ebitusd,ebt,eps,epsdil,epsusd,equity,equityavg,equityusd,ev,evebit,evebitda,fcf,fcfps,fxusd,gp,grossmargin,intangibles,intexp,invcap,invcapavg,inventory,investments,investmentsc,investmentsnc,liabilities,liabilitiesc,liabilitiesnc,marketcap,ncf,ncfbus,ncfcommon,ncfdebt,ncfdiv,ncff,ncfi,ncfinv,ncfo,ncfx,netinc,netinccmn,netinccmnusd,netincdis,netincnci,netmargin,opex,opinc,payables,payoutratio,pb,pe,pe1,ppnenet,prefdivis,price,ps,ps1,receivables,retearn,revenue,revenueusd,rnd,roa,roe,roic,ros,sbcomp,sgna,sharefactor,sharesbas,shareswa,shareswadil,sps,tangibles,taxassets,taxexp,taxliabilities,tbvps,workingcapital
PLG,MRY,2011-12-31,2011-08-31,2011-08-31,2017-12-29,-6101000,280788000,203591000,66073000,214715000,0.0,15.019,-39974000,111838000,111838000,0,-8346000,11.042,0.075,0,0,0,0,0,262000,0,0.0,0.0,-10473000,-10211000,,-10211000,-10473000,-10473000,-0.5,-0.5,-0.5,261248000,184943000,261248000,122607048,-11,-12.007,-43396000,-2.495,1.0,0,,0,0,162966000,142282000,0,2162000,0,2162000,19540000,5984000,13556000,124973184,63081000,0,158763000,0,0,158763000,-92260000,-2001000,-3422000,-1329000,-8892000,-8892000,-8892000,0,546000,,13700000,-13700000,5984000,0.0,0.478,-14.055,-26.6,161261000,0,13.3,,,1845000,-34347000,0,0,0,-0.044,-0.048,-0.074,,6910000,6790000,1.0,9396480,17394806,17394806,0.0,280788000,0,-1581000,12911000,16.142,60089000
PLG,MRY,2012-12-31,2012-08-31,2012-08-31,2017-12-29,-36521000,243734000,262261000,22667000,221067000,0.0,10.215,-42850000,48177000,48177000,0,-10200000,2.914,0.125,0,0,0,0,0,387000,0,0.0,0.0,-7879000,-7492000,,-7492000,-7879000,-7879000,-0.6,-0.6,-0.6,181407000,221327500,181407000,28435276,-3,-3.795,-45357000,-2.554,1.0,0,,0,0,187779000,175372500,0,8698000,0,8698000,22644000,7778000,14866000,140274036,-44272000,0,0,0,0,0,-41765000,-6878000,-2507000,-2181000,-10200000,-10200000,-10200000,0,0,,8234000,-8234000,7778000,0.0,0.773,-13.752,-13.165,181716000,0,7.899,,,4700000,-55318000,0,0,0,-0.039,-0.046,-0.045,,2006000,5373000,1.0,17758455,17758454,17758454,0.0,243734000,0,2321000,13426000,13.725,14889000
PLG,MRY,2013-12-31,2013-08-31,2013-08-31,2017-12-29,-61481000,389980000,316857000,119205000,270775000,0.0,10.819,-82632000,121939000,121939000,0,-12066000,4.757,0.109,0,0,0,0,0,386000,0,0.0,0.0,-11894000,-11508000,,-11508000,-11894000,-11894000,-0.4,-0.4,-0.4,351608000,266507500,351608000,148941850,-12,-12.942,-82921000,-2.551,1.0,0,,0,0,242984000,215381500,0,3433000,0,3433000,38372000,25057000,13315000,197118850,102163000,0,180000000,0,0,169041000,-66589000,4178000,-289000,-8044000,-12066000,-12066000,-12066000,0,0,,8651000,-8651000,25057000,0.0,0.561,-16.337,-27.75,255164000,0,11.1,,,6931000,-85349000,0,0,0,-0.038,-0.045,-0.055,,1166000,6937000,1.0,17758455,32499060,32499060,0.0,389980000,0,172000,11908000,12.0,94148000
PLG,MRY,2014-12-31,2014-08-31,2014-08-31,2017-12-29,-93055000,506055000,448017500,112858000,393197000,0.0,9.322,-164770000,99465000,99465000,0,-10459000,4.295,0.082,0,0,0,0,0,474000,0,0.0,0.0,-10668000,-10194000,,-10194000,-10668000,-10668000,-0.2,-0.2,-0.2,467617000,409612500,467617000,309013718,-28,-30.313,-170885000,-3.407,1.0,0,,0,0,380311000,311647500,0,4692000,0,4692000,38438000,26279000,12159000,430952718,-3321000,0,175230000,0,0,165317000,-162523000,-1702000,-6115000,-313000,-10459000,-10459000,-10459000,0,0,,15509000,-15509000,26279000,0.0,0.922,-41.204,-53.5,384637000,0,10.7,,,12736000,-109791000,0,0,0,-0.023,-0.026,-0.034,,2222000,7932000,1.0,40275955,50164256,50164256,0.0,506055000,0,-209000,10654000,10.088,86579000
PLG,MRY,2015-12-31,2015-08-31,2015-08-31,2017-12-29,-185872000,498342000,502198500,49484000,448858000,0.0,6.803,-151913000,39082000,39082000,0,-3972000,3.023,0.053,0,0,0,0,0,518000,0,0.0,0.0,-2885000,-2367000,,-2367000,-2885000,-2885000,-0.05,-0.05,-0.05,473346000,470481500,473346000,49580606,-17,-20.947,-151696000,-2.18,1.0,0,,0,0,442890000,411600500,0,4389000,0,4389000,24996000,16370000,8626000,157730606,-43979000,0,113844000,0,0,105299000,-149496000,-591000,217000,-16404000,-3972000,-3972000,-3972000,0,0,,10374000,-10374000,16370000,0.0,0.333,-39.711,-57.22,441806000,0,2.861,,,10056000,-104570000,0,0,0,-0.008,-0.008,-0.007,,1178000,6888000,1.0,55131285,69583645,69583645,0.0,498342000,0,1087000,6317000,7.162,33114000
PLG,MRY,2016-12-31,2016-08-31,2016-08-31,2017-12-29,-232179000,519858000,509100000,22904000,496954000,0.0,5.215,-126705000,16450000,16450000,0,-36651000,0.525,0.239,81253000,26667000,54586000,81253000,0,446000,0,0.0,0.0,-44145000,-43699000,,-43699000,-44145000,-44145000,-0.26,-0.26,-0.26,419448000,446397000,419448000,160811276,-3,-3.68,-129503000,-1.61,1.0,0,,0,0,541074000,491982000,0,4912000,0,4912000,100410000,43587000,56823000,212228276,-19351000,0,33000000,80000000,0,106683000,-123236000,-974000,-2798000,-3281000,-36651000,-36651000,-36651000,0,0,,46942000,-46942000,16920000,0.0,0.506,-5.791,-10.615,492042000,0,2.76,,,6087000,-125245000,0,0,0,-0.072,-0.082,-0.09,,150000,5421000,1.0,76894303,80438434,80438434,0.0,519858000,0,-7494000,0,6.463,-20683000
PLG,MRY,2017-12-31,2017-08-31,2017-08-31,2017-12-29,-170505000,100528000,310193000,76006000,24522000,0.0,-0.185,-117879000,3414000,3414000,0,-590371000,1.211,-5.321,107351000,46305000,61046000,107351000,0,535000,0,0.0,0.0,-588349000,-587814000,,-587814000,-588349000,-588716000,-4.3,-4.3,-4.3,-23266000,198091000,-23266000,122417896,0,-0.208,-114416000,-0.908,1.0,0,,0,367000,141717000,341395500,0,79000,0,79000,123794000,62748000,61046000,57614896,-18638000,0,88774000,20000000,0,97220000,-119321000,-600000,3463000,5602000,-590371000,-590371000,-590371000,0,0,,596055000,-596055000,16443000,0.0,-2.476,-0.098,-0.151,24443000,0,0.648,,,2058000,-667617000,0,0,0,-1.903,-2.98,-1.723,,1144000,5749000,1.0,88857028,126019077,126019077,0.0,100528000,0,1655000,0,0.798,13258000
