ticker,dimension,calendardate,datekey,reportperiod,lastupdated,accoci,assets,assetsavg,assetsc,assetsnc,assetturnover,bvps,capex,cashneq,cashnequsd,cor,consolinc,currentratio,de,debt,debtc,debtnc,debtusd,deferredrev,depamor,deposits,divyield,dps,ebit,ebitda,ebitdamargin,ebitdausd,ebitusd,ebt,eps,epsdil,epsusd,equity,equityavg,equityusd,ev,evebit,evebitda,fcf,fcfps,fxusd,gp,grossmargin,intangibles,intexp,invcap,invcapavg,inventory,investments,investmentsc,investmentsnc,liabilities,liabilitiesc,liabilitiesnc,marketcap,ncf,ncfbus,ncfcommon,ncfdebt,ncfdiv,ncff,ncfi,ncfinv,ncfo,ncfx,netinc,netinccmn,netinccmnusd,netincdis,netincnci,netmargin,opex,opinc,payables,payoutratio,pb,pe,pe1,ppnenet,prefdivis,price,ps,ps1,receivables,retearn,revenue,revenueusd,rnd,roa,roe,roic,ros,sbcomp,sgna,sharefactor,sharesbas,shareswa,shareswadil,sps,tangibles,taxassets,taxexp,taxliabilities,tbvps,workingcapital
PLL,MRY,2011-12-31,2011-07-31,2011-07-31,2017-03-30,95147000,3232416000,3136426750,1809208000,1423208000,0.803,12.8,-160771000,557766000,557766000,1232283000,315496000,2.29,1.17,707422000,215468000,491954000,707422000,0,98106000,0,0.014,0.67,423921000,522027000,0.207,522027000,423921000,405018000,2.71,2.67,2.71,1489821000,1401200000,1489821000,5912733692,13,11.326,269216000,2.31,1.0,1284912000,0.51,352341000,18903000,2239724000,2256314500,444842000,0,0,0,1742595000,790007000,952588000,5767085692,59203000,0,-89578000,-88743000,-77641000,-243185000,-176541000,0,429987000,48942000,315496000,315496000,315496000,0,0,0.125,897290000,387622000,540008000,0.247,3.871,18.279,18.295,794599000,0,49.58,2.291,2.295,646769000,1619051000,2517195000,2517195000,80506000,0.101,0.225,0.188,0.168,13656000,790279000,1.0,116318787,116521000,118266000,21.603,2880075000,0,89522000,220382000,24.745,1019201000
PLL,MRY,2012-12-31,2012-07-31,2012-07-31,2017-03-30,-62907000,3347892000,3295476250,1852457000,1495435000,0.811,13.054,-158909000,500274000,500274000,1291558000,319309000,2.174,1.217,696099000,205393000,490706000,696099000,0,111105000,0,0.014,0.77,425449000,536554000,0.201,536554000,425449000,405272000,2.75,2.71,2.75,1510035000,1570678250,1510035000,6358852747,14,11.851,315939000,2.722,1.0,1380098000,0.517,490085000,20177000,2201504000,2231231500,364766000,0,0,0,1837857000,852128000,985729000,6206372747,-57492000,-167638000,-81602000,-10422000,-88955000,-173222000,-309825000,0,474848000,-49293000,319309000,319309000,319309000,-38362000,0,0.12,993011000,387087000,589313000,0.28,4.11,19.437,19.422,750993000,0,53.41,2.323,2.32,655436000,1840926000,2671656000,2671656000,82932000,0.097,0.203,0.191,0.159,24107000,843221000,1.0,116202448,116061000,117663000,23.019,2857807000,0,85963000,227986000,24.706,1000329000
PLL,MRY,2013-12-31,2013-07-31,2013-07-31,2017-03-30,-40792000,3472839000,3473400250,2050029000,1422810000,0.762,16.165,-110182000,936886000,936886000,1276060000,574935000,2.812,0.913,637706000,170387000,467319000,637706000,0,106284000,0,0.017,1.21,672220000,778504000,0.294,778504000,672220000,656599000,5.1,5.03,5.1,1814956000,1764080500,1814956000,7584684087,11,9.743,274277000,2.431,1.0,1372003000,0.518,479735000,15621000,1964853000,1992941250,381047000,0,0,0,1657883000,729071000,928812000,7805648087,436612000,-21970000,-213760000,-35420000,-108054000,-344465000,399300000,0,384459000,-2682000,574935000,574935000,574935000,-244973000,0,0.217,944756000,427247000,497952000,0.237,4.301,13.577,13.718,774948000,0,69.96,2.948,2.98,566335000,2285031000,2648063000,2648063000,94216000,0.166,0.326,0.337,0.254,13966000,810358000,1.0,111573016,112803000,114236000,23.475,2993104000,0,81664000,234099000,26.659,1320958000
PLL,MRY,2014-12-31,2014-07-31,2014-07-31,2017-03-30,-14921000,3850480000,3618631250,2137223000,1713257000,0.771,17.189,-74737000,964110000,964110000,1362984000,363956000,1.947,1.032,886691000,512898000,373793000,886691000,0,116392000,0,0.014,1.1,468947000,585339000,0.21,585339000,468947000,451415000,3.29,3.25,3.29,1895357000,1814438500,1895357000,8395162462,17,14.342,429175000,3.874,1.0,1426163000,0.511,733885000,17532000,1941530000,2001922250,404878000,0,0,0,1955123000,1097646000,857477000,8497005462,27224000,-318978000,-237375000,250331000,-118758000,-92912000,-393509000,0,503912000,9733000,363956000,363956000,363956000,0,0,0.13,957216000,468947000,523973000,0.334,4.483,23.346,23.547,805327000,0,77.47,3.046,3.077,615713000,2512961000,2789147000,2789147000,102601000,0.101,0.201,0.234,0.168,18793000,814461000,1.0,109681236,110776000,111949000,25.178,3116595000,0,87459000,278562000,28.264,1039577000
