ticker,dimension,calendardate,datekey,reportperiod,lastupdated,accoci,assets,assetsavg,assetsc,assetsnc,assetturnover,bvps,capex,cashneq,cashnequsd,cor,consolinc,currentratio,de,debt,debtc,debtnc,debtusd,deferredrev,depamor,deposits,divyield,dps,ebit,ebitda,ebitdamargin,ebitdausd,ebitusd,ebt,eps,epsdil,epsusd,equity,equityavg,equityusd,ev,evebit,evebitda,fcf,fcfps,fxusd,gp,grossmargin,intangibles,intexp,invcap,invcapavg,inventory,investments,investmentsc,investmentsnc,liabilities,liabilitiesc,liabilitiesnc,marketcap,ncf,ncfbus,ncfcommon,ncfdebt,ncfdiv,ncff,ncfi,ncfinv,ncfo,ncfx,netinc,netinccmn,netinccmnusd,netincdis,netincnci,netmargin,opex,opinc,payables,payoutratio,pb,pe,pe1,ppnenet,prefdivis,price,ps,ps1,receivables,retearn,revenue,revenueusd,rnd,roa,roe,roic,ros,sbcomp,sgna,sharefactor,sharesbas,shareswa,shareswadil,sps,tangibles,taxassets,taxexp,taxliabilities,tbvps,workingcapital
PLT,MRY,2011-12-31,2011-03-31,2011-03-31,2018-05-09,1473000,744647000,697090750,617720000,126927000,0.981,13.229,-9601000,277373000,277373000,321846000,109243000,6.599,0.173,0,0,0,0,0,16275000,0,0.005,0.2,140656000,156931000,0.23,156931000,140656000,140656000,2.29,2.21,2.29,634852000,602697000,634852000,1531738149,10,9.761,148631000,3.115,1.0,361756000,0.529,14861000,0,358811000,303658750,56473000,191915000,152583000,39332000,109795000,93602000,16193000,1789625149,-72588000,1625000,-51221000,0,-9703000,-55371000,-176913000,-168937000,158232000,1464000,109243000,109243000,109243000,0,0,0.16,221044000,140712000,33995000,0.087,2.819,16.382,15.991,70622000,0,36.62,2.618,2.556,103289000,192468000,683602000,683602000,63183000,0.157,0.181,0.463,0.206,10126000,163389000,1.0,48870157,47713000,49344000,14.327,729786000,11349000,31413000,15050000,15.207,524118000
PLT,MRY,2012-12-31,2012-03-31,2012-03-31,2018-05-09,6357000,672470000,654529750,524174000,148296000,1.09,12.487,-19140000,209335000,209335000,329017000,109036000,6.081,0.275,37000000,0,37000000,37000000,0,13760000,0,0.005,0.2,142602000,156362000,0.219,156362000,142602000,142602000,2.48,2.41,2.48,527244000,532113500,527244000,1591785147,11,10.18,121308000,2.756,1.0,384351000,0.539,14388000,0,399554000,390598500,53713000,180524000,125177000,55347000,145226000,86193000,59033000,1730348147,-68038000,0,-230668000,37000000,-9040000,-198261000,-9415000,9725000,140448000,-810000,109036000,109036000,109036000,0,0,0.153,242998000,141353000,34126000,0.081,3.282,15.87,16.234,76159000,0,40.26,2.426,2.485,111771000,115358000,713368000,713368000,69664000,0.167,0.205,0.365,0.2,10438000,173334000,1.0,42979338,44023000,45265000,16.204,658082000,11090000,33566000,20823000,15.586,437981000
PLT,MRY,2013-12-31,2013-03-31,2013-03-31,2018-05-09,5567000,764605000,719118250,566490000,198115000,1.06,15.353,-39310000,228776000,228776000,359045000,106402000,5.474,0.183,0,0,0,0,0,16219000,0,0.009,0.4,138425000,154644000,0.203,154644000,138425000,138425000,2.55,2.49,2.55,646447000,589103250,646447000,1705758148,12,11.03,86191000,2.065,1.0,403181000,0.529,16440000,0,415903000,424600250,67435000,196842000,116581000,80261000,118158000,103486000,14672000,1882414148,19441000,-1926000,7934000,-37000000,-17072000,-46463000,-58928000,-17692000,125501000,-669000,106402000,106402000,106402000,0,0,0.14,265084000,138097000,37067000,0.157,2.912,17.692,17.329,99111000,0,44.19,2.47,2.42,128209000,28344000,762226000,762226000,80373000,0.148,0.181,0.326,0.182,15628000,182445000,1.0,42598193,41748000,42738000,18.258,748165000,10120000,32023000,13747000,17.769,463004000
PLT,MRY,2014-12-31,2014-03-31,2014-03-31,2018-05-09,2638000,811815000,797344500,556287000,255528000,1.027,16.688,-50985000,232704000,232704000,391979000,112417000,5.699,0.162,0,0,0,0,0,15566000,0,0.009,0.4,141377000,156943000,0.192,156943000,141377000,141139000,2.65,2.59,2.65,698664000,687631000,698664000,1675734167,11,10.677,90506000,2.132,1.0,426628000,0.521,16165000,238000,465339000,445581500,57132000,203059000,102717000,100342000,113151000,97607000,15544000,1911268167,3928000,0,-61599000,0,-17372000,-80534000,-57971000,-6986000,141491000,942000,112417000,112417000,112417000,0,0,0.137,286504000,140124000,30756000,0.151,2.736,17.002,16.774,134402000,0,44.45,2.335,2.305,138301000,123389000,818607000,818607000,84781000,0.141,0.163,0.317,0.173,18521000,201176000,1.0,42998159,42452000,43364000,19.283,795650000,11776000,28722000,12719000,19.004,458680000
PLT,MRY,2015-12-31,2015-03-31,2015-03-31,2018-05-09,10120000,876042000,865375250,602654000,273388000,1.0,17.506,-21962000,276850000,276850000,403391000,112301000,6.356,0.204,34500000,0,34500000,34500000,0,18711000,0,0.011,0.6,145492000,164203000,0.19,164203000,145492000,145251000,2.69,2.63,2.69,727397000,741202750,727397000,1996386687,13,12.158,132476000,3.175,1.0,461619000,0.534,16077000,241000,522793000,495983000,56676000,205449000,97859000,107590000,148645000,94822000,53823000,2276736687,44146000,-150000,-89897000,34500000,-25730000,-85218000,-21566000,546000,154438000,-3508000,112301000,112301000,112301000,0,0,0.13,312534000,149085000,32781000,0.223,3.13,20.274,19.684,139413000,0,52.95,2.632,2.554,136581000,209960000,865010000,865010000,91627000,0.13,0.152,0.293,0.168,25074000,229569000,1.0,42997860,41723000,42643000,20.732,859965000,16872000,32950000,12984000,20.696,507832000
PLT,MRY,2016-12-31,2016-03-31,2016-03-31,2018-05-09,3759000,933437000,954457750,596995000,336442000,0.898,9.66,-30661000,235266000,235266000,422233000,68392000,5.557,1.988,489609000,0,489609000,489609000,0,20142000,0,0.015,0.6,107325000,127467000,0.149,127467000,107325000,82176000,2.0,1.96,2.0,312399000,341309000,312399000,1588949799,14,12.466,119748000,3.509,1.0,434674000,0.507,15827000,25149000,1064518000,1016921250,53162000,305674000,160051000,145623000,621038000,107435000,513603000,1318794799,-41584000,0,-482009000,453901000,-21061000,-60237000,-131600000,-100939000,150409000,-156000,68392000,68392000,68392000,0,0,0.08,326633000,108041000,39133000,0.3,4.222,19.283,19.595,149735000,0,39.19,1.539,1.561,128219000,257291000,856907000,856907000,90408000,0.072,0.2,0.106,0.125,33265000,221299000,1.0,33651309,34127000,34938000,25.109,917610000,25257000,13784000,11968000,28.375,489560000
PLT,MRY,2017-12-31,2017-03-31,2017-03-31,2018-05-09,4694000,1017159000,970591250,698977000,318182000,0.908,11.818,-23176000,301970000,301970000,439806000,82599000,5.965,1.662,491059000,0,491059000,491059000,0,20977000,0,0.011,0.6,130895000,151872000,0.172,151872000,130895000,101665000,2.56,2.51,2.56,382156000,343385000,382156000,2043742672,15,13.457,116211000,3.6,1.0,441370000,0.501,15577000,29230000,1073501000,1079939250,55456000,305355000,178179000,127176000,635003000,117170000,517833000,1795507672,66704000,0,-19034000,0,-19959000,-47968000,-22452000,724000,139387000,-2263000,82599000,82599000,82599000,0,0,0.094,316294000,125076000,42885000,0.234,4.698,21.738,21.137,150307000,0,54.11,2.038,1.982,141177000,319931000,881176000,881176000,88318000,0.085,0.241,0.121,0.149,33539000,223830000,1.0,33182548,32279000,32963000,27.299,1001582000,25122000,19066000,11729000,30.974,581807000
PLT,MRY,2018-12-31,2018-03-31,2018-03-31,2018-05-09,2870000,1076887000,1032979000,899726000,177161000,0.83,10.952,-12468000,390661000,390661000,417788000,-869000,7.168,2.051,492509000,0,492509000,492509000,0,21178000,0,0.01,0.6,129524000,150702000,0.176,150702000,129524000,100227000,-0.03,-0.03,-0.03,352970000,364519750,352970000,2208624798,17,14.656,108680000,3.36,1.0,439115000,0.512,15498000,29297000,1037723000,1080855250,68276000,269313000,269313000,0,723917000,125514000,598403000,1996771798,88691000,0,-29021000,0,-19996000,-60446000,23489000,35957000,121148000,4500000,-869000,-869000,-869000,0,0,-0.001,315614000,123501000,45417000,-20.0,5.657,-2297.781,-2012.333,142129000,0,60.37,2.33,2.279,152888000,299066000,856903000,856903000,84193000,-0.001,-0.002,0.12,0.151,33959000,229390000,1.0,33075564,32345000,32345000,26.493,1061389000,19534000,101096000,87328000,32.934,774212000
