ticker,dimension,calendardate,datekey,reportperiod,lastupdated,accoci,assets,assetsavg,assetsc,assetsnc,assetturnover,bvps,capex,cashneq,cashnequsd,cor,consolinc,currentratio,de,debt,debtc,debtnc,debtusd,deferredrev,depamor,deposits,divyield,dps,ebit,ebitda,ebitdamargin,ebitdausd,ebitusd,ebt,eps,epsdil,epsusd,equity,equityavg,equityusd,ev,evebit,evebitda,fcf,fcfps,fxusd,gp,grossmargin,intangibles,intexp,invcap,invcapavg,inventory,investments,investmentsc,investmentsnc,liabilities,liabilitiesc,liabilitiesnc,marketcap,ncf,ncfbus,ncfcommon,ncfdebt,ncfdiv,ncff,ncfi,ncfinv,ncfo,ncfx,netinc,netinccmn,netinccmnusd,netincdis,netincnci,netmargin,opex,opinc,payables,payoutratio,pb,pe,pe1,ppnenet,prefdivis,price,ps,ps1,receivables,retearn,revenue,revenueusd,rnd,roa,roe,roic,ros,sbcomp,sgna,sharefactor,sharesbas,shareswa,shareswadil,sps,tangibles,taxassets,taxexp,taxliabilities,tbvps,workingcapital
PNRA,MRY,2011-12-31,2011-12-27,2011-12-27,2017-07-25,308000,1027322000,979102750,353119000,674203000,1.861,22.483,-107817000,222640000,222640000,1402206000,135952000,1.482,0.568,0,0,0,0,0,79899000,0,0.0,0.0,220725000,300624000,0.165,300624000,220725000,219903000,4.59,4.55,4.59,655076000,643299500,655076000,3999294250,18,13.303,129072000,4.36,1.0,419826000,0.23,175340000,822000,391008000,380063750,17016000,0,0,0,372246000,238334000,133912000,4180191250,-6659000,-44377000,-94565000,0,0,-91354000,-152194000,0,236889000,0,135952000,135952000,135952000,0,0,0.075,199101000,220725000,15884000,0.0,6.381,30.748,30.721,492022000,0,141.01,2.294,2.291,54709000,680267000,1822032000,1822032000,0,0.139,0.211,0.581,0.121,4867000,113083000,1.0,29644644,29601000,29903000,61.553,851982000,27526000,83951000,34345000,29.242,114785000
PNRA,MRY,2012-12-31,2012-12-25,2012-12-25,2017-07-25,672000,1268163000,1158016000,478842000,789321000,1.839,28.108,-152328000,297141000,297141000,1629854000,173448000,1.725,0.543,0,0,0,0,0,90939000,0,0.0,0.0,284078000,375017000,0.176,375017000,284078000,282996000,5.94,5.89,5.94,821919000,763931500,821919000,4419806452,15,11.786,137128000,4.693,1.0,500203000,0.235,209976000,1082000,483506000,438948500,19714000,0,0,0,446244000,277540000,168704000,4709690452,74501000,-47951000,-29104000,-1097000,0,-19214000,-195741000,4538000,289456000,0,173448000,173448000,173448000,0,0,0.081,216125000,284078000,9371000,0.0,5.73,27.153,26.657,571754000,0,158.34,2.211,2.172,86262000,853715000,2130057000,2130057000,0,0.15,0.227,0.647,0.133,507000,117932000,1.0,29744161,29217000,29455000,72.905,1058187000,33502000,109548000,60655000,36.188,201302000
PNRA,MRY,2013-12-31,2013-12-31,2013-12-31,2017-07-25,-333000,1180862000,1247603250,302716000,878146000,1.912,25.422,-192010000,125245000,125245000,1837594000,196169000,0.998,0.687,0,0,0,0,0,106523000,0,0.0,0.0,313773000,420296000,0.176,420296000,313773000,312720000,6.85,6.81,6.85,699892000,810383500,699892000,4782745197,15,11.379,156407000,5.463,1.0,547408000,0.23,202781000,1053000,549511000,556507750,21916000,0,0,0,480970000,303325000,177645000,4976706197,-171896000,-2446000,-336567000,0,0,-332006000,-188307000,6149000,348417000,0,196169000,196169000,196169000,0,0,0.082,233635000,313773000,17533000,0.0,7.111,25.369,25.794,669409000,0,176.69,2.087,2.121,84602000,1049884000,2385002000,2385002000,0,0.157,0.242,0.564,0.132,2603000,123335000,1.0,28166315,28629000,28794000,83.307,978081000,27889000,116551000,65398000,35.527,-609000
PNRA,MRY,2014-12-31,2014-12-30,2014-12-30,2017-07-25,-1360000,1390686000,1248483750,406166000,984520000,2.026,27.69,-224217000,196493000,196493000,1982376000,179293000,1.152,0.889,99784000,0,99784000,99784000,0,124109000,0,0.0,0.0,279118000,403227000,0.159,403227000,279118000,277294000,6.67,6.64,6.67,736184000,710372750,736184000,4670580958,16,11.583,110862000,4.124,1.0,546819000,0.216,191718000,1824000,749547000,675828500,22811000,0,0,0,654502000,352712000,301790000,4716690958,71248000,0,-156256000,100000000,0,-52514000,-211317000,12900000,335079000,0,179293000,179293000,179293000,0,0,0.071,267701000,279118000,19511000,0.0,6.407,26.307,26.22,787294000,0,174.89,1.865,1.859,106653000,1229177000,2529195000,2529195000,0,0.144,0.252,0.413,0.11,6988000,138060000,1.0,26969472,26881000,26999000,94.089,1198968000,28621000,98001000,76589000,45.096,53454000
PNRA,MRY,2015-12-31,2015-12-29,2015-12-29,2017-07-25,-5029000,1440839000,1387744250,468310000,972529000,1.932,20.128,-222379000,241886000,241886000,2135487000,149325000,1.172,1.889,406200000,17229000,388971000,406200000,0,135398000,0,0.0,0.0,240419000,375817000,0.14,375817000,240419000,236589000,5.81,5.79,5.81,497300000,621389250,497300000,5098666020,21,13.567,95666000,3.725,1.0,546093000,0.204,185668000,3830000,1020042000,886380000,22482000,0,0,0,939558000,399443000,540115000,4962581020,45393000,46869000,-401988000,292769000,0,-107237000,-165415000,10095000,318045000,0,149342000,149342000,149342000,0,-17000,0.056,305691000,240402000,19805000,0.0,9.979,33.23,33.921,776248000,0,197.08,1.851,1.888,115786000,1378519000,2681580000,2681580000,0,0.108,0.24,0.271,0.09,13029000,142904000,1.0,25180541,25685000,25788000,104.403,1255171000,0,87247000,35968000,50.802,68867000
PNRA,MRY,2016-12-31,2016-12-27,2016-12-27,2017-07-25,-4124000,1301611000,1292489500,311421000,990190000,2.163,12.653,-199321000,105529000,105529000,2205400000,145241000,0.695,3.495,427823000,17229000,410594000,427823000,0,154355000,0,0.0,0.0,238716000,393071000,0.141,393071000,238716000,229832000,6.21,6.18,6.21,288787000,349708500,288787000,5229375976,21,13.304,188220000,8.028,1.0,589965000,0.211,177196000,8884000,998388000,1009771750,23775000,0,0,0,1009221000,448321000,560900000,4884475976,-136357000,15649000,-373491000,21317000,0,-349382000,-174516000,9156000,387541000,0,145574000,145574000,145574000,0,-333000,0.052,351582000,238383000,22455000,0.0,16.914,33.553,33.881,802759000,0,210.4,1.747,1.765,112923000,1524093000,2795365000,2795365000,0,0.113,0.416,0.236,0.085,13206000,179876000,1.0,23215190,23444000,23565000,119.236,1124415000,0,84258000,32301000,49.267,-136900000
