ticker,dimension,calendardate,datekey,reportperiod,lastupdated,accoci,assets,assetsavg,assetsc,assetsnc,assetturnover,bvps,capex,cashneq,cashnequsd,cor,consolinc,currentratio,de,debt,debtc,debtnc,debtusd,deferredrev,depamor,deposits,divyield,dps,ebit,ebitda,ebitdamargin,ebitdausd,ebitusd,ebt,eps,epsdil,epsusd,equity,equityavg,equityusd,ev,evebit,evebitda,fcf,fcfps,fxusd,gp,grossmargin,intangibles,intexp,invcap,invcapavg,inventory,investments,investmentsc,investmentsnc,liabilities,liabilitiesc,liabilitiesnc,marketcap,ncf,ncfbus,ncfcommon,ncfdebt,ncfdiv,ncff,ncfi,ncfinv,ncfo,ncfx,netinc,netinccmn,netinccmnusd,netincdis,netincnci,netmargin,opex,opinc,payables,payoutratio,pb,pe,pe1,ppnenet,prefdivis,price,ps,ps1,receivables,retearn,revenue,revenueusd,rnd,roa,roe,roic,ros,sbcomp,sgna,sharefactor,sharesbas,shareswa,shareswadil,sps,tangibles,taxassets,taxexp,taxliabilities,tbvps,workingcapital
PPC,MRY,2011-12-31,2011-12-25,2011-12-25,2018-05-11,-46070000,2879545000,3058587000,1464193000,1415352000,2.464,2.469,-106924000,49289000,49289000,7677235000,-495690000,2.042,4.178,1473612000,15611000,1458001000,1473612000,0,209061000,0,0.0,0.0,-376676000,-167615000,-0.022,-167615000,-376676000,-488208000,-2.21,-2.21,-2.21,555612000,748350750,555612000,2706231664,-7,-16.146,-235915000,-1.049,1.0,-141537000,-0.019,44083000,111532000,3542612000,3695350500,879094000,654000,157000,497000,2321115000,717173000,1603942000,1285944664,-64468000,37479000,0,133856000,0,126850000,-58189000,11256000,-128991000,-4138000,-496772000,-496772000,-496772000,0,1082000,-0.066,232054000,-373591000,340517000,0.0,2.314,-2.589,-2.71,1299673000,0,5.99,0.171,0.179,370420000,-843945000,7535698000,7535698000,0,-0.162,-0.664,-0.102,-0.05,567000,205143000,1.0,214681914,224996000,224996000,33.493,2835462000,130166000,8564000,79248000,12.602,747020000
PPC,MRY,2012-12-31,2012-12-30,2012-12-30,2018-05-11,-68511000,2913869000,2912997750,1542728000,1371141000,2.788,3.494,-60927000,68180000,68180000,7685550000,174042000,2.113,2.212,1164756000,15886000,1148870000,1164756000,0,147414000,0,0.0,0.0,258180000,405594000,0.05,405594000,258180000,153254000,0.7,0.7,0.7,906371000,860367750,906371000,2969393047,11,7.321,138697000,0.555,1.0,435832000,0.054,38266000,104926000,3242002000,3302380500,950296000,0,0,0,2004872000,730177000,1274695000,1862203047,26571000,0,0,-309311000,0,-111029000,-60401000,526000,199624000,-1623000,174234000,174234000,174234000,0,-192000,0.021,185490000,250342000,325801000,0.0,2.055,10.688,10.271,1235444000,0,7.19,0.229,0.221,386444000,-669711000,8121382000,8121382000,0,0.06,0.203,0.078,0.032,684000,177041000,1.0,258999033,250101000,250216000,32.472,2875603000,152150000,-20980000,104950000,11.086,812551000
PPC,MRY,2013-12-31,2013-12-29,2013-12-29,2018-05-11,-45735000,3172402000,3031018000,1928982000,1243420000,2.775,5.756,-84886000,508206000,508206000,7565709000,549713000,1.78,1.128,912233000,410234000,501999000,912233000,0,150523000,0,0.0,0.0,660788000,811311000,0.096,811311000,660788000,573782000,2.12,2.12,2.12,1489818000,1250473750,1489818000,4848307173,7,5.976,793647000,3.066,1.0,845439000,0.101,32525000,87006000,2460506000,2906395500,808832000,96902000,96902000,0,1679800000,1083398000,596402000,4266208173,440026000,0,0,-252978000,0,-250214000,-181788000,-96902000,878533000,-6505000,549555000,549555000,549555000,0,158000,0.065,186576000,658863000,374294000,0.0,2.864,7.763,7.769,1191974000,0,16.47,0.507,0.507,379066000,-120156000,8411148000,8411148000,0,0.181,0.439,0.227,0.079,3345000,180915000,1.0,259029033,258826000,259241000,32.497,3139877000,86016000,24227000,29459000,12.131,845584000
PPC,MRY,2014-12-31,2014-12-28,2014-12-28,2018-05-11,-62541000,3091718000,3213585500,1857734000,1233984000,2.671,8.471,-160335000,576143000,576143000,7189370000,711438000,2.582,0.408,4242000,262000,3980000,4242000,0,155824000,0,0.0,0.0,1184698000,1340522000,0.156,1340522000,1184698000,1102601000,2.75,2.74,2.75,2193895000,1893990250,2193895000,8458897154,7,6.31,906357000,3.5,1.0,1393995000,0.162,26783000,82097000,1773477000,2164930750,790305000,0,0,0,894917000,719557000,175360000,8825119154,67937000,0,0,-910234000,0,-905595000,-63385000,96950000,1066692000,-29775000,711648000,711648000,711648000,0,-210000,0.083,190880000,1203115000,404348000,0.0,4.023,12.401,12.389,1207201000,0,34.07,1.028,1.028,384140000,591492000,8583365000,8583365000,0,0.221,0.376,0.547,0.138,4928000,188594000,1.0,259029033,258974000,259471000,33.144,3064935000,10288000,390953000,77240000,11.834,1138177000
PPC,MRY,2015-12-31,2015-12-27,2015-12-27,2018-05-11,-58930000,3318443000,3199855500,1746224000,1572219000,2.735,4.934,-175652000,439638000,439638000,7453948000,662972000,2.062,1.634,1014321000,28812000,985509000,1014321000,0,173817000,0,0.257,5.77,1030815000,1204632000,0.138,1204632000,1030815000,984266000,2.5,2.5,2.5,1258856000,1140397250,1258856000,6347865458,6,5.27,844728000,3.269,1.0,1298724000,0.148,204018000,46549000,2842148000,2823734000,801357000,0,0,0,2056633000,846960000,1209673000,5738215458,-118073000,-373532000,-99233000,1018588000,-1498470000,-585005000,-549184000,0,1020380000,-4264000,645914000,645914000,645914000,0,17058000,0.074,237592000,1061132000,489954000,2.308,4.558,8.884,8.996,1368201000,0,22.49,0.656,0.664,351662000,-261252000,8752672000,8752672000,0,0.202,0.566,0.365,0.118,2975000,231838000,1.0,255145196,258442000,258676000,33.867,3114425000,71410000,338352000,145110000,12.206,899264000
PPC,MRY,2016-12-31,2016-12-25,2016-12-25,2018-05-11,-329858000,5021942000,3604732750,1809885000,3212057000,2.74,8.283,-327585000,297523000,297523000,8774581000,480117000,1.527,1.413,1411836000,15712000,1396124000,1411836000,0,231708000,0,0.145,2.75,760087000,991795000,0.1,991795000,760087000,684451000,1.74,1.73,1.74,2077860000,1292333250,2077860000,5699238613,7,5.746,467777000,1.844,1.0,1103983000,0.112,1358812000,75636000,3592286000,3103457500,975608000,0,0,0,2935810000,1185157000,1750653000,4780300613,-399029000,0,-117884000,-5726000,-714785000,-828219000,-327585000,0,795362000,-38587000,440532000,440532000,440532000,0,39585000,0.045,311901000,792082000,794846000,1.58,2.301,10.851,10.931,1853245000,0,19.02,0.484,0.488,449563000,-782785000,9878564000,9878564000,0,0.122,0.341,0.245,0.077,6102000,310832000,1.0,251330211,253669000,254126000,38.943,3663130000,0,243919000,279385000,14.603,624728000
PPC,MRY,2017-12-31,2017-12-31,2017-12-31,2018-05-11,-31140000,6248652000,4914821000,2516288000,3732364000,2.191,7.422,-335397000,589531000,589531000,9296249000,718167000,1.732,2.38,2683392000,47775000,2635617000,2683392000,0,277792000,0,0.0,0.0,1065661000,1343453000,0.125,1343453000,1065661000,958478000,2.79,2.79,2.79,1846156000,1428900250,1846156000,9930008898,9,7.391,465924000,1.873,1.0,1471614000,0.137,1619052000,107183000,5270938000,4426943000,1255070000,0,0,0,4392991000,1452523000,2940468000,7726252898,292008000,-658520000,-14641000,489629000,0,466395000,-992072000,0,801321000,16364000,694579000,694579000,694579000,0,23588000,0.065,399292000,1072322000,735916000,0.0,4.185,11.124,11.133,2113312000,0,31.06,0.718,0.717,568429000,173943000,10767863000,10767863000,0,0.141,0.486,0.241,0.099,3020000,389517000,1.0,248752508,248738000,248971000,43.29,4629600000,0,263899000,430565000,18.611,1063765000
