ticker,dimension,calendardate,datekey,reportperiod,lastupdated,accoci,assets,assetsavg,assetsc,assetsnc,assetturnover,bvps,capex,cashneq,cashnequsd,cor,consolinc,currentratio,de,debt,debtc,debtnc,debtusd,deferredrev,depamor,deposits,divyield,dps,ebit,ebitda,ebitdamargin,ebitdausd,ebitusd,ebt,eps,epsdil,epsusd,equity,equityavg,equityusd,ev,evebit,evebitda,fcf,fcfps,fxusd,gp,grossmargin,intangibles,intexp,invcap,invcapavg,inventory,investments,investmentsc,investmentsnc,liabilities,liabilitiesc,liabilitiesnc,marketcap,ncf,ncfbus,ncfcommon,ncfdebt,ncfdiv,ncff,ncfi,ncfinv,ncfo,ncfx,netinc,netinccmn,netinccmnusd,netincdis,netincnci,netmargin,opex,opinc,payables,payoutratio,pb,pe,pe1,ppnenet,prefdivis,price,ps,ps1,receivables,retearn,revenue,revenueusd,rnd,roa,roe,roic,ros,sbcomp,sgna,sharefactor,sharesbas,shareswa,shareswadil,sps,tangibles,taxassets,taxexp,taxliabilities,tbvps,workingcapital
PRAN,MRY,2011-12-31,2011-06-30,2011-06-30,2017-09-03,0,9010952,7906184,8932206,78746,0.02,0.028,-13959,8838245,9476801,0,-6431185,4.304,0.3,359572,359572,0,385550,0,0,0,0.0,0.0,-6431185,-6431185,-41.19,-6895833,-6895833,-6431185,-1.56,-1.56,-1.673,6931202,6080259,7431975,39431501,-5,-5.718,-4572106,-0.018,0.933,156135,1.0,0,0,-1543085,-734728,0,0,0,0,2079750,2075364,4386,44711701,3760479,0,8551283,347000,0,8335258,-16632,0,-4558147,0,-6431185,-6431185,-6895833,0,0,-41.19,6439937,-6283802,1395827,0.0,6.016,-6.484,-6.851,40909,0,11.46,267.07,16947.398,3373,-84904612,156135,167415,3157618,-0.813,-1.058,8.753,-41.19,0,2393461,0.017,234045871,247578570,247578570,0.001,9010952,0,0,0,0.036,6856842
PRAN,MRY,2012-12-31,2012-06-30,2012-06-30,2017-09-03,0,7341868,8176410,7255980,85888,0.023,0.02,-26763,5636469,5760716,0,-5239469,4.24,0.306,335903,335903,0,343307,50831,0,0,0.0,0.0,-5227925,-5227925,-28.007,-5343166,-5343166,-5239469,-1.09,-1.09,-1.114,5623447,6277324,5747407,34989852,-6,-6.549,-6872669,-0.024,0.978,186664,1.0,0,11544,329819,-606633,0,0,0,0,1718421,1711483,6938,43228668,-3250646,0,3843495,0,0,3622023,-26763,0,-6845906,0,-5239469,-5239469,-5354964,0,0,-28.069,7834538,-7647874,961954,0.0,7.521,-8.073,-8.456,48051,0,9.42,226.591,14208.788,1550836,-90144081,186664,190778,4513708,-0.641,-0.835,8.618,-28.007,0,2205470,0.017,275286783,287765812,287765812,0.001,7341868,0,0,0,0.026,5544497
PRAN,MRY,2013-12-31,2013-06-30,2013-06-30,2017-09-03,0,17073821,12207844,16982940,90881,0.012,0.041,-22000,13346760,12205151,0,-7787242,5.48,0.222,870801,870801,0,796317,33332,0,0,0.0,0.0,-7769566,-7769566,-51.499,-7104999,-7104999,-7787242,-1.38,-1.38,-1.262,13974713,9799080,12779392,63721037,-8,-8.968,-7973254,-0.024,1.094,150867,1.0,0,17676,1498887,914353,0,0,0,0,3099108,3098975,133,69145376,7602626,0,16260806,337000,0,15582031,-28151,0,-7951254,0,-7787242,-7787242,-7121163,0,0,-51.617,12423661,-12272794,1775666,0.0,5.411,-9.71,-11.03,46893,0,13.92,501.189,34173.766,3523938,-97931323,150867,137962,8498716,-0.638,-0.795,-8.497,-51.499,0,2732408,0.017,297980818,338700006,338700006,0.0,17073821,0,0,0,0.05,13883965
PRAN,MRY,2014-12-31,2014-06-30,2014-06-30,2017-09-03,0,41640855,29357338,41549310,91545,0.012,0.088,-23048,34167018,32187275,0,-13329239,10.515,0.105,98398,98398,0,92696,0,0,0,0.0,0.0,-13299261,-13299261,-36.559,-12528660,-12528660,-13329239,-1.87,-1.87,-1.762,37686287,25830500,35502626,74402801,-5,-5.939,-13559271,-0.032,1.062,363775,1.0,0,29978,3620695,2559791,0,0,0,0,3954568,3951540,3028,86452048,21401521,0,37110325,-810164,0,34960792,-23048,0,-13536223,0,-13329239,-13329239,-12556901,0,0,-36.641,20761839,-20398064,3358358,0.0,2.435,-6.885,-7.714,47557,0,13.59,252.27,16974.557,7285409,-111260562,363775,342696,15385177,-0.454,-0.516,-5.195,-36.559,0,4925411,0.017,381610426,428047123,428047123,0.001,41640855,0,0,0,0.097,37597770
PRAN,MRY,2015-12-31,2015-06-30,2015-06-30,2017-09-03,0,41834382,41737618,41744193,90189,0.004,0.078,-28757,34909574,26904201,0,-5885069,15.354,0.07,12076,12076,0,9306,0,0,0,0.0,0.0,-5885069,-5885069,-33.279,-4535520,-4535520,-5885069,-0.7,-0.7,-0.539,39113264,38399775,30143912,27587785,-6,-6.083,-10899831,-0.022,1.298,176842,1.0,0,0,4218178,3919436,0,0,0,0,2721118,2718706,2412,57183128,-4210697,0,7128142,0,0,6843211,-182834,0,-10871074,0,-5885069,-5885069,-4535520,0,0,-33.279,17100798,-16923956,2152015,0.0,1.897,-12.608,-13.013,44727,0,7.02,419.572,25893.549,6521154,-117145631,176842,136289,12555466,-0.141,-0.153,-1.502,-33.279,0,4506122,0.017,488646960,502714982,502714982,0.0,41834382,0,0,0,0.083,39025487
PRAN,MRY,2016-12-31,2016-06-30,2016-06-30,2017-09-03,0,33725020,37779701,33656807,68213,0.004,0.059,-2307,28593538,21289210,0,-7729551,14.277,0.075,0,0,0,0,0,0,0,0.0,0.0,-7729551,-7729551,-54.183,-5755007,-5755007,-7729551,-0.87,-0.87,-0.648,31367213,35240238,23354339,17310811,-3,-3.008,-7420833,-0.014,1.343,142657,1.0,0,0,2774145,3496161,0,0,0,0,2357807,2357337,470,42200101,-7419359,0,0,0,0,0,-833,0,-7418526,0,-7729551,-7729551,-5755007,0,0,-54.183,13483152,-13340495,1748566,0.0,1.807,-7.333,-7.32,24225,0,4.742,397.309,23834.322,4786765,-124875182,142657,106214,9827325,-0.205,-0.219,-2.211,-54.183,0,3610551,0.017,533891470,533891470,533891470,0.0,33725020,0,0,0,0.063,31299470
PRAN,MRY,2017-12-31,2017-06-30,2017-06-30,2017-09-03,0,25280946,29502983,25250131,30815,0.004,0.044,-27918,21884957,,0,-7542076,15.876,0.067,0,0,0,,0,0,0,0.0,0.0,-7542076,-7542076,-56.966,,,-7542076,-0.85,-0.85,,23690034,27528623,,-1381406,,,-5892998,-0.011,,132396,1.0,0,0,1805517,2289831,0,0,0,0,1590912,1590472,440,20380933,-6052562,0,0,0,0,-159564,-27918,0,-5865080,0,-7542076,-7542076,,0,0,-56.966,10036932,-9904536,892434,,,,,30815,0,2.29,,,3035573,-122648452,132396,,5942231,-0.256,-0.274,-3.294,-56.966,0,3968630,0.017,533891470,533891470,533891470,,25280946,0,0,0,0.047,23659659
