ticker,dimension,calendardate,datekey,reportperiod,lastupdated,accoci,assets,assetsavg,assetsc,assetsnc,assetturnover,bvps,capex,cashneq,cashnequsd,cor,consolinc,currentratio,de,debt,debtc,debtnc,debtusd,deferredrev,depamor,deposits,divyield,dps,ebit,ebitda,ebitdamargin,ebitdausd,ebitusd,ebt,eps,epsdil,epsusd,equity,equityavg,equityusd,ev,evebit,evebitda,fcf,fcfps,fxusd,gp,grossmargin,intangibles,intexp,invcap,invcapavg,inventory,investments,investmentsc,investmentsnc,liabilities,liabilitiesc,liabilitiesnc,marketcap,ncf,ncfbus,ncfcommon,ncfdebt,ncfdiv,ncff,ncfi,ncfinv,ncfo,ncfx,netinc,netinccmn,netinccmnusd,netincdis,netincnci,netmargin,opex,opinc,payables,payoutratio,pb,pe,pe1,ppnenet,prefdivis,price,ps,ps1,receivables,retearn,revenue,revenueusd,rnd,roa,roe,roic,ros,sbcomp,sgna,sharefactor,sharesbas,shareswa,shareswadil,sps,tangibles,taxassets,taxexp,taxliabilities,tbvps,workingcapital
PRCP,MRY,2011-12-31,2011-06-30,2011-06-30,2018-05-07,1106000,69991000,67525250,54860000,15131000,0.753,6.409,-813000,12105000,12105000,28225000,1826000,3.781,0.262,0,0,0,0,6823000,694000,0,0.0,0.0,3279000,3973000,0.078,3973000,3279000,3279000,0.21,0.2,0.21,55480000,55429500,55480000,45444802,13,11.438,5390000,0.607,1.0,22622000,0.445,0,0,43375000,44316250,5685000,14889000,12697000,2192000,14511000,14511000,0,55086802,2316000,0,-2873000,0,0,-2873000,-1810000,-997000,6203000,796000,1826000,1826000,1826000,824000,0,0.036,19236000,3386000,1202000,0.0,0.993,30.168,30.286,5559000,0,6.36,1.083,1.111,16165000,15000000,50847000,50847000,5768000,0.027,0.033,0.074,0.064,440000,13468000,1.0,8661447,8879000,9050000,5.727,69991000,11208000,1453000,442000,8.085,40349000
PRCP,MRY,2012-12-31,2012-06-30,2012-06-30,2018-05-07,-893000,66809000,66984500,50473000,16336000,0.857,6.221,-594000,12984000,12984000,33209000,-333000,3.469,0.278,0,0,0,0,7812000,597000,0,0.0,0.0,2215000,2812000,0.049,2812000,2215000,2215000,-0.04,-0.04,-0.04,52259000,53012000,52259000,35704471,16,12.697,2316000,0.275,1.0,24170000,0.421,0,0,39275000,40421000,5396000,13419000,11227000,2192000,14550000,14550000,0,46187471,879000,0,-1144000,0,0,-1144000,-231000,363000,2910000,-656000,-333000,-333000,-333000,3160000,0,-0.006,18574000,5596000,1519000,0.0,0.884,-138.701,-137.5,5497000,0,5.5,0.805,0.808,15982000,14667000,57379000,57379000,5591000,-0.005,-0.006,0.055,0.039,255000,12983000,1.0,8397722,8433000,8433000,6.804,66809000,11103000,2548000,610000,7.953,35923000
PRCP,MRY,2013-12-31,2013-06-30,2013-06-30,2018-05-07,-94000,73639000,67449500,58038000,15601000,0.903,6.63,-731000,13364000,13364000,32766000,6210000,3.466,0.294,0,0,0,0,5990000,660000,0,0.051,0.4,7611000,8271000,0.136,8271000,7611000,7611000,0.73,0.72,0.73,56895000,53490500,56895000,54978587,7,6.647,2582000,0.303,1.0,28120000,0.462,0,0,43531000,40092000,6783000,14046000,13321000,725000,16744000,16744000,0,67580587,380000,838000,842000,0,-3416000,-2574000,-275000,-382000,3313000,-84000,6210000,6210000,6210000,-80000,0,0.102,21254000,6866000,2561000,0.548,1.188,10.883,10.808,5578000,0,7.89,1.11,1.103,21760000,17461000,60886000,60886000,6781000,0.092,0.116,0.19,0.125,201000,14473000,1.0,8565347,8512000,8588000,7.153,73639000,10640000,1401000,1075000,8.582,41294000
PRCP,MRY,2014-12-31,2014-06-30,2014-06-30,2018-05-07,573000,80066000,76187750,63740000,16326000,0.782,6.863,-678000,23070000,23070000,34763000,2427000,3.687,0.275,0,0,0,0,7571000,726000,0,0.012,0.15,2814000,3540000,0.059,3540000,2814000,3002000,0.27,0.26,0.27,62780000,61156000,62780000,97007366,34,27.403,4383000,0.488,1.0,24849000,0.417,0,-188000,39710000,40539750,7049000,11547000,10822000,725000,17286000,17286000,0,116633366,9706000,0,3648000,0,-1372000,2276000,2235000,2913000,5061000,134000,2427000,2427000,2427000,0,0,0.041,21907000,2942000,2081000,0.556,1.858,48.057,47.222,5540000,0,12.75,1.957,1.921,19461000,18516000,59612000,59612000,6691000,0.032,0.04,0.069,0.047,515000,15216000,1.0,9147715,8983000,9210000,6.636,80066000,11748000,575000,1717000,8.752,46454000
PRCP,MRY,2015-12-31,2015-06-30,2015-06-30,2018-05-07,-2371000,94938000,85488750,61419000,33519000,0.87,6.503,-1789000,11502000,11502000,46134000,-461000,2.16,0.562,0,0,0,0,8966000,1098000,0,0.0,0.0,-973000,125000,0.002,125000,-973000,-835000,-0.05,-0.05,-0.05,60792000,60760750,60792000,81823671,-84,654.589,-6715000,-0.726,1.0,28271000,0.38,14184000,-138000,40811000,36588500,11898000,4961000,4134000,827000,34146000,28441000,5705000,98738671,-11568000,-4205000,910000,-4414000,0,-3504000,-1021000,5834000,-4926000,-2117000,-461000,-461000,-461000,0,0,-0.006,28308000,-37000,7723000,0.0,1.624,-214.184,-211.2,6840000,0,10.56,1.327,1.313,30086000,18055000,74405000,74405000,7911000,-0.005,-0.008,-0.027,-0.013,507000,20397000,1.0,9350253,9252000,9252000,8.042,80754000,13735000,-374000,7555000,8.639,32978000
PRCP,MRY,2016-12-31,2016-06-30,2016-06-30,2018-05-07,-3220000,67922000,82515500,46709000,21213000,0.838,4.107,-1641000,6787000,6787000,47996000,-22113000,1.84,0.762,200000,200000,0,200000,7711000,2137000,0,0.0,0.0,-9069000,-6932000,-0.1,-6932000,-9069000,-9217000,-2.36,-2.36,-2.36,38554000,51995000,38554000,41042751,-4,-5.921,-7089000,-0.757,1.0,21139000,0.306,12517000,148000,23435000,37171250,12172000,2244000,1474000,770000,29368000,25383000,3985000,43735751,-4715000,0,75000,-83000,0,-8000,665000,2435000,-5448000,76000,-22113000,-22113000,-22113000,0,0,-0.32,30523000,-9384000,8801000,0.0,1.134,-1.978,-1.983,7926000,0,4.68,0.633,0.634,24075000,-4058000,69135000,69135000,7381000,-0.268,-0.425,-0.244,-0.131,649000,20316000,1.0,9345246,9360000,9360000,7.386,55405000,1031000,12896000,4522000,5.902,21326000
PRCP,MRY,2017-12-31,2017-06-30,2017-06-30,2018-05-07,-2721000,70615000,65873500,50638000,19977000,1.183,4.249,-682000,3704000,3704000,50178000,-168000,1.799,0.773,1705000,1705000,0,1705000,8485000,2194000,0,0.0,0.0,1526000,3720000,0.048,3720000,1526000,1262000,-0.02,-0.02,-0.02,39835000,38083750,39835000,64692449,42,17.39,-4429000,-0.472,1.0,27769000,0.356,11866000,264000,28595000,25498750,11466000,2297000,1572000,725000,30780000,28155000,2625000,68579449,-3083000,0,157000,1303000,0,1460000,-763000,-81000,-3747000,-33000,-168000,-168000,-168000,0,0,-0.002,25950000,1819000,8280000,0.0,1.722,-408.211,-364.0,7377000,0,7.28,0.88,0.876,31943000,-4226000,77947000,77947000,6826000,-0.003,-0.004,0.06,0.02,797000,17347000,1.0,9420254,9382000,9382000,8.308,58749000,447000,1430000,3860000,6.266,22483000
