ticker,dimension,calendardate,datekey,reportperiod,lastupdated,accoci,assets,assetsavg,assetsc,assetsnc,assetturnover,bvps,capex,cashneq,cashnequsd,cor,consolinc,currentratio,de,debt,debtc,debtnc,debtusd,deferredrev,depamor,deposits,divyield,dps,ebit,ebitda,ebitdamargin,ebitdausd,ebitusd,ebt,eps,epsdil,epsusd,equity,equityavg,equityusd,ev,evebit,evebitda,fcf,fcfps,fxusd,gp,grossmargin,intangibles,intexp,invcap,invcapavg,inventory,investments,investmentsc,investmentsnc,liabilities,liabilitiesc,liabilitiesnc,marketcap,ncf,ncfbus,ncfcommon,ncfdebt,ncfdiv,ncff,ncfi,ncfinv,ncfo,ncfx,netinc,netinccmn,netinccmnusd,netincdis,netincnci,netmargin,opex,opinc,payables,payoutratio,pb,pe,pe1,ppnenet,prefdivis,price,ps,ps1,receivables,retearn,revenue,revenueusd,rnd,roa,roe,roic,ros,sbcomp,sgna,sharefactor,sharesbas,shareswa,shareswadil,sps,tangibles,taxassets,taxexp,taxliabilities,tbvps,workingcapital
PRXI,MRY,2011-12-31,2011-02-28,2011-02-28,2017-06-15,-455000,31581000,38175250,9718000,21863000,1.172,4.163,-2020000,3764000,3764000,33459000,-12678000,1.137,0.609,0,0,0,0,2596000,5053000,0,0.0,0.0,-12769000,-7716000,-0.172,-7716000,-12769000,-12769000,-2.7,-2.7,-2.7,19631000,26131750,19631000,75568711,-5,-9.794,-4526000,-0.964,1.0,11292000,0.252,6231000,0,13039000,20359750,752000,1007000,1007000,0,11950000,8547000,3403000,81897711,-6575000,420000,-19000,0,0,-19000,-3916000,2493000,-2506000,-134000,-12472000,-12472000,-12472000,0,-206000,-0.279,24293000,-13001000,5951000,0.0,4.172,-6.567,-6.444,12620000,0,17.4,1.83,1.825,2419000,-31085000,44751000,44751000,0,-0.327,-0.477,-0.627,-0.285,616000,19214000,1.0,4706765,4694327,4694327,9.533,25350000,533000,-297000,175000,5.376,1171000
PRXI,MRY,2012-12-31,2012-02-29,2012-02-29,2017-06-15,-485000,25617000,28482750,6677000,18940000,1.113,3.18,-1130000,2344000,2344000,17264000,-6020000,0.894,0.693,1080000,505000,575000,1080000,2254000,3922000,0,0.0,0.0,-5572000,-1650000,-0.052,-1650000,-5572000,-5605000,-1.2,-1.2,-1.2,15132000,18169250,15132000,114717296,-20,-69.526,-1938000,-0.409,1.0,14446000,0.456,5636000,33000,11248000,12545000,1082000,405000,405000,0,10485000,7469000,3016000,116577296,-1420000,77000,607000,-297000,0,310000,-897000,397000,-808000,-25000,-5781000,-5781000,-5781000,0,-239000,-0.182,20267000,-5821000,4707000,0.0,7.704,-20.166,-20.417,10298000,0,24.5,3.676,3.664,1405000,-36866000,31710000,31710000,0,-0.203,-0.318,-0.444,-0.176,705000,13958000,1.0,4758257,4741889,4741889,6.687,19981000,290000,176000,47000,4.199,-792000
PRXI,MRY,2013-12-31,2013-02-28,2013-02-28,2017-06-15,-471000,37770000,37140250,11289000,26481000,1.063,3.785,-1056000,6393000,6393000,18745000,1867000,0.958,1.05,7816000,5104000,2712000,7816000,2363000,3525000,0,0.0,0.0,2910000,6435000,0.163,6435000,2910000,2229000,0.4,0.4,0.4,18424000,18510750,18424000,108275369,37,16.826,4258000,0.884,1.0,20720000,0.525,9772000,681000,17633000,19852500,1205000,407000,407000,0,19346000,11788000,7558000,112863369,4049000,-125000,613000,-766000,0,-153000,-1125000,-1000,5314000,13000,1950000,1950000,1950000,0,-83000,0.049,17997000,2723000,4146000,0.0,6.126,57.879,57.5,9280000,0,23.0,2.86,2.807,1404000,-34916000,39465000,39465000,0,0.053,0.105,0.147,0.074,866000,14647000,1.0,4907103,4815992,4856066,8.195,27998000,175000,279000,183000,5.752,-499000
PRXI,MRY,2014-12-31,2014-02-28,2014-02-28,2017-06-15,-326000,30256000,33893250,9034000,21222000,0.866,3.638,-2971000,3434000,3434000,15368000,-778000,1.312,0.693,1396000,209000,1187000,1396000,3076000,4150000,0,0.0,0.0,-535000,3615000,0.123,3615000,-535000,-877000,-0.14,-0.14,-0.14,17870000,19057250,17870000,40753106,-76,11.273,-2488000,-0.505,1.0,13980000,0.476,8516000,342000,12814000,15554000,1206000,407000,407000,0,12386000,6888000,5498000,43156106,-2959000,0,-349000,-163000,0,-512000,-2939000,0,483000,9000,-714000,-714000,-714000,0,-64000,-0.024,17297000,-3317000,2550000,0.0,2.415,-60.443,-62.857,9287000,0,8.8,1.47,1.477,1331000,-35630000,29348000,29348000,0,-0.021,-0.037,-0.034,-0.018,231000,12761000,1.0,4904103,4924216,4924216,5.96,21740000,565000,-163000,302000,4.426,2146000
PRXI,MRY,2015-12-31,2015-02-28,2015-02-28,2017-06-15,-13000,36881000,34856250,10534000,26347000,0.843,1.623,-3997000,5224000,5224000,19784000,-11693000,0.618,3.618,8253000,8221000,32000,8253000,2901000,4560000,0,0.0,0.0,-9566000,-5006000,-0.17,-5006000,-9566000,-10475000,-2.13,-2.13,-2.13,7986000,13265500,7986000,18918812,-1,-3.779,-5383000,-1.096,1.0,9606000,0.327,4316000,909000,18549000,13539500,1127000,801000,0,801000,28895000,17045000,11850000,17692812,1364000,0,0,7743000,0,7255000,-4505000,407000,-1386000,0,-10475000,-10475000,-10475000,0,-1218000,-0.356,20431000,-10825000,5496000,0.0,2.215,-1.689,-1.69,11503000,0,3.6,0.602,0.601,1417000,-46105000,29390000,29390000,0,-0.301,-0.79,-0.707,-0.325,278000,12809000,1.0,4914670,4909887,4909887,5.986,32565000,109000,0,60000,6.619,-6511000
