ticker,dimension,calendardate,datekey,reportperiod,lastupdated,accoci,assets,assetsavg,assetsc,assetsnc,assetturnover,bvps,capex,cashneq,cashnequsd,cor,consolinc,currentratio,de,debt,debtc,debtnc,debtusd,deferredrev,depamor,deposits,divyield,dps,ebit,ebitda,ebitdamargin,ebitdausd,ebitusd,ebt,eps,epsdil,epsusd,equity,equityavg,equityusd,ev,evebit,evebitda,fcf,fcfps,fxusd,gp,grossmargin,intangibles,intexp,invcap,invcapavg,inventory,investments,investmentsc,investmentsnc,liabilities,liabilitiesc,liabilitiesnc,marketcap,ncf,ncfbus,ncfcommon,ncfdebt,ncfdiv,ncff,ncfi,ncfinv,ncfo,ncfx,netinc,netinccmn,netinccmnusd,netincdis,netincnci,netmargin,opex,opinc,payables,payoutratio,pb,pe,pe1,ppnenet,prefdivis,price,ps,ps1,receivables,retearn,revenue,revenueusd,rnd,roa,roe,roic,ros,sbcomp,sgna,sharefactor,sharesbas,shareswa,shareswadil,sps,tangibles,taxassets,taxexp,taxliabilities,tbvps,workingcapital
PRXL,MRY,2011-12-31,2011-06-30,2011-06-30,2017-08-29,18855000,1429483000,1392798750,807578000,621905000,1.021,9.609,-60153000,89056000,89056000,1008110000,48786000,1.647,1.526,245969000,5867000,240102000,245969000,332662000,65480000,0,0.0,0.0,75644000,141124000,0.099,141124000,75644000,58634000,0.83,0.81,0.83,566004000,534395250,566004000,1556969401,20,11.033,-61608000,-1.051,1.0,414315000,0.291,342271000,17010000,753845000,684470000,0,0,0,0,863479000,490280000,373199000,1387023401,-6114000,0,7686000,30429000,0,36565000,-45701000,13058000,-1455000,4477000,48786000,48786000,48786000,0,0,0.034,332685000,81630000,31724000,0.0,2.451,28.431,28.386,201342000,0,23.56,0.975,0.971,649643000,295520000,1422425000,1422425000,0,0.035,0.091,0.111,0.053,10162000,259099000,1.0,58871961,58634000,59874000,24.259,1087212000,75820000,9848000,106019000,18.458,317298000
PRXL,MRY,2012-12-31,2012-06-30,2012-06-30,2017-08-29,-29139000,1532156000,1487069500,942964000,589192000,1.088,10.178,-74403000,213579000,213579000,1193555000,63158000,1.616,1.513,216787000,5003000,211784000,216787000,359714000,66172000,0,0.0,0.0,86709000,152881000,0.094,152881000,86709000,79706000,1.06,1.05,1.06,609675000,575288750,609675000,1789996165,20,11.708,160054000,2.692,1.0,424679000,0.262,325459000,7003000,626531000,702185000,0,0,0,0,922481000,583374000,339107000,1690649165,124523000,0,12120000,-25943000,0,-8567000,-76521000,-2118000,234457000,-24846000,63158000,63158000,63158000,0,0,0.039,335877000,88802000,50783000,0.0,2.773,26.769,26.632,207778000,0,28.23,1.045,1.037,649217000,358678000,1618234000,1618234000,0,0.042,0.11,0.123,0.054,5875000,263462000,1.0,59888387,59464000,60426000,27.214,1206697000,66629000,16548000,93328000,20.146,359590000
PRXL,MRY,2013-12-31,2013-06-30,2013-06-30,2017-08-29,-30038000,1779624000,1678526000,1077457000,702167000,1.189,9.501,-79412000,144027000,144027000,1469060000,95972000,1.598,2.302,444473000,20399000,424074000,444473000,408336000,73186000,0,0.0,0.0,140388000,213574000,0.107,213574000,140388000,133150000,1.64,1.61,1.64,538946000,564909250,538946000,2811146700,20,13.162,104403000,1.788,1.0,526906000,0.264,422992000,7238000,982850000,829501000,0,130137000,130137000,0,1240678000,674228000,566450000,2613363700,-69552000,-97099000,-179878000,226663000,0,52409000,-305455000,-128944000,183815000,-321000,95972000,95972000,95972000,0,0,0.048,390783000,136123000,54232000,0.0,4.849,27.23,28.03,224225000,0,45.97,1.309,1.345,705374000,454650000,1995966000,1995966000,0,0.057,0.17,0.169,0.07,5544000,318806000,1.0,56849330,58388000,59447000,34.185,1356632000,68016000,37178000,98686000,23.916,403229000
PRXL,MRY,2014-12-31,2014-06-30,2014-06-30,2017-08-29,2090000,1834000000,1867702250,1122132000,711868000,1.213,10.221,-72600000,188171000,188171000,1606200000,129100000,1.455,2.175,346944000,12501000,334443000,346944000,466964000,81300000,0,0.0,0.0,197000000,278300000,0.123,278300000,197000000,187900000,2.28,2.25,2.28,577681000,615826750,577681000,3003922400,15,10.794,214600000,3.798,1.0,660200000,0.291,421375000,9100000,800166000,865513000,0,95641000,95641000,0,1256319000,771232000,485087000,3005296400,44100000,-100000,-148100000,-83700000,0,-224000000,-31200000,41500000,287200000,12100000,129100000,129100000,129100000,0,0,0.057,460700000,199500000,66483000,0.0,5.202,23.279,23.175,234164000,0,52.84,1.326,1.317,722623000,575044000,2266400000,2266400000,0,0.069,0.21,0.228,0.087,7500000,379800000,1.0,56875405,56500000,57500000,40.113,1412625000,74136000,58800000,98099000,24.994,350900000
PRXL,MRY,2015-12-31,2015-06-30,2015-06-30,2017-08-29,-95900000,1865000000,1812909500,1062000000,803000000,1.285,12.053,-80200000,207400000,207400000,1658500000,147800000,1.497,1.803,354300000,8900000,345400000,354300000,414000000,84900000,0,0.0,0.0,207300000,292200000,0.125,292200000,207300000,200200000,2.69,2.65,2.69,665300000,608660750,665300000,3634632917,17,12.439,77600000,1.413,1.0,671800000,0.288,497000000,7100000,805400000,768191250,0,0,0,0,1199700000,709500000,490200000,3547934917,19200000,-104500000,12600000,6500000,0,26200000,-96100000,88600000,157800000,-68700000,147800000,147800000,147800000,0,0,0.063,471900000,199900000,81200000,0.0,5.333,24.005,23.907,241200000,0,64.31,1.523,1.515,722800000,722900000,2330300000,2330300000,0,0.082,0.243,0.27,0.089,10800000,367200000,1.0,55169257,54900000,55800000,42.446,1368000000,94700000,52400000,83200000,24.783,352500000
PRXL,MRY,2016-12-31,2016-06-30,2016-06-30,2017-08-29,-136000000,2036200000,1943600000,1181200000,855000000,1.248,11.974,-95500000,248600000,248600000,1692300000,154900000,1.535,2.215,501400000,16600000,484800000,501400000,458500000,96900000,0,0.0,0.0,223800000,320700000,0.132,320700000,223800000,215200000,2.9,2.86,2.9,633400000,558375000,633400000,3683285429,16,11.485,165800000,3.099,1.0,734000000,0.303,519900000,8600000,999700000,1014775000,0,0,0,0,1402800000,769400000,633400000,3325585429,41200000,-67300000,-186100000,146300000,0,-45500000,-162800000,0,261300000,-11800000,154900000,154900000,154900000,0,0,0.064,510000000,224000000,62600000,0.0,5.25,21.469,21.683,259300000,0,62.88,1.371,1.387,834000000,737500000,2426300000,2426300000,0,0.08,0.277,0.221,0.092,15900000,385300000,1.0,52887809,53500000,54200000,45.351,1516300000,62700000,60300000,72400000,28.664,411800000
PRXL,MRY,2017-12-31,2017-06-30,2017-06-30,2017-08-29,-120200000,2313400000,2214825000,1280400000,1033000000,1.102,12.54,-72600000,302700000,302700000,1701400000,107300000,1.454,2.646,671500000,29200000,642300000,671500000,522900000,106400000,0,0.0,0.0,168500000,274900000,0.113,274900000,168500000,156200000,2.08,2.06,2.08,634500000,606675000,634500000,4827350363,28,17.56,233800000,4.54,1.0,740100000,0.303,676100000,12300000,1125700000,1149900000,0,0,0,0,1678900000,880400000,798500000,4411750363,54100000,-184600000,-165800000,169800000,0,4000000,-257200000,0,306400000,900000,107300000,107300000,107300000,0,0,0.044,548900000,191200000,102600000,0.0,6.953,41.116,41.784,252100000,0,86.91,1.807,1.833,894600000,732200000,2441500000,2441500000,0,0.048,0.177,0.147,0.069,22100000,401300000,1.0,50762287,51500000,52200000,47.408,1637300000,76300000,48900000,74200000,32.358,400000000
