ticker,dimension,calendardate,datekey,reportperiod,lastupdated,accoci,assets,assetsavg,assetsc,assetsnc,assetturnover,bvps,capex,cashneq,cashnequsd,cor,consolinc,currentratio,de,debt,debtc,debtnc,debtusd,deferredrev,depamor,deposits,divyield,dps,ebit,ebitda,ebitdamargin,ebitdausd,ebitusd,ebt,eps,epsdil,epsusd,equity,equityavg,equityusd,ev,evebit,evebitda,fcf,fcfps,fxusd,gp,grossmargin,intangibles,intexp,invcap,invcapavg,inventory,investments,investmentsc,investmentsnc,liabilities,liabilitiesc,liabilitiesnc,marketcap,ncf,ncfbus,ncfcommon,ncfdebt,ncfdiv,ncff,ncfi,ncfinv,ncfo,ncfx,netinc,netinccmn,netinccmnusd,netincdis,netincnci,netmargin,opex,opinc,payables,payoutratio,pb,pe,pe1,ppnenet,prefdivis,price,ps,ps1,receivables,retearn,revenue,revenueusd,rnd,roa,roe,roic,ros,sbcomp,sgna,sharefactor,sharesbas,shareswa,shareswadil,sps,tangibles,taxassets,taxexp,taxliabilities,tbvps,workingcapital
PSMT,MRY,2011-12-31,2011-08-31,2011-08-31,2018-04-05,0,664328000,631856500,292777000,371551000,2.706,12.741,-39445000,78057000,78057000,1431025000,61750000,1.347,0.768,70481000,10030000,60451000,70481000,11416000,21154000,0,0.009,0.6,93134000,114288000,0.067,114288000,93134000,89218000,2.07,2.07,2.07,375838000,361794750,375838000,1962393862,21,17.171,36154000,1.228,1.0,278996000,0.163,37361000,3916000,402048000,393371250,177232000,30689000,0,30689000,288490000,217343000,71147000,1957040862,3471000,0,-2567000,6029000,-17934000,-30640000,-39445000,0,75599000,-2043000,61750000,61750000,61750000,86000,0,0.036,190440000,88556000,163432000,0.29,5.207,31.693,31.623,281111000,0,65.46,1.144,1.127,3655000,28238000,1710021000,1710021000,0,0.098,0.171,0.237,0.054,3285000,189032000,1.0,29896744,29441000,29457000,58.083,626967000,21252000,27468000,13386000,21.255,75434000
PSMT,MRY,2012-12-31,2012-08-31,2012-08-31,2018-04-05,-33182000,735712000,709305250,321579000,414133000,2.883,14.159,-52567000,92489000,92489000,1715981000,67621000,1.37,0.756,78659000,7237000,71422000,78659000,13747000,23739000,0,0.008,0.6,107957000,131696000,0.064,131696000,107957000,102674000,2.24,2.24,2.24,418914000,395662250,418914000,2185667378,20,16.596,37322000,1.263,1.0,329182000,0.161,36886000,5283000,450255000,433337500,201043000,44064000,0,44064000,316798000,234741000,82057000,2209146378,14431000,0,-3065000,8665000,-18120000,-25082000,-52567000,0,89889000,2191000,67621000,67621000,67621000,25000,0,0.033,221568000,107614000,173198000,0.268,5.274,32.67,32.652,299567000,0,73.14,1.08,1.057,3361000,77739000,2045163000,2045163000,0,0.095,0.171,0.249,0.053,4031000,220639000,1.0,30204353,29554000,29566000,69.201,698826000,20454000,35053000,13018000,23.619,86838000
PSMT,MRY,2013-12-31,2013-08-31,2013-08-31,2018-04-05,-41475000,826039000,797790500,375581000,450458000,2.883,16.205,-69663000,127858000,127858000,1929428000,84265000,1.366,0.717,73020000,12757000,60263000,73020000,16528000,24444000,0,0.007,0.6,127423000,151867000,0.066,151867000,127423000,123207000,2.78,2.78,2.78,481049000,452235750,481049000,2578200873,20,16.977,60970000,2.057,1.0,370384000,0.161,36364000,4216000,459959000,467463500,217413000,42879000,0,42879000,344990000,274878000,70112000,2599142873,30626000,-550000,-3342000,-3667000,-18133000,-21806000,-71812000,0,130633000,-6389000,84265000,84265000,84265000,0,0,0.037,243338000,127046000,199425000,0.216,5.403,30.845,30.924,338478000,0,85.97,1.13,1.108,3130000,143871000,2299812000,2299812000,0,0.106,0.186,0.273,0.055,4966000,240924000,1.0,30233138,29647000,29657000,77.573,789675000,19161000,38942000,12976000,26.601,100703000
PSMT,MRY,2014-12-31,2014-08-31,2014-08-31,2018-04-05,-49286000,938070000,887849750,397181000,540889000,2.836,18.405,-117959000,139451000,139451000,2113664000,92886000,1.329,0.711,91439000,11848000,79591000,91439000,17932000,28475000,0,0.008,0.7,138553000,167028000,0.066,167028000,138553000,134258000,3.07,3.07,3.07,548265000,518911500,548265000,2675363993,19,16.017,19316000,0.649,1.0,403903000,0.16,36108000,4295000,555092000,529355750,226383000,35876000,0,35876000,389805000,298858000,90947000,2707383993,15224000,-750000,-4655000,18182000,-21144000,1872000,-119559000,0,137275000,-4364000,92886000,92886000,92886000,0,0,0.037,267196000,136707000,223559000,0.228,4.938,29.147,29.192,426325000,0,89.62,1.075,1.059,7910000,215613000,2517567000,2517567000,0,0.105,0.179,0.262,0.055,4962000,262420000,1.0,30209596,29747000,29757000,84.633,901962000,18002000,41372000,12083000,30.278,98323000
PSMT,MRY,2015-12-31,2015-08-31,2015-08-31,2018-04-05,-101512000,991224000,1007726250,456505000,534719000,2.781,18.956,-88817000,157133000,157133000,2352839000,89124000,1.354,0.749,97140000,23775000,73365000,97140000,20184000,34445000,0,0.008,0.7,143130000,177575000,0.063,177575000,143130000,136690000,2.95,2.95,2.95,566584000,563994750,566584000,2505758987,17,14.111,20765000,0.696,1.0,449764000,0.16,35871000,6440000,558293000,585727500,267175000,11781000,0,11781000,424640000,337067000,87573000,2565792987,-7867000,-1360000,-4628000,7593000,-21126000,-16955000,-89082000,0,109582000,-11412000,89124000,89124000,89124000,0,0,0.032,303398000,146366000,241978000,0.237,4.529,28.789,28.817,433040000,0,85.01,0.916,0.905,9662000,283611000,2802603000,2802603000,0,0.088,0.158,0.244,0.051,4763000,297656000,1.0,30182249,29848000,29855000,93.896,955353000,14845000,47566000,10997000,31.962,119438000
PSMT,MRY,2016-12-31,2016-08-31,2016-08-31,2018-04-05,-103951000,1096735000,1050748750,512554000,584181000,2.765,21.299,-77614000,200040000,200040000,2449626000,88723000,1.393,0.719,104641000,31099000,73542000,104641000,20920000,39794000,0,0.008,0.7,137463000,177257000,0.061,177257000,137463000,131572000,2.92,2.92,2.92,638071000,607257750,638071000,2433379437,17,13.728,63917000,2.136,1.0,455550000,0.157,35637000,5891000,597795000,581106000,282907000,13443000,0,13443000,458664000,367904000,90760000,2538825437,44119000,-119000,-3254000,7458000,-21274000,-16460000,-78175000,0,141531000,-2777000,88723000,88723000,88723000,0,0,0.031,318827000,136723000,267173000,0.24,3.979,28.615,28.606,473045000,0,83.53,0.874,0.86,7464000,351060000,2905176000,2905176000,0,0.084,0.146,0.237,0.047,8511000,316474000,1.0,30394175,29928000,29933000,97.072,1061098000,12258000,42849000,5196000,35.42,144650000
PSMT,MRY,2017-12-31,2017-08-31,2017-08-31,2018-04-05,-110059000,1177514000,1149053000,510370000,667144000,2.608,23.586,-134917000,162894000,162894000,2519752000,90724000,1.404,0.661,106297000,18358000,87939000,106297000,22100000,46292000,0,0.009,0.7,139519000,185811000,0.062,185811000,139519000,132742000,2.98,2.98,2.98,708767000,681212250,708767000,2401592125,17,12.925,-12061000,-0.402,1.0,476876000,0.159,35642000,6777000,721891000,687653000,310946000,13583000,0,13583000,468747000,363384000,105363000,2469800125,-37004000,0,-2489000,1804000,-21285000,-21805000,-135217000,0,122856000,-2838000,90724000,90724000,90724000,0,0,0.03,340647000,136229000,272248000,0.235,3.485,27.223,27.265,557829000,0,81.25,0.824,0.814,6460000,420866000,2996628000,2996628000,0,0.079,0.133,0.203,0.047,9524000,338642000,1.0,30397540,30020000,30023000,99.821,1141872000,15412000,42018000,5953000,37.999,146986000
