ticker,dimension,calendardate,datekey,reportperiod,lastupdated,accoci,assets,assetsavg,assetsc,assetsnc,assetturnover,bvps,capex,cashneq,cashnequsd,cor,consolinc,currentratio,de,debt,debtc,debtnc,debtusd,deferredrev,depamor,deposits,divyield,dps,ebit,ebitda,ebitdamargin,ebitdausd,ebitusd,ebt,eps,epsdil,epsusd,equity,equityavg,equityusd,ev,evebit,evebitda,fcf,fcfps,fxusd,gp,grossmargin,intangibles,intexp,invcap,invcapavg,inventory,investments,investmentsc,investmentsnc,liabilities,liabilitiesc,liabilitiesnc,marketcap,ncf,ncfbus,ncfcommon,ncfdebt,ncfdiv,ncff,ncfi,ncfinv,ncfo,ncfx,netinc,netinccmn,netinccmnusd,netincdis,netincnci,netmargin,opex,opinc,payables,payoutratio,pb,pe,pe1,ppnenet,prefdivis,price,ps,ps1,receivables,retearn,revenue,revenueusd,rnd,roa,roe,roic,ros,sbcomp,sgna,sharefactor,sharesbas,shareswa,shareswadil,sps,tangibles,taxassets,taxexp,taxliabilities,tbvps,workingcapital
PTSX,MRY,2011-12-31,2011-06-30,2011-06-30,2017-10-19,0,25395000,27956750,7503000,17892000,1.26,0.901,-1077000,355000,355000,24343000,-2811000,1.625,1.676,11420000,1709000,9711000,11420000,0,3578000,0,0.0,0.0,-1954000,1624000,0.046,1624000,-1954000,-2811000,-0.26,-0.26,-0.26,9489000,9889000,9489000,17982267,-9,11.073,-622000,-0.058,1.0,10879000,0.309,0,857000,31842000,32570500,517000,0,0,0,15906000,4618000,11288000,6350267,106000,0,153000,575000,0,728000,-1077000,0,455000,0,-2811000,-2811000,-2811000,0,0,-0.08,14233000,-3354000,1274000,0.0,0.669,-2.259,-2.269,17153000,0,0.59,0.18,0.178,6347000,-22331000,35222000,35222000,352000,-0.101,-0.284,-0.06,-0.055,317000,13197000,1.0,10763166,10647000,10647000,3.308,25395000,68000,0,0,2.411,2885000
PTSX,MRY,2012-12-31,2012-06-30,2012-06-30,2017-10-19,0,25971000,26061500,7751000,18220000,1.341,0.973,-3271000,1219000,1219000,22064000,448000,2.221,1.538,9408000,172000,9236000,9408000,0,2938000,0,0.0,0.0,1282000,4220000,0.121,4220000,1282000,448000,0.04,0.04,0.04,10231000,9831000,10231000,17105899,13,4.054,2876000,0.274,1.0,12896000,0.369,0,834000,30670000,31521750,272000,0,0,0,15740000,3490000,12250000,6307899,864000,0,0,-2012000,0,-2012000,-3271000,0,6147000,0,448000,448000,448000,0,0,0.013,12074000,822000,1276000,0.0,0.617,14.08,15.0,17475000,0,0.6,0.18,0.18,5916000,-21883000,34960000,34960000,0,0.017,0.046,0.041,0.037,294000,12074000,1.0,10513166,10513000,10523000,3.325,25971000,70000,0,0,2.47,4261000
PTSX,MRY,2013-12-31,2013-06-30,2013-06-30,2017-10-19,0,23652000,24548750,6973000,16679000,1.26,0.877,-476000,1696000,1696000,20419000,-1234000,1.963,1.566,8757000,490000,8267000,8757000,0,2405000,0,0.0,0.0,-817000,1588000,0.051,1588000,-817000,-1211000,-0.12,-0.12,-0.12,9219000,9817250,9219000,18045429,-22,11.364,1243000,0.118,1.0,10518000,0.34,0,394000,27160000,28417250,315000,0,0,0,14433000,3553000,10880000,10723429,477000,0,0,-766000,0,-766000,-476000,0,1719000,0,-1234000,-1234000,-1234000,0,0,-0.04,11982000,-1464000,1302000,0.0,1.163,-8.69,-8.5,15993000,0,1.02,0.347,0.347,4709000,-23117000,30937000,30937000,0,-0.05,-0.126,-0.029,-0.026,222000,11982000,1.0,10513166,10513000,10513000,2.943,23652000,0,23000,0,2.25,3420000
PTSX,MRY,2014-12-31,2014-06-30,2014-06-30,2017-10-19,0,17049000,20580250,6237000,10812000,1.25,0.651,4077000,2346000,2346000,17347000,-2650000,0.783,1.485,5485000,5485000,0,5485000,0,1841000,0,0.0,0.0,-2362000,-521000,-0.02,-521000,-2362000,-2647000,-0.25,-0.25,-0.25,6861000,7514000,6861000,11759286,-4,-22.571,4037000,0.383,1.0,8386000,0.326,0,285000,12227000,16156750,230000,0,0,0,10188000,7961000,2227000,3793286,650000,0,0,-3387000,0,-3387000,4077000,0,-40000,0,-2650000,-2650000,-2650000,0,0,-0.103,11336000,-2950000,1034000,0.0,0.553,-1.431,-1.44,10173000,0,0.36,0.147,0.147,3431000,-25767000,25733000,25733000,0,-0.129,-0.353,-0.146,-0.092,272000,11336000,1.0,10536906,10533000,10533000,2.443,17049000,0,3000,0,1.618,-1724000
PTSX,MRY,2015-12-31,2015-06-30,2015-06-30,2017-10-19,0,13380000,14578000,3539000,9841000,1.48,0.402,-416000,22000,22000,14206000,-2886000,0.49,2.157,5205000,5117000,88000,5205000,0,1363000,0,0.0,0.0,-2630000,-1267000,-0.059,-1267000,-2630000,-2886000,-0.27,-0.27,-0.27,4238000,4733500,4238000,7389381,-2,-5.832,-2043000,-0.194,1.0,7375000,0.342,0,256000,11347000,11544500,135000,0,0,0,9142000,7216000,1926000,2107381,-2324000,0,0,-281000,0,-281000,-416000,0,-1627000,0,-2886000,-2886000,-2886000,0,0,-0.134,10329000,-2954000,714000,0.0,0.497,-0.73,-0.741,9226000,0,0.2,0.098,0.098,3067000,-28652000,21581000,21581000,0,-0.198,-0.61,-0.228,-0.122,263000,10329000,1.0,10536906,10537000,10537000,2.048,13380000,0,0,0,1.27,-3677000
PTSX,MRY,2016-12-31,2016-06-30,2016-06-30,2017-10-19,0,20542000,22456000,5403000,15139000,1.673,0.351,-1306000,49000,49000,29244000,-1758000,0.62,3.637,11191000,5244000,5947000,11191000,0,2176000,0,0.0,0.0,-3923000,-1747000,-0.046,-1747000,-3923000,-4467000,-0.14,-0.14,-0.14,4430000,7915750,4430000,19167266,-4,-10.972,-5945000,-0.474,1.0,8326000,0.222,0,544000,22970000,22190000,127000,0,0,0,16112000,8714000,7398000,8639266,27000,0,0,5972000,0,5972000,-1306000,0,-4639000,0,-1758000,-1758000,-1758000,0,0,-0.047,13136000,-4810000,838000,0.0,1.95,-4.914,-4.886,13924000,0,0.684,0.23,0.228,4729000,-30410000,37570000,37570000,0,-0.078,-0.222,-0.177,-0.104,313000,17235000,1.0,12630506,12535000,12535000,2.997,20542000,0,-2709000,0,1.627,-3311000
