ticker,dimension,calendardate,datekey,reportperiod,lastupdated,accoci,assets,assetsavg,assetsc,assetsnc,assetturnover,bvps,capex,cashneq,cashnequsd,cor,consolinc,currentratio,de,debt,debtc,debtnc,debtusd,deferredrev,depamor,deposits,divyield,dps,ebit,ebitda,ebitdamargin,ebitdausd,ebitusd,ebt,eps,epsdil,epsusd,equity,equityavg,equityusd,ev,evebit,evebitda,fcf,fcfps,fxusd,gp,grossmargin,intangibles,intexp,invcap,invcapavg,inventory,investments,investmentsc,investmentsnc,liabilities,liabilitiesc,liabilitiesnc,marketcap,ncf,ncfbus,ncfcommon,ncfdebt,ncfdiv,ncff,ncfi,ncfinv,ncfo,ncfx,netinc,netinccmn,netinccmnusd,netincdis,netincnci,netmargin,opex,opinc,payables,payoutratio,pb,pe,pe1,ppnenet,prefdivis,price,ps,ps1,receivables,retearn,revenue,revenueusd,rnd,roa,roe,roic,ros,sbcomp,sgna,sharefactor,sharesbas,shareswa,shareswadil,sps,tangibles,taxassets,taxexp,taxliabilities,tbvps,workingcapital
PURE,MRY,2011-12-31,2011-07-31,2011-07-31,2018-03-14,0,5148000,5533668,2805000,2343000,0.084,0.856,-14000,1794000,1794000,131000,-8349000,3.0,0.224,0,0,0,0,0,471000,0,0.0,0.0,-8349000,-7878000,-16.978,-7878000,-8349000,-8349000,-1.79,-1.79,-1.79,4207000,4436884,4207000,35862149,-4,-4.552,-6138000,-1.316,1.0,333000,0.718,1917000,0,502000,674937,861000,0,0,0,941000,935000,6000,36171786,-399000,0,5969000,0,0,5969000,-244000,0,-6124000,0,-8349000,-8349000,-8349000,0,0,-17.994,8700000,-8367000,677000,0.0,8.598,-4.332,-4.067,426000,0,7.28,77.956,73.198,50000,-53610000,464000,464000,2180000,-1.509,-1.882,-12.37,-17.994,1194000,6520000,1.0,4968652,4665371,4665371,0.099,3231000,0,0,0,0.658,1870000
PURE,MRY,2012-12-31,2012-07-31,2012-07-31,2018-03-14,0,4458000,4289500,2251000,2207000,0.189,0.13,-10000,877000,877000,264000,-8890000,0.619,4.45,0,0,0,0,66000,385000,0,0.0,0.0,-8746000,-8361000,-10.297,-8361000,-8746000,-8890000,-1.58,-1.58,-1.58,818000,1993750,818000,18732690,-2,-2.24,-5598000,-0.995,1.0,548000,0.675,1950000,144000,-2006000,-622000,654000,0,0,0,3640000,3637000,3000,19021690,-917000,0,3818000,1200000,0,4920000,-249000,0,-5588000,0,-8890000,-8890000,-8890000,0,0,-10.948,9302000,-8754000,2908000,0.0,23.254,-2.14,-1.924,257000,0,3.04,23.426,21.053,373000,-62500000,812000,812000,1863000,-2.073,-4.459,14.061,-10.771,1195000,7439000,1.0,6257135,5623453,5623453,0.144,2508000,0,0,0,0.399,-1386000
PURE,MRY,2013-12-31,2013-07-31,2013-07-31,2018-03-14,0,2062000,3841500,486000,1576000,0.213,-0.08,-12000,32000,32000,565000,-7671000,0.226,-3.081,1255000,368000,887000,1255000,0,311000,0,0.0,0.0,-7078000,-6767000,-8.252,-6767000,-7078000,-7671000,-0.71,-0.71,-0.71,-991000,1184000,-991000,6439776,0,-0.952,-3916000,-0.361,1.0,255000,0.311,1430000,593000,-298000,129500,365000,0,0,0,3053000,2153000,900000,5573776,-845000,0,4666000,-1376000,0,3290000,-231000,0,-3904000,0,-7671000,-7671000,-7671000,0,0,-9.355,7594000,-7339000,1134000,0.0,-5.624,-0.727,-0.634,146000,0,0.45,6.797,5.948,18000,-70171000,820000,820000,1169000,-1.997,-6.479,-54.656,-8.632,975000,5154000,1.0,12386170,10838140,10838140,0.076,632000,0,0,0,0.051,-1667000
PURE,MRY,2014-12-31,2014-07-31,2014-07-31,2018-03-14,0,1859000,2502250,478000,1381000,0.22,0.001,45000,86000,86000,344000,-11050000,0.261,108.353,0,0,0,0,0,248000,0,0.0,0.0,-11040000,-10792000,-19.622,-10792000,-11040000,-11050000,-0.43,-0.43,-0.43,17000,603250,17000,28557500,-2,-2.646,-6281000,-0.245,1.0,206000,0.375,1345000,10000,-1401000,-729500,249000,0,0,0,1842000,1829000,13000,28973500,54000,0,6954000,-528000,0,6426000,-46000,0,-6326000,0,-11050000,-11050000,-11050000,0,0,-20.091,12108000,-11902000,1096000,0.0,1704.324,-2.622,-2.326,36000,0,1.0,52.679,46.563,47000,-81221000,550000,550000,1032000,-4.416,-18.317,15.134,-20.073,3662000,5056000,1.0,28973500,25609548,25609548,0.021,514000,0,0,0,0.018,-1351000
PURE,MRY,2015-12-31,2015-07-31,2015-07-31,2018-03-14,0,3261000,5024500,1979000,1282000,0.145,0.058,-81000,1396000,1396000,285000,-7627000,2.277,0.368,0,0,0,0,0,206000,0,0.0,0.0,-7619000,-7413000,-10.169,-7413000,-7619000,-7627000,-0.19,-0.19,-0.19,2383000,4183000,2383000,23372270,-3,-3.153,-6144000,-0.155,1.0,444000,0.609,1192000,8000,-196000,-344250,207000,0,0,0,878000,869000,9000,25902270,1235000,0,7405000,0,0,7405000,-107000,0,-6063000,0,-7627000,-7627000,-7627000,0,0,-10.462,8084000,-7640000,560000,0.0,10.87,-3.396,-3.316,90000,0,0.63,35.531,34.351,189000,-88848000,729000,729000,790000,-1.518,-1.823,22.132,-10.451,2497000,4912000,1.0,41114715,39748935,39748935,0.018,2069000,0,0,0,0.05,1110000
PURE,MRY,2016-12-31,2016-07-31,2016-07-31,2018-03-14,0,7562000,7887500,6142000,1420000,0.163,0.078,-390000,5269000,5269000,441000,-14371000,2.422,0.505,0,0,0,0,0,219000,0,0.0,0.0,-14361000,-14142000,-10.971,-14142000,-14361000,-14371000,-0.25,-0.25,-0.25,5023000,-1896250,5023000,59813111,-4,-4.229,-5381000,-0.095,1.0,848000,0.658,980000,10000,-1223000,-8871250,350000,0,0,0,2539000,2536000,3000,65293111,3873000,0,9269000,0,0,9269000,-405000,0,-4991000,0,-14371000,-14371000,-14371000,0,0,-11.149,7905000,-7057000,479000,0.0,12.999,-4.543,-4.04,440000,0,1.01,50.654,44.53,263000,-103219000,1289000,1289000,927000,-1.822,7.579,1.619,-11.141,2127000,5076000,1.0,64646645,56830533,56830533,0.023,6582000,0,0,0,0.102,3606000
PURE,MRY,2017-12-31,2017-07-31,2017-07-31,2018-03-14,0,3829000,5311750,2459000,1370000,0.345,0.021,-206000,1715000,1715000,760000,-6263000,0.973,1.968,0,0,0,0,0,276000,0,0.0,0.0,-6258000,-5982000,-3.267,-5982000,-6258000,-6263000,-0.1,-0.1,-0.1,1290000,2803250,1290000,75594796,-12,-12.637,-4768000,-0.075,1.0,1071000,0.585,822000,5000,-1236000,-1220750,273000,0,0,0,2539000,2528000,11000,78383796,-3554000,0,1234000,0,0,1234000,-226000,0,-4562000,0,-6263000,-6263000,-6263000,0,0,-3.421,7079000,-6008000,426000,0.0,60.763,-12.515,-12.5,548000,0,1.25,42.809,43.345,297000,-109482000,1831000,1831000,779000,-1.179,-2.234,5.126,-3.418,1214000,5230000,1.0,62707037,63492406,63492406,0.029,3007000,0,0,0,0.048,-69000
