ticker,dimension,calendardate,datekey,reportperiod,lastupdated,accoci,assets,assetsavg,assetsc,assetsnc,assetturnover,bvps,capex,cashneq,cashnequsd,cor,consolinc,currentratio,de,debt,debtc,debtnc,debtusd,deferredrev,depamor,deposits,divyield,dps,ebit,ebitda,ebitdamargin,ebitdausd,ebitusd,ebt,eps,epsdil,epsusd,equity,equityavg,equityusd,ev,evebit,evebitda,fcf,fcfps,fxusd,gp,grossmargin,intangibles,intexp,invcap,invcapavg,inventory,investments,investmentsc,investmentsnc,liabilities,liabilitiesc,liabilitiesnc,marketcap,ncf,ncfbus,ncfcommon,ncfdebt,ncfdiv,ncff,ncfi,ncfinv,ncfo,ncfx,netinc,netinccmn,netinccmnusd,netincdis,netincnci,netmargin,opex,opinc,payables,payoutratio,pb,pe,pe1,ppnenet,prefdivis,price,ps,ps1,receivables,retearn,revenue,revenueusd,rnd,roa,roe,roic,ros,sbcomp,sgna,sharefactor,sharesbas,shareswa,shareswadil,sps,tangibles,taxassets,taxexp,taxliabilities,tbvps,workingcapital
RBC,MRY,2011-12-31,2011-12-31,2011-12-31,2018-05-10,-105200000,3266500000,2957461250,1291100000,1975400000,0.95,37.01,-57600000,142600000,142600000,2142300000,158000000,2.462,1.1,919200000,10000000,909200000,919200000,0,98200000,0,0.014,0.71,251700000,349900000,0.125,349900000,251700000,220600000,3.84,3.79,3.84,1535900000,1475789500,1535900000,2960360376,11,8.461,207700000,5.232,1.0,666000000,0.237,1433900000,31100000,2084700000,1737863000,575800000,0,0,0,1690100000,524500000,1165600000,2116349376,-31900000,-765900000,1900000,482800000,-27600000,455700000,-752100000,56000000,265300000,-800000,152300000,152300000,152300000,0,5700000,0.054,410300000,255700000,249400000,0.185,1.378,13.896,13.273,534000000,0,50.97,0.754,0.721,424200000,951300000,2808300000,2808300000,0,0.051,0.103,0.145,0.09,12900000,410300000,1.0,41521471,39700000,40100000,70.738,1832600000,48600000,68300000,100100000,44.159,766600000
RBC,MRY,2012-12-31,2012-12-29,2012-12-29,2018-05-10,-65300000,3569100000,3480950000,1539900000,2029200000,0.91,46.399,-91000000,375300000,375300000,2395900000,200300000,2.884,0.805,818500000,63800000,754700000,818500000,0,126000000,0,0.011,0.75,309700000,435700000,0.138,435700000,309700000,265200000,4.68,4.64,4.68,1953400000,1744950000,1953400000,3548183164,11,8.144,260700000,6.237,1.0,771000000,0.243,1444200000,44500000,2034200000,2117350000,557000000,0,0,0,1572600000,533900000,1038700000,2868483164,232700000,-110400000,207100000,-99000000,-30800000,77100000,-197600000,-8300000,351700000,1500000,195600000,195600000,195600000,0,4700000,0.062,458200000,312800000,251800000,0.16,1.468,14.665,14.684,573100000,0,68.72,0.906,0.907,446000000,1115000000,3166900000,3166900000,0,0.056,0.112,0.146,0.098,6800000,458200000,1.0,41741606,41800000,42100000,75.763,2124900000,48700000,69600000,132000000,50.473,1006000000
RBC,MRY,2013-12-31,2013-12-28,2013-12-28,2018-05-10,-59800000,3643500000,3674825000,1725900000,1917600000,0.842,45.693,-91000000,466000000,466000000,2312500000,126000000,2.462,0.749,767400000,158400000,609000000,767400000,0,128500000,0,0.011,0.79,206900000,335400000,0.108,335400000,206900000,164500000,2.66,2.64,2.66,2056200000,2033475000,2056200000,3623912196,17,10.805,214000000,4.756,1.0,783200000,0.253,1326100000,42400000,1917900000,1972575000,618700000,0,0,0,1541100000,700900000,840200000,3317912196,90700000,-38400000,1500000,-56400000,-35100000,-90900000,-125400000,700000,305000000,2000000,120000000,120000000,120000000,0,6000000,0.039,575200000,208000000,304600000,0.297,1.614,27.649,27.677,573400000,0,73.62,1.072,1.07,463800000,1199400000,3095700000,3095700000,0,0.033,0.059,0.105,0.067,10600000,494200000,1.0,45068082,45000000,45400000,68.793,2317400000,46800000,44500000,140300000,51.498,1025000000
RBC,MRY,2014-12-31,2015-01-03,2015-01-03,2018-05-10,-151000000,3357200000,3638625000,1584500000,1772700000,0.895,43.275,-88200000,334100000,334100000,2459800000,36100000,2.826,0.712,632500000,7800000,624700000,632500000,0,138700000,0,0.011,0.86,124300000,263000000,0.081,263000000,124300000,85200000,0.69,0.69,0.69,1934400000,2074050000,1934400000,3717791539,29,14.136,210000000,4.667,1.0,797300000,0.245,1206300000,39100000,1888600000,1981950000,691700000,0,0,0,1377900000,560700000,817200000,3368191539,-131900000,-127300000,-34100000,-133200000,-37800000,-218000000,-204900000,-1900000,298200000,-7200000,31000000,31000000,31000000,0,5100000,0.01,675800000,121500000,312200000,1.246,1.741,108.651,109.232,531500000,0,75.37,1.034,1.041,447500000,1188900000,3257100000,3257100000,0,0.009,0.015,0.063,0.038,10600000,516300000,1.0,44688756,45000000,45300000,72.38,2150900000,17900000,54200000,66900000,48.119,1023800000
RBC,MRY,2015-12-31,2016-01-02,2016-01-02,2018-05-10,-255000000,4591700000,4850650000,1635200000,2956500000,0.724,43.633,-92200000,252900000,252900000,2576500000,148500000,2.668,1.347,1721900000,6300000,1715600000,1721900000,0,159400000,0,0.016,0.91,251900000,411300000,0.117,411300000,251900000,191700000,3.21,3.18,3.21,1937300000,1964950000,1937300000,4172685303,16,10.145,292100000,6.535,1.0,933200000,0.266,2243400000,60200000,3204500000,3411125000,775000000,0,0,0,2608900000,612800000,1996100000,2613585303,-81200000,-1401400000,-7900000,1103100000,-40200000,1033400000,-1487600000,-9800000,384300000,-11300000,143300000,143300000,143300000,0,5200000,0.041,680400000,252800000,336200000,0.283,1.349,18.239,18.231,678500000,0,58.52,0.745,0.745,462000000,1291100000,3509700000,3509700000,0,0.03,0.073,0.074,0.072,13900000,600500000,1.0,44661403,44700000,45100000,78.517,2348300000,18600000,48400000,100900000,52.89,1022400000
RBC,MRY,2016-12-31,2016-12-31,2016-12-31,2018-05-10,-318100000,4358500000,4494100000,1532000000,2826500000,0.717,45.611,-65200000,284500000,284500000,2359300000,209300000,2.184,1.118,1411500000,100600000,1310900000,1411500000,0,155400000,0,0.014,0.95,319200000,474600000,0.147,474600000,319200000,260500000,4.55,4.52,4.55,2038800000,2028125000,2038800000,4328635190,13,9.121,377100000,8.436,1.0,865200000,0.268,2164900000,58700000,2619000000,2931875000,660800000,0,0,0,2280300000,701600000,1578700000,3099735190,31600000,24600000,500000,-315300000,-42100000,-379500000,-19600000,18900000,442300000,-11600000,203400000,203400000,203400000,0,5900000,0.063,544600000,320600000,334200000,0.209,1.52,15.24,15.22,627500000,0,69.25,0.961,0.96,462200000,1452000000,3224500000,3224500000,0,0.045,0.1,0.109,0.099,13300000,544600000,1.0,44761519,44700000,45000000,72.136,2193600000,22400000,57100000,97700000,49.074,830400000
RBC,MRY,2017-12-31,2017-12-30,2017-12-30,2018-05-10,-164000000,4388200000,4444900000,1574400000,2813800000,0.756,52.494,-65200000,139600000,139600000,2476200000,218100000,2.211,0.874,1141100000,101200000,1039900000,1141100000,0,137200000,0,0.013,1.02,328200000,465400000,0.138,465400000,328200000,272100000,4.78,4.74,4.78,2325500000,2233250000,2325500000,4421486629,13,9.5,226700000,5.083,1.0,884100000,0.263,2147600000,56100000,2530100000,2613875000,757100000,0,0,0,2033500000,712000000,1321500000,3393686629,-144900000,1100000,-44700000,-274700000,-44500000,-390600000,-57800000,0,291900000,11600000,213000000,213000000,213000000,0,5100000,0.063,554000000,330100000,384300000,0.213,1.459,15.933,16.025,623000000,0,76.6,1.01,1.017,506300000,1611600000,3360300000,3360300000,0,0.048,0.095,0.126,0.098,13600000,554000000,1.0,44304003,44600000,44900000,75.343,2240600000,28500000,59100000,135300000,50.578,862400000
