ticker,dimension,calendardate,datekey,reportperiod,lastupdated,accoci,assets,assetsavg,assetsc,assetsnc,assetturnover,bvps,capex,cashneq,cashnequsd,cor,consolinc,currentratio,de,debt,debtc,debtnc,debtusd,deferredrev,depamor,deposits,divyield,dps,ebit,ebitda,ebitdamargin,ebitdausd,ebitusd,ebt,eps,epsdil,epsusd,equity,equityavg,equityusd,ev,evebit,evebitda,fcf,fcfps,fxusd,gp,grossmargin,intangibles,intexp,invcap,invcapavg,inventory,investments,investmentsc,investmentsnc,liabilities,liabilitiesc,liabilitiesnc,marketcap,ncf,ncfbus,ncfcommon,ncfdebt,ncfdiv,ncff,ncfi,ncfinv,ncfo,ncfx,netinc,netinccmn,netinccmnusd,netincdis,netincnci,netmargin,opex,opinc,payables,payoutratio,pb,pe,pe1,ppnenet,prefdivis,price,ps,ps1,receivables,retearn,revenue,revenueusd,rnd,roa,roe,roic,ros,sbcomp,sgna,sharefactor,sharesbas,shareswa,shareswadil,sps,tangibles,taxassets,taxexp,taxliabilities,tbvps,workingcapital
RCMT,MRY,2011-12-31,2011-12-31,2011-12-31,2018-05-14,1306000,86178000,87247750,73229000,12949000,1.648,5.619,-274000,28616000,28616000,103075000,4278000,5.124,0.203,0,0,0,0,0,1149000,0,0.0,0.0,6967000,8116000,0.056,8116000,6967000,6931000,0.33,0.33,0.33,71661000,71165000,71661000,33285186,4,4.101,6196000,0.486,1.0,40736000,0.283,7529000,36000,35743000,36005750,0,0,0,0,14517000,14290000,227000,66064186,3713000,-128000,-2226000,0,0,-2226000,-418000,-16000,6470000,-113000,4278000,4278000,4278000,0,0,0.03,33727000,7009000,8137000,0.0,0.922,15.443,15.697,2535000,0,5.18,0.459,0.459,42060000,-35801000,143811000,143811000,0,0.049,0.06,0.193,0.048,110000,32578000,1.0,12753704,12753704,,11.276,78649000,3351000,2653000,311000,6.167,58939000
RCMT,MRY,2012-12-31,2012-12-29,2012-12-29,2018-05-14,1370000,84548000,87689000,70345000,14203000,1.663,4.885,-511000,14367000,14367000,106102000,3227000,2.807,0.439,0,0,0,0,0,1321000,0,0.188,1.0,5370000,6691000,0.046,6691000,5370000,5330000,0.26,0.26,0.26,58772000,67751250,58772000,33487377,6,5.005,3053000,0.254,1.0,39715000,0.272,9877000,40000,35241000,33037250,0,0,0,0,25776000,25063000,713000,64006377,-14294000,-1292000,-3664000,0,-12335000,-15999000,-1848000,-45000,3564000,-11000,3227000,3227000,3227000,0,0,0.022,34487000,5228000,18321000,3.846,1.089,19.835,20.462,1880000,0,5.32,0.439,0.439,53716000,-45259000,145817000,145817000,0,0.037,0.048,0.163,0.037,169000,33166000,1.0,12031274,12031274,,12.12,74671000,2743000,2103000,192000,6.206,45282000
RCMT,MRY,2013-12-31,2013-12-28,2013-12-28,2018-05-14,815000,86524000,86809000,72704000,13820000,1.967,4.963,-1406000,9476000,9476000,126417000,1990000,2.939,0.41,0,0,0,0,0,1111000,0,0.0,0.0,2642000,3753000,0.022,3753000,2642000,2587000,0.16,0.16,0.16,61378000,61314000,61378000,71698365,27,19.104,-5198000,-0.42,1.0,44361000,0.26,9761000,55000,42548000,39288750,0,0,0,0,25146000,24739000,407000,85950365,-4806000,0,290000,0,0,290000,-1322000,84000,-3792000,18000,1990000,1990000,1990000,0,0,0.012,41806000,2555000,13576000,0.0,1.4,43.191,43.438,2291000,0,6.95,0.503,0.503,59679000,-43237000,170778000,170778000,0,0.023,0.032,0.067,0.015,849000,35514000,1.0,12366959,12366959,,13.809,76763000,3442000,597000,536000,6.207,47965000
RCMT,MRY,2014-12-31,2015-01-03,2015-01-03,2018-05-14,91000,87273000,91221750,72579000,14694000,2.124,3.414,-2091000,6642000,6642000,142077000,6814000,3.071,1.036,20000000,0,20000000,20000000,0,1203000,0,0.29,2.0,10675000,11878000,0.061,11878000,10675000,10601000,0.54,0.54,0.54,42865000,59439250,42865000,77963856,7,6.564,2075000,0.165,1.0,51693000,0.267,10417000,74000,66581000,51798000,0,0,0,0,44408000,23633000,20775000,86500856,-2906000,0,1086000,20000000,-25344000,-4556000,-2161000,-70000,4166000,-355000,6814000,6814000,6814000,0,0,0.035,41175000,10518000,14351000,3.704,2.018,12.695,12.759,3297000,0,6.89,0.446,0.446,62984000,-62933000,193770000,193770000,0,0.075,0.115,0.206,0.055,806000,39972000,1.0,12554551,12554551,,15.434,76856000,1565000,3787000,1020000,6.122,48946000
RCMT,MRY,2015-12-31,2016-01-02,2016-01-02,2018-05-14,-2845000,81336000,83557750,64529000,16807000,2.223,2.623,-2790000,1212000,1212000,133851000,6015000,2.423,1.526,21000000,0,21000000,21000000,0,1467000,0,0.182,1.0,7658000,9125000,0.049,9125000,7658000,7154000,0.48,0.47,0.48,32203000,40934500,32203000,77764187,10,8.522,9691000,0.789,1.0,51885000,0.279,11882000,504000,62613000,66542000,0,0,0,0,49133000,26629000,22504000,67518187,-5426000,-249000,-2444000,1000000,-12529000,-14188000,-3036000,3000,12481000,-683000,6015000,6015000,6015000,0,0,0.032,44034000,7851000,16858000,2.083,2.097,11.225,11.458,4698000,0,5.5,0.364,0.364,58427000,-69646000,185736000,185736000,0,0.072,0.147,0.115,0.041,1446000,42567000,1.0,12276034,12276034,,15.13,69454000,609000,1139000,869000,5.658,37900000
RCMT,MRY,2016-12-31,2016-12-31,2016-12-31,2018-05-14,-2578000,69831000,70676500,53071000,16760000,2.497,2.586,-846000,491000,491000,129418000,1758000,2.238,1.234,14311000,0,14311000,14311000,0,1569000,0,0.0,0.0,3841000,5410000,0.031,5410000,3841000,3302000,0.14,0.14,0.14,31255000,33070250,31255000,87478702,22,16.17,10789000,0.893,1.0,47030000,0.267,12496000,539000,47442000,51743750,0,0,0,0,38576000,23713000,14863000,76855702,-706000,0,-3874000,-6689000,0,-11556000,-831000,15000,11635000,46000,1758000,1758000,1758000,0,0,0.01,42915000,4115000,14930000,0.0,2.459,43.718,45.429,4052000,0,6.36,0.436,0.436,49465000,-67888000,176448000,176448000,0,0.025,0.053,0.074,0.022,901000,40063000,1.0,12084230,12084230,,14.602,57335000,0,1544000,919000,4.745,29358000
RCMT,MRY,2017-12-31,2017-12-30,2017-12-30,2018-05-14,-2395000,73279000,67188250,55639000,17640000,2.779,1.834,-1040000,3066000,3066000,138350000,2010000,2.508,2.326,27279000,0,27279000,27279000,0,1757000,0,0.16,1.0,345000,2102000,0.011,2102000,345000,-245000,0.17,0.17,0.17,22031000,30021500,22031000,83492118,242,39.72,4031000,0.336,1.0,48387000,0.259,11790000,590000,63514000,47178750,0,0,0,0,51248000,22188000,29060000,75073118,2572000,-763000,94000,12968000,-12194000,-826000,-1803000,0,5071000,130000,2010000,2010000,2010000,0,0,0.011,47326000,1061000,13295000,5.882,3.408,37.35,36.765,3446000,0,6.25,0.402,0.402,49082000,-65878000,186737000,186737000,0,0.03,0.067,0.007,0.002,770000,40385000,1.0,12011699,12011699,,15.546,61489000,2189000,-2255000,803000,5.119,33451000
