ticker,dimension,calendardate,datekey,reportperiod,lastupdated,accoci,assets,assetsavg,assetsc,assetsnc,assetturnover,bvps,capex,cashneq,cashnequsd,cor,consolinc,currentratio,de,debt,debtc,debtnc,debtusd,deferredrev,depamor,deposits,divyield,dps,ebit,ebitda,ebitdamargin,ebitdausd,ebitusd,ebt,eps,epsdil,epsusd,equity,equityavg,equityusd,ev,evebit,evebitda,fcf,fcfps,fxusd,gp,grossmargin,intangibles,intexp,invcap,invcapavg,inventory,investments,investmentsc,investmentsnc,liabilities,liabilitiesc,liabilitiesnc,marketcap,ncf,ncfbus,ncfcommon,ncfdebt,ncfdiv,ncff,ncfi,ncfinv,ncfo,ncfx,netinc,netinccmn,netinccmnusd,netincdis,netincnci,netmargin,opex,opinc,payables,payoutratio,pb,pe,pe1,ppnenet,prefdivis,price,ps,ps1,receivables,retearn,revenue,revenueusd,rnd,roa,roe,roic,ros,sbcomp,sgna,sharefactor,sharesbas,shareswa,shareswadil,sps,tangibles,taxassets,taxexp,taxliabilities,tbvps,workingcapital
RDEN,MRY,2011-12-31,2011-06-30,2011-06-30,2017-05-28,5141000,854837000,911026000,554394000,300443000,1.29,14.534,-25608000,58850000,58850000,619223000,40989000,3.35,1.046,250000000,0,250000000,250000000,0,29835000,0,0.0,0.0,71107000,100942000,0.086,100942000,71107000,49626000,1.47,1.41,1.47,417765000,395978750,417765000,1067034060,15,10.571,72138000,2.591,1.0,556277000,0.473,205812000,21481000,674678000,687297500,246514000,0,0,0,437072000,165497000,271575000,842751060,31969000,-13864000,8428000,-38336000,0,-28519000,-39472000,0,97746000,2214000,40989000,40989000,40989000,0,0,0.035,506651000,49626000,165497000,0.0,2.017,20.56,19.748,82762000,0,29.03,0.717,0.688,165622000,159935000,1175500000,1175500000,0,0.045,0.104,0.103,0.06,4904000,453956000,1.0,29030350,27843000,29008000,42.219,649025000,40204000,8637000,21575000,22.58,388897000
RDEN,MRY,2012-12-31,2012-06-30,2012-06-30,2017-05-28,1166000,1066754000,990805500,624497000,442257000,1.25,16.38,-24088000,59080000,59080000,629242000,57419000,2.241,1.214,339200000,89200000,250000000,339200000,0,34054000,0,0.0,0.0,95271000,129325000,0.104,129325000,95271000,73512000,1.97,1.91,1.97,481727000,466278750,481727000,1331682441,13,10.297,34436000,1.183,1.0,609031000,0.492,335556000,21759000,732639000,729592250,291987000,0,0,0,585027000,278679000,306348000,1139889441,230000,-129136000,7560000,89200000,0,96760000,-153224000,0,58524000,-1830000,57419000,57419000,57419000,0,0,0.046,513760000,95271000,189479000,0.0,2.366,19.852,19.701,89438000,0,38.81,0.921,0.913,188141000,217354000,1238273000,1238273000,0,0.058,0.123,0.131,0.077,5057000,484963000,1.0,29371024,29115000,30111000,42.53,731198000,42572000,16093000,56348000,24.863,345818000
RDEN,MRY,2013-12-31,2013-06-30,2013-06-30,2017-05-28,-4410000,1103732000,1160592750,657679000,446053000,1.158,17.341,-40523000,61674000,61674000,715730000,40711000,2.242,1.142,338000000,88000000,250000000,338000000,0,45969000,0,0.0,0.0,71960000,117929000,0.088,117929000,71960000,47651000,1.37,1.33,1.37,515282000,517319250,515282000,1662475635,23,14.097,21568000,0.727,1.0,628793000,0.468,317470000,24309000,769229000,824563750,310934000,0,0,0,588450000,293359000,295091000,1327667635,2594000,-8068000,-3049000,-1205000,0,-9214000,-48591000,0,62091000,-1692000,40711000,40711000,40711000,0,0,0.03,581142000,47651000,205359000,0.0,2.577,32.612,32.876,106588000,0,45.04,0.987,0.994,211763000,258065000,1344523000,1344523000,0,0.035,0.079,0.087,0.054,5607000,517250000,1.0,29477523,29672000,30539000,45.313,786262000,37292000,6940000,45091000,26.461,364320000
RDEN,MRY,2014-12-31,2014-06-30,2014-06-30,2017-05-28,-4785000,1061653000,1183854000,607758000,453895000,0.983,12.413,-46556000,56308000,56308000,694648000,-147196000,2.218,1.847,436850000,80418000,356432000,436850000,0,52134000,0,0.0,0.0,-63071000,-10937000,-0.009,-10937000,-63071000,-88896000,-4.9,-4.9,-4.9,370989000,488979000,370989000,1003967302,-15,-91.795,-84601000,-2.847,1.0,469656000,0.403,306611000,25825000,861553000,891118000,338826000,0,0,0,685111000,274031000,411080000,636327302,-5366000,-4526000,-1172000,96875000,0,83637000,-51082000,0,-38045000,124000,-145728000,-145728000,-145728000,0,-1468000,-0.125,560020000,-90364000,193613000,0.0,1.715,-4.367,-4.371,116806000,0,21.42,0.547,0.547,160806000,112337000,1164304000,1164304000,0,-0.123,-0.298,-0.071,-0.054,5783000,489803000,1.0,29707157,29720000,29720000,39.176,755042000,8955000,56832000,54648000,25.262,333727000
RDEN,MRY,2015-12-31,2015-06-30,2015-06-30,2017-05-28,-16586000,813224000,972547500,423900000,389324000,0.999,4.444,-23870000,46085000,46085000,622446000,-225287000,1.963,4.729,363934000,8300000,355634000,363934000,0,48483000,0,0.0,0.0,-188070000,-139587000,-0.144,-139587000,-188070000,-217696000,-8.26,-8.26,-8.26,132490000,247280750,132490000,753130200,-4,-5.395,30157000,1.012,1.0,348652000,0.359,256502000,29626000,658594000,798398500,240740000,0,0,0,626512000,215977000,410535000,425114200,-10223000,-6209000,0,-72235000,0,-30975000,-30079000,0,54027000,-3196000,-223993000,-246326000,-246326000,0,-1294000,-0.254,567642000,-218990000,207677000,0.0,3.209,-1.726,-1.726,105821000,22333000,14.26,0.438,0.438,105414000,-133989000,971098000,971098000,0,-0.253,-0.996,-0.236,-0.194,5165000,497004000,1.0,29811655,29804000,29804000,32.583,556722000,4945000,6297000,54901000,18.674,207923000
RDEN,MRY,2016-12-31,2016-06-30,2016-06-30,2017-05-28,-20788000,799539000,827647250,429224000,370315000,1.168,2.003,-11961000,45049000,45049000,537068000,-73506000,1.587,11.479,421785000,67000000,354785000,421785000,0,42698000,0,0.0,0.0,-39210000,3488000,0.004,3488000,-39210000,-69115000,-2.49,-2.49,-2.49,59876000,91707500,59876000,793469601,-20,227.486,-45711000,-1.53,1.0,429665000,0.444,256653000,29905000,649135000,678277500,241409000,0,0,0,687318000,270487000,416831000,412102601,-1036000,-10437000,0,58583000,0,56431000,-22398000,0,-33750000,-1319000,-71785000,-74371000,-74371000,0,-1721000,-0.077,500501000,-70836000,203487000,0.0,6.883,-5.541,-5.526,88321000,2586000,13.76,0.426,0.425,115994000,-208360000,966733000,966733000,0,-0.09,-0.811,-0.058,-0.041,5490000,433694000,1.0,29949317,29884000,29884000,32.35,542886000,5356000,2670000,62046000,18.161,158737000
