ticker,dimension,calendardate,datekey,reportperiod,lastupdated,accoci,assets,assetsavg,assetsc,assetsnc,assetturnover,bvps,capex,cashneq,cashnequsd,cor,consolinc,currentratio,de,debt,debtc,debtnc,debtusd,deferredrev,depamor,deposits,divyield,dps,ebit,ebitda,ebitdamargin,ebitdausd,ebitusd,ebt,eps,epsdil,epsusd,equity,equityavg,equityusd,ev,evebit,evebitda,fcf,fcfps,fxusd,gp,grossmargin,intangibles,intexp,invcap,invcapavg,inventory,investments,investmentsc,investmentsnc,liabilities,liabilitiesc,liabilitiesnc,marketcap,ncf,ncfbus,ncfcommon,ncfdebt,ncfdiv,ncff,ncfi,ncfinv,ncfo,ncfx,netinc,netinccmn,netinccmnusd,netincdis,netincnci,netmargin,opex,opinc,payables,payoutratio,pb,pe,pe1,ppnenet,prefdivis,price,ps,ps1,receivables,retearn,revenue,revenueusd,rnd,roa,roe,roic,ros,sbcomp,sgna,sharefactor,sharesbas,shareswa,shareswadil,sps,tangibles,taxassets,taxexp,taxliabilities,tbvps,workingcapital
RDY,MRY,2011-12-31,2011-03-31,2011-03-31,2017-09-02,0,95005000000,87667500000,47593000000,47412000000,0.852,271.923,-8718000000,5729000000,128553362,34430000000,11040000000,1.16,1.066,23572000000,18301000000,5271000000,528933470,0,4148000000,0,0.006,0.24,12805000000,16953000000,0.227,380409347,287332135,12443000000,65.28,64.95,1.465,45990000000,44452500000,1031972269,6475903051,22,17.024,-709000000,-4.192,44.565,40263000000,0.539,15246000000,362000000,56587000000,51016500000,16059000000,346000000,33000000,313000000,49015000000,41015000000,8000000000,6297932860,-1026000000,-1169000000,29000000,8677000000,-3063000000,-377000000,-8658000000,3642000000,8009000000,141000000,11040000000,11040000000,247727198,0,0,0.148,27634000000,12629000000,8480000000,0.164,6.103,25.423,25.464,29642000000,0,37.3,3.758,3.764,17615000000,20391000000,74693000000,1676040545,5060000000,0.126,0.248,0.251,0.171,265000000,23689000000,1.0,168845385,169128649,169965282,9.91,79759000000,2377000000,1403000000,3253000000,471.588,6578000000
RDY,MRY,2012-12-31,2012-03-31,2012-03-31,2017-09-02,0,119477000000,107241000000,69952000000,49525000000,0.902,338.963,-6816000000,7379000000,145521189,43432000000,14262000000,1.61,1.08,32210000000,15875000000,16335000000,635213106,0,5213000000,0,0.026,0.9,19533000000,24746000000,0.256,488015632,385210109,18466000000,84.16,83.81,1.66,57444000000,51717000000,1132852582,6250763702,16,12.809,13882000000,81.914,50.707,53305000000,0.551,13529000000,1067000000,87319000000,71953000000,19352000000,11141000000,10773000000,368000000,62033000000,43460000000,18573000000,5849374417,1220000000,0,6000000,7054000000,-2216000000,3735000000,-18665000000,-10576000000,20698000000,499000000,14262000000,14262000000,281260767,0,0,0.147,35053000000,18252000000,9502000000,0.542,5.163,20.797,20.823,33246000000,0,34.56,3.066,3.07,25339000000,31599000000,96737000000,1907749465,5911000000,0.133,0.276,0.271,0.202,326000000,29907000000,1.0,169252732,169469888,170177944,11.257,105948000000,2549000000,4204000000,1814000000,625.173,26492000000
RDY,MRY,2013-12-31,2013-03-31,2013-03-31,2017-09-02,0,142369000000,130923000000,85714000000,56655000000,0.888,428.708,-6606000000,5136000000,94553029,55687000000,16776000000,1.585,0.956,36760000000,24135000000,12625000000,676746370,0,5549000000,0,0.007,0.23,22695000000,28244000000,0.243,519968022,417811721,21677000000,98.82,98.44,1.819,72785000000,65114500000,1339961495,5933719656,14,11.412,12248000000,72.141,54.319,60579000000,0.521,14021000000,1018000000,105881000000,96600000000,21600000000,17644000000,16963000000,681000000,69564000000,54091000000,15473000000,5485277193,-2419000000,-1746000000,1000000,2293000000,-2714000000,-1792000000,-13944000000,-5180000000,18854000000,94000000,16777000000,16777000000,308862183,0,1000000,0.144,39467000000,21112000000,11862000000,0.126,4.094,17.76,17.782,37814000000,0,32.35,2.563,2.566,31972000000,44815000000,116266000000,2140440520,7674000000,0.128,0.258,0.235,0.195,390000000,34272000000,1.0,169560346,169777458,170432680,12.607,128348000000,4165000000,4900000000,2835000000,755.978,31623000000
RDY,MRY,2014-12-31,2014-03-31,2014-03-31,2017-09-02,0,170223000000,156296000000,103747000000,66476000000,0.846,533.984,-9996000000,8451000000,141167910,56369000000,21512000000,1.919,0.875,44742000000,24002000000,20740000000,747383106,0,7106000000,0,0.006,0.26,27883000000,34989000000,0.265,584466217,465765570,26609000000,126.52,126.04,2.113,90801000000,81793000000,1516765756,7980620663,17,13.655,16554000000,97.351,59.865,75801000000,0.574,14697000000,1274000000,137754000000,121817500000,23992000000,25889000000,25083000000,806000000,79422000000,54063000000,25359000000,7455821252,2626000000,0,2000000,3957000000,-2985000000,-217000000,-16620000000,-6107000000,26550000000,771000000,21515000000,21515000000,359392685,0,3000000,0.163,49769000000,26032000000,10503000000,0.123,4.916,20.746,20.772,44424000000,0,43.9,3.377,3.381,33037000000,65051000000,132170000000,2207805310,12402000000,0.138,0.263,0.229,0.211,436000000,38783000000,1.0,169836475,170044518,170695017,12.984,155526000000,7352000000,5094000000,3936000000,914.619,49684000000
RDY,MRY,2015-12-31,2015-03-31,2015-03-31,2017-09-02,0,194762000000,182492500000,119838000000,74924000000,0.812,653.509,-9167000000,5394000000,86179556,62786000000,22179000000,1.873,0.75,43126000000,28819000000,14307000000,689021053,0,8100000000,0,0.01,0.59,29255000000,37355000000,0.252,596818194,467405067,28163000000,130.22,129.75,2.081,111302000000,101051500000,1778264186,10317018363,22,17.287,21264000000,124.851,62.59,85403000000,0.576,16430000000,1092000000,152069000000,144911500000,25529000000,38109000000,34259000000,3850000000,83460000000,63995000000,19465000000,9713216362,-1989000000,-276000000,5000000,352000000,-3587000000,-4118000000,-22904000000,-7473000000,30431000000,-1068000000,22179000000,22179000000,354352315,0,0,0.15,59117000000,26286000000,10660000000,0.284,5.462,27.411,27.445,48090000000,0,57.1,4.103,4.108,40755000000,83643000000,148189000000,2367605178,17449000000,0.122,0.219,0.202,0.197,498000000,42585000000,1.0,170108868,170314506,170933433,13.901,178332000000,7611000000,5984000000,4285000000,1047.075,55843000000
RDY,MRY,2016-12-31,2016-03-31,2016-03-31,2017-09-02,0,207650000000,201206000000,119688000000,87962000000,0.769,752.494,-11933000000,4921000000,74236440,62427000000,20013000000,1.851,0.618,33513000000,22828000000,10685000000,505565093,0,10250000000,0,0.006,0.29,32099000000,42349000000,0.274,638861818,484233996,27140000000,117.34,116.98,1.77,128336000000,119819000000,1936030847,8287527525,17,12.972,36328000000,213.008,66.288,92281000000,0.596,24644000000,4959000000,146952000000,149510500000,25578000000,38331000000,35034000000,3297000000,79314000000,64646000000,14668000000,7699525253,3823000000,-7936000000,1000000,-11979000000,-4106000000,-17001000000,-20423000000,2304000000,48261000000,-4296000000,20013000000,20013000000,301908937,0,0,0.129,62662000000,29619000000,12300000000,0.164,3.977,25.503,25.529,53961000000,0,45.19,3.299,3.302,41306000000,99550000000,154708000000,2333869376,17834000000,0.099,0.167,0.215,0.207,471000000,45702000000,1.0,170381174,170547643,171072780,13.685,183006000000,6661000000,7127000000,3348000000,1073.049,55042000000
RDY,MRY,2017-12-31,2017-03-31,2017-03-31,2017-09-02,0,219821000000,213735500000,100375000000,119446000000,0.659,744.343,-12234000000,3866000000,59536459,62453000000,12039000000,1.181,0.772,49185000000,43736000000,5449000000,757449757,0,11277000000,0,0.007,0.3,15434000000,26711000000,0.19,411349811,237683837,14653000000,72.24,72.09,1.112,124044000000,126190000000,1910279510,7274353878,30,17.684,15049000000,90.304,64.935,78356000000,0.556,48677000000,781000000,131463000000,139207500000,28529000000,21110000000,14270000000,6840000000,95777000000,85000000000,10777000000,6849897267,-650000000,-17000000,-15693000000,16316000000,-3390000000,-3692000000,-18471000000,22486000000,27283000000,-492000000,12039000000,12039000000,185400785,0,0,0.085,64858000000,13498000000,13417000000,0.27,3.586,36.946,36.09,57160000000,0,40.15,3.159,3.086,38271000000,108224000000,140809000000,2168460768,19551000000,0.056,0.095,0.111,0.11,398000000,46372000000,1.0,170607653,166648943,166997675,13.012,171144000000,8993000000,2614000000,2687000000,1026.973,15375000000
