ticker,dimension,calendardate,datekey,reportperiod,lastupdated,accoci,assets,assetsavg,assetsc,assetsnc,assetturnover,bvps,capex,cashneq,cashnequsd,cor,consolinc,currentratio,de,debt,debtc,debtnc,debtusd,deferredrev,depamor,deposits,divyield,dps,ebit,ebitda,ebitdamargin,ebitdausd,ebitusd,ebt,eps,epsdil,epsusd,equity,equityavg,equityusd,ev,evebit,evebitda,fcf,fcfps,fxusd,gp,grossmargin,intangibles,intexp,invcap,invcapavg,inventory,investments,investmentsc,investmentsnc,liabilities,liabilitiesc,liabilitiesnc,marketcap,ncf,ncfbus,ncfcommon,ncfdebt,ncfdiv,ncff,ncfi,ncfinv,ncfo,ncfx,netinc,netinccmn,netinccmnusd,netincdis,netincnci,netmargin,opex,opinc,payables,payoutratio,pb,pe,pe1,ppnenet,prefdivis,price,ps,ps1,receivables,retearn,revenue,revenueusd,rnd,roa,roe,roic,ros,sbcomp,sgna,sharefactor,sharesbas,shareswa,shareswadil,sps,tangibles,taxassets,taxexp,taxliabilities,tbvps,workingcapital
RELL,MRY,2011-12-31,2011-05-28,2011-05-28,2018-04-12,11541000,314054000,276221500,288188000,25866000,0.575,12.225,-533000,170975000,170975000,112754000,87948000,3.722,0.414,0,0,0,0,0,1964000,0,0.008,0.11,88416000,90380000,0.569,90380000,88416000,88416000,4.98,4.83,4.98,222047000,169287750,222047000,237824433,2,2.631,1601000,0.089,1.0,46113000,0.29,0,0,65649000,124863500,30853000,68772000,52116000,16656000,92007000,77430000,14577000,245687433,141937000,228973000,-3404000,-19517000,-1946000,-24521000,160013000,-68366000,2134000,4311000,87948000,87948000,87948000,-85966000,0,0.554,43267000,2846000,17814000,0.022,1.106,2.794,2.699,5216000,0,13.44,1.546,1.518,22374000,98927000,158867000,158867000,0,0.318,0.52,0.708,0.557,1188000,43255000,1.0,18280315,17945000,21222000,8.853,314054000,6078000,468000,12568000,17.29,210758000
RELL,MRY,2012-12-31,2012-06-02,2012-06-02,2018-04-12,7273000,231423000,248950250,213291000,18132000,0.634,12.039,-218000,43893000,43893000,111055000,8526000,10.0,0.156,0,0,0,0,0,1112000,0,0.017,0.2,8192000,9304000,0.059,9304000,8192000,8192000,0.51,0.5,0.51,200213000,211356000,200213000,168610413,20,18.122,-48941000,-2.885,1.0,46781000,0.296,1616000,0,164584000,186094750,34675000,115692000,105009000,10683000,31210000,21330000,9880000,193040413,-127082000,-2291000,-23184000,0,-3315000,-26574000,-49397000,-46952000,-48723000,-2388000,8526000,8526000,8526000,-536000,0,0.054,40526000,6255000,12611000,0.392,0.964,22.641,22.608,4375000,0,11.53,1.223,1.239,19727000,104139000,157836000,157836000,0,0.034,0.04,0.044,0.052,481000,40603000,1.0,16742447,16966000,20059000,9.303,229807000,10125000,-334000,7306000,13.819,191961000
RELL,MRY,2013-12-31,2013-06-01,2013-06-01,2018-04-12,8811000,217318000,221425000,202959000,14359000,0.637,12.361,-1640000,102002000,102002000,99521000,1248000,8.433,0.173,0,0,0,0,0,1057000,0,0.02,0.24,1408000,2465000,0.017,2465000,1408000,1408000,0.08,0.08,0.08,185239000,190065250,185239000,102818335,73,41.711,6985000,0.458,1.0,41545000,0.295,2427000,0,88823000,128658500,33975000,44432000,38971000,5461000,32079000,24066000,8013000,179841335,58109000,-2557000,-14826000,0,-3571000,-18397000,67205000,71330000,8625000,676000,1248000,1248000,1248000,-766000,0,0.009,41534000,11000,14255000,3.0,0.971,144.104,149.5,5073000,0,11.96,1.275,1.292,18268000,101816000,141066000,141066000,0,0.006,0.007,0.011,0.01,619000,41536000,1.0,15036901,15238000,18162000,9.258,214891000,9683000,160000,6726000,14.339,178893000
RELL,MRY,2014-12-31,2014-05-31,2014-05-31,2018-04-12,10057000,203545000,205767000,192239000,11306000,0.67,12.468,-2781000,102752000,102752000,96946000,-515000,8.915,0.164,0,0,0,0,0,1094000,0,0.024,0.24,-822000,272000,0.002,272000,-822000,-822000,-0.04,-0.04,-0.04,174845000,178323750,174845000,45617889,-55,167.713,1832000,0.129,1.0,41014000,0.297,843000,0,78386000,87515250,33869000,33248000,31732000,1516000,28700000,21564000,7136000,142777889,750000,-973000,-8549000,0,-3341000,-11853000,7600000,11256000,4613000,390000,-515000,-515000,-515000,170000,0,-0.004,45167000,-4153000,12337000,-6.0,0.817,-277.239,-254.5,7223000,0,10.18,1.035,1.045,18354000,97959000,137960000,137960000,0,-0.003,-0.003,-0.009,-0.006,759000,43496000,1.0,14025333,14165000,14165000,9.739,202702000,6149000,-307000,5691000,14.454,170675000
RELL,MRY,2015-12-31,2015-05-30,2015-05-30,2018-04-12,3575000,184994000,190818250,161178000,23816000,0.718,11.459,-4737000,74535000,74535000,95819000,-5559000,6.22,0.181,0,0,0,0,0,1707000,0,0.028,0.24,-7025000,-5318000,-0.039,-5318000,-7025000,-7025000,-0.41,-0.41,-0.41,156652000,163852000,156652000,39984000,-5,-7.519,-14517000,-1.049,1.0,41138000,0.3,743000,0,83804000,82917250,38769000,35241000,23692000,11549000,28342000,25912000,2430000,118382000,-28217000,0,-3621000,0,-3260000,-6878000,-6918000,-1933000,-9780000,-4641000,-5559000,-5559000,-5559000,31000,0,-0.041,49224000,-8086000,15768000,-0.585,0.756,-21.296,-21.122,10081000,0,8.66,0.864,0.875,20753000,89141000,136957000,136957000,0,-0.029,-0.034,-0.085,-0.051,726000,49229000,1.0,13669977,13833000,13833000,9.901,184251000,3176000,-1466000,1209000,13.478,135266000
RELL,MRY,2016-12-31,2016-05-28,2016-05-28,2018-04-12,2772000,168130000,169361750,135925000,32205000,0.839,11.03,-4813000,60454000,60454000,97181000,-6766000,5.656,0.187,0,0,0,0,0,2381000,0,0.046,0.24,-6220000,-3839000,-0.027,-3839000,-6220000,-6220000,-0.53,-0.53,-0.53,141675000,144545000,141675000,6453091,-1,-1.681,-18397000,-1.41,1.0,44835000,0.316,10150000,0,73495000,72202000,45422000,10067000,2268000,7799000,26455000,24031000,2424000,66658091,-14081000,-12209000,-4873000,0,-3079000,-7956000,8235000,24875000,-13584000,-776000,-6766000,-6766000,-6766000,0,0,-0.048,51388000,-6553000,14896000,-0.453,0.471,-9.852,-9.792,12986000,0,5.19,0.469,0.477,24928000,79292000,142016000,142016000,0,-0.04,-0.047,-0.086,-0.044,548000,51632000,1.0,12843563,13049000,13049000,10.883,157980000,2365000,546000,1457000,12.299,111894000
RELL,MRY,2017-12-31,2017-05-27,2017-05-27,2018-04-12,2916000,157464000,156690250,128357000,29107000,0.874,10.302,-5221000,55327000,55327000,92989000,-6928000,5.294,0.19,0,0,0,0,0,2740000,0,0.04,0.24,-6116000,-3376000,-0.025,-3376000,-6116000,-6116000,-0.55,-0.55,-0.55,132327000,133751750,132327000,26478715,-4,-7.843,-3412000,-0.266,1.0,43883000,0.321,9773000,0,68120000,70396500,42749000,8848000,6429000,2419000,25137000,24244000,893000,77864715,-5127000,0,30000,0,-3031000,-3001000,-3787000,1446000,1809000,-148000,-6928000,-6928000,-6928000,0,0,-0.051,49854000,-5971000,15933000,-0.436,0.588,-11.239,-11.018,15813000,0,6.06,0.569,0.569,20782000,69333000,136872000,136872000,0,-0.044,-0.052,-0.087,-0.045,437000,49854000,1.0,12848963,12845000,12845000,10.656,147691000,1102000,812000,158000,11.498,104113000
