ticker,dimension,calendardate,datekey,reportperiod,lastupdated,accoci,assets,assetsavg,assetsc,assetsnc,assetturnover,bvps,capex,cashneq,cashnequsd,cor,consolinc,currentratio,de,debt,debtc,debtnc,debtusd,deferredrev,depamor,deposits,divyield,dps,ebit,ebitda,ebitdamargin,ebitdausd,ebitusd,ebt,eps,epsdil,epsusd,equity,equityavg,equityusd,ev,evebit,evebitda,fcf,fcfps,fxusd,gp,grossmargin,intangibles,intexp,invcap,invcapavg,inventory,investments,investmentsc,investmentsnc,liabilities,liabilitiesc,liabilitiesnc,marketcap,ncf,ncfbus,ncfcommon,ncfdebt,ncfdiv,ncff,ncfi,ncfinv,ncfo,ncfx,netinc,netinccmn,netinccmnusd,netincdis,netincnci,netmargin,opex,opinc,payables,payoutratio,pb,pe,pe1,ppnenet,prefdivis,price,ps,ps1,receivables,retearn,revenue,revenueusd,rnd,roa,roe,roic,ros,sbcomp,sgna,sharefactor,sharesbas,shareswa,shareswadil,sps,tangibles,taxassets,taxexp,taxliabilities,tbvps,workingcapital
RENT,MRY,2011-12-31,2011-03-31,2011-03-31,2017-06-18,530000,76175000,71232500,46059000,30116000,1.363,5.038,-3591000,3821000,3821000,54853000,-767000,2.617,0.351,0,0,0,0,1210000,3432000,0,0.0,0.0,-2008000,1424000,0.015,1424000,-2008000,-2008000,-0.07,-0.07,-0.07,56373000,54803750,56373000,295265407,-147,207.349,1797000,0.164,1.0,42235000,0.435,19344000,0,35411000,38231750,0,22556000,22556000,0,19802000,17599000,2203000,297669407,1386000,-1930000,1836000,0,0,5823000,-10391000,-4887000,5388000,566000,-767000,-767000,-767000,0,0,-0.008,44838000,-2603000,7223000,0.0,5.28,-388.096,-384.571,8834000,0,26.92,3.066,3.039,16713000,1474000,97088000,97088000,0,-0.011,-0.014,-0.053,-0.021,3980000,44838000,1.0,11057556,10962000,10962000,8.857,56831000,3120000,-1241000,1261000,5.079,28460000
RENT,MRY,2012-12-31,2012-03-31,2012-03-31,2017-06-18,341000,72881000,70685250,43046000,29835000,0.666,4.522,-5099000,5526000,5526000,14775000,-6426000,2.242,0.442,525000,0,525000,525000,2037000,4180000,0,0.0,0.0,-7408000,-3228000,-0.069,-3228000,-7408000,-7408000,-0.57,-0.57,-0.57,50525000,53625000,50525000,250042723,-33,-77.461,5102000,0.456,1.0,32269000,0.686,18266000,0,30412000,35808750,0,22227000,22227000,0,22356000,19202000,3154000,250743723,1705000,0,-4079000,500000,0,-3579000,-4567000,568000,10201000,-350000,-6426000,-6426000,-6426000,-2753000,0,-0.137,42907000,-10638000,5291000,0.0,4.963,-39.02,-39.825,10846000,0,22.7,5.33,5.403,14260000,-4952000,47044000,47044000,4662000,-0.091,-0.12,-0.207,-0.157,5033000,38245000,1.0,11045979,11197000,11197000,4.201,54615000,48000,-982000,810000,4.888,23844000
RENT,MRY,2013-12-31,2013-03-31,2013-03-31,2017-06-18,31000,71781000,70371750,39654000,32127000,0.81,3.989,-7024000,3835000,3835000,21347000,-22678000,2.117,0.475,550000,0,550000,550000,2610000,4790000,0,0.0,0.0,-23597000,-18807000,-0.33,-18807000,-23597000,-23597000,-1.93,-1.93,-1.93,47982000,49198750,47982000,256480717,-10,-13.638,-8670000,-0.739,1.0,35686000,0.626,17394000,0,32367000,31924750,0,16588000,16588000,0,22810000,18735000,4075000,260621717,-1691000,0,770000,0,0,1820000,-1544000,5702000,-1646000,-321000,-22617000,-22617000,-22617000,-2491000,-61000,-0.397,62213000,-26527000,1013000,0.0,5.432,-11.523,-11.389,13903000,0,21.98,4.57,4.522,7634000,-27569000,57033000,57033000,6215000,-0.321,-0.46,-0.739,-0.414,18781000,55998000,1.0,11857221,11733000,11733000,4.861,54387000,0,-980000,1323000,4.521,20919000
RENT,MRY,2014-12-31,2014-03-31,2014-03-31,2017-06-18,409000,81267000,78331250,42922000,38345000,0.965,4.22,-7662000,5102000,5102000,27247000,-4369000,2.163,0.541,0,0,0,0,2644000,5929000,0,0.0,0.0,-6437000,-508000,-0.007,-508000,-6437000,-6437000,-0.35,-0.35,-0.35,52160000,50773500,52160000,724362828,-112,-1425.911,-1397000,-0.115,1.0,48353000,0.64,19758000,0,36566000,32560500,0,16868000,16868000,0,28233000,19841000,8392000,729587828,1267000,-372000,3471000,0,0,3471000,-8658000,-336000,6265000,189000,-4254000,-4254000,-4254000,-2783000,-115000,-0.056,57813000,-9460000,2339000,0.0,13.987,-171.506,-172.229,17891000,0,60.28,9.651,9.709,12525000,-31823000,75600000,75600000,9014000,-0.054,-0.084,-0.198,-0.085,8058000,48799000,1.0,12103315,12177000,12177000,6.208,61509000,166000,-2183000,1279000,4.976,23081000
RENT,MRY,2015-12-31,2015-03-31,2015-03-31,2017-06-18,464000,284523000,183714500,104881000,179642000,0.56,16.353,-10854000,3691000,3691000,35848000,-2213000,3.916,0.127,0,0,0,0,3812000,7520000,0,0.0,0.0,-2412000,5108000,0.05,5108000,-2412000,-2412000,-0.15,-0.15,-0.15,251948000,150305750,251948000,838781577,-347,164.209,-1043000,-0.077,1.0,67074000,0.652,152274000,0,101773000,67791750,0,80318000,80318000,0,31926000,26785000,5141000,844788577,-1411000,-207000,62294000,0,0,62294000,-72899000,-63700000,9811000,-617000,-1988000,-1988000,-1988000,-3151000,-225000,-0.019,73153000,-6079000,3967000,0.0,3.353,-424.944,-370.4,23035000,0,55.56,8.208,7.292,16884000,-33811000,102922000,102922000,13292000,-0.011,-0.013,-0.036,-0.023,7625000,59861000,1.0,15204978,13508000,13508000,7.619,132249000,60000,-424000,2693000,8.584,78096000
