ticker,dimension,calendardate,datekey,reportperiod,lastupdated,accoci,assets,assetsavg,assetsc,assetsnc,assetturnover,bvps,capex,cashneq,cashnequsd,cor,consolinc,currentratio,de,debt,debtc,debtnc,debtusd,deferredrev,depamor,deposits,divyield,dps,ebit,ebitda,ebitdamargin,ebitdausd,ebitusd,ebt,eps,epsdil,epsusd,equity,equityavg,equityusd,ev,evebit,evebitda,fcf,fcfps,fxusd,gp,grossmargin,intangibles,intexp,invcap,invcapavg,inventory,investments,investmentsc,investmentsnc,liabilities,liabilitiesc,liabilitiesnc,marketcap,ncf,ncfbus,ncfcommon,ncfdebt,ncfdiv,ncff,ncfi,ncfinv,ncfo,ncfx,netinc,netinccmn,netinccmnusd,netincdis,netincnci,netmargin,opex,opinc,payables,payoutratio,pb,pe,pe1,ppnenet,prefdivis,price,ps,ps1,receivables,retearn,revenue,revenueusd,rnd,roa,roe,roic,ros,sbcomp,sgna,sharefactor,sharesbas,shareswa,shareswadil,sps,tangibles,taxassets,taxexp,taxliabilities,tbvps,workingcapital
RGC,MRY,2011-12-31,2011-12-29,2011-12-29,2018-03-01,-9100000,2341300000,2323600000,403500000,1937800000,1.152,-3.716,-87200000,253000000,253000000,2176200000,36600000,1.007,-5.104,2016300000,20600000,1995700000,2016300000,437600000,197600000,0,0.069,0.84,201900000,399500000,0.149,399500000,201900000,52200000,0.24,0.24,0.24,-570900000,-550475000,-570900000,3712193637,18,9.292,265900000,1.731,1.0,499700000,0.187,199600000,149700000,3504300000,3616400000,14800000,0,0,0,2913800000,400700000,2513100000,1870493637,47700000,0,400000,-67600000,-129800000,-204300000,-101100000,-37100000,353100000,0,36800000,36800000,36800000,0,-200000,0.014,284200000,215500000,174500000,3.5,-3.276,50.829,50.417,1548200000,0,12.1,0.699,0.694,75200000,15700000,2675900000,2675900000,0,0.016,-0.067,0.056,0.075,7900000,65800000,1.0,154586251,153577000,154556000,17.424,2141700000,63100000,15400000,0,13.94,2800000
RGC,MRY,2012-12-31,2012-12-27,2012-12-27,2018-03-01,-4300000,2222100000,2258375000,264200000,1957900000,1.249,-4.851,-89200000,109500000,109500000,2221900000,142200000,0.585,-3.971,1995200000,22000000,1973200000,1995200000,508000000,183100000,0,0.133,1.84,366800000,549900000,0.195,549900000,366800000,231800000,0.92,0.92,0.92,-748600000,-597700000,-748600000,3904789630,10,7.101,257400000,1.67,1.0,598100000,0.212,301800000,135000000,3354100000,3430425000,17800000,0,0,0,2972500000,451900000,2520600000,2156189630,-143500000,-89700000,2500000,-20600000,-287300000,-306700000,-183400000,-7600000,346600000,0,142300000,142300000,142300000,0,-100000,0.05,268100000,330000000,157000000,2.0,-2.88,15.152,15.076,1463200000,0,13.87,0.765,0.758,102700000,1100000,2820000000,2820000000,0,0.063,-0.238,0.107,0.13,10300000,68800000,1.0,155457075,154174000,154990000,18.291,1920300000,19400000,89500000,7700000,12.444,-187700000
RGC,MRY,2013-12-31,2013-12-26,2013-12-26,2018-03-01,-2400000,2704700000,2568300000,465100000,2239600000,1.183,-4.611,-112100000,280900000,280900000,2416000000,157600000,0.918,-4.794,2310700000,29800000,2280900000,2310700000,606600000,200200000,0,0.043,0.84,406000000,606200000,0.2,606200000,406000000,264700000,1.02,1.01,1.02,-713400000,-692550000,-713400000,5099806561,12,8.413,234800000,1.517,1.0,622100000,0.205,378100000,141300000,3850000000,3789675000,19000000,0,0,0,3420000000,506400000,2913600000,3062106561,171400000,-194400000,1300000,232000000,-132200000,83100000,-258600000,40600000,346900000,0,157700000,157700000,157700000,0,-100000,0.052,282300000,339800000,170200000,0.824,-4.292,19.417,19.265,1509600000,0,19.65,1.008,1.001,122800000,71800000,3038100000,3038100000,0,0.061,-0.228,0.107,0.134,9300000,73700000,1.0,155832395,154826000,155723000,19.623,2326600000,55700000,107000000,0,15.037,-41300000
RGC,MRY,2014-12-31,2015-01-01,2015-01-01,2018-03-01,-1500000,2539500000,2639000000,341400000,2198100000,1.133,-5.762,-156800000,147100000,147100000,2394800000,105200000,0.716,-3.841,2360200000,26600000,2333600000,2360200000,606200000,207200000,0,0.041,0.88,305500000,512700000,0.171,512700000,305500000,179000000,0.68,0.68,0.68,-894800000,-786225000,-894800000,5447671150,17,10.625,192300000,1.238,1.0,595300000,0.199,374300000,126500000,3901300000,3922150000,17800000,0,0,0,3436800000,477000000,2959800000,3335871150,-133800000,0,100000,-19000000,-294800000,-332500000,-150400000,2000000,349100000,0,105600000,105600000,105600000,0,-400000,0.035,288900000,306400000,165700000,1.294,-3.728,31.59,31.412,1458900000,0,21.36,1.116,1.109,126000000,48400000,2990100000,2990100000,0,0.04,-0.134,0.078,0.102,9400000,74400000,1.0,156173743,155287000,156310000,19.255,2165200000,52200000,73400000,0,13.943,-135600000
RGC,MRY,2015-12-31,2015-12-31,2015-12-31,2018-03-01,-2100000,2601600000,2521500000,438200000,2163400000,1.24,-5.638,-185700000,219600000,219600000,2492700000,153200000,0.795,-3.964,2311700000,27400000,2284300000,2311700000,618600000,216800000,0,0.047,0.88,383100000,599900000,0.192,599900000,383100000,253500000,0.99,0.98,0.99,-877800000,-894975000,-877800000,5202202758,13,8.672,248700000,1.598,1.0,634600000,0.203,378900000,129600000,3763500000,3840825000,22400000,0,0,0,3479200000,551300000,2927900000,2952502758,72500000,-9200000,0,-23200000,-139100000,-178600000,-183300000,-400000,434400000,0,153400000,153400000,153400000,0,-200000,0.049,315300000,319300000,229700000,0.889,-3.364,19.247,19.061,1404200000,0,18.87,0.944,0.939,149600000,64200000,3127300000,3127300000,0,0.061,-0.171,0.1,0.123,8300000,78800000,1.0,156465435,155680000,156511000,20.088,2222700000,61900000,100100000,0,14.277,-113100000
RGC,MRY,2016-12-31,2016-12-31,2016-12-31,2018-03-01,-1300000,2645700000,2571875000,446900000,2198800000,1.243,-5.379,-214900000,246500000,246500000,2537600000,170500000,0.857,-4.153,2314300000,25500000,2288800000,2314300000,605000000,230700000,0,0.043,0.88,409700000,640400000,0.2,640400000,409700000,281600000,1.09,1.09,1.09,-839100000,-861725000,-839100000,5360308072,13,8.37,195600000,1.254,1.0,659500000,0.206,373000000,128100000,3819200000,3777950000,20900000,0,0,0,3484600000,521300000,2963300000,3229908072,26900000,0,0,-21700000,-138900000,-160000000,-223600000,-10100000,410500000,0,170400000,170400000,170400000,0,100000,0.053,320100000,339400000,194800000,0.807,-3.849,18.955,18.899,1390100000,0,20.6,1.01,1.005,155100000,96500000,3197100000,3197100000,0,0.066,-0.198,0.108,0.128,8800000,84600000,1.0,156791654,155995000,156804000,20.495,2272700000,56300000,111200000,6400000,14.569,-74400000
RGC,MRY,2017-12-31,2017-12-31,2017-12-31,2018-03-01,2500000,2842900000,2737400000,463300000,2379600000,1.155,-5.474,-250400000,228800000,228800000,2531000000,112300000,0.825,-4.321,2447200000,26600000,2420600000,2447200000,590800000,249700000,0,0.038,0.88,339000000,588700000,0.186,588700000,339000000,213900000,0.72,0.72,0.72,-855900000,-843150000,-855900000,5877132476,17,9.983,159500000,1.02,1.0,632000000,0.2,389400000,125100000,4110500000,4026850000,22900000,0,0,0,3698700000,561400000,3137300000,3612932476,-17700000,-161300000,0,126500000,-138900000,-17000000,-410600000,-11900000,409900000,0,112300000,112300000,112300000,0,0,0.036,360300000,271700000,232200000,1.222,-4.221,32.172,31.958,1513200000,0,23.01,1.142,1.137,184000000,70900000,3163000000,3163000000,0,0.041,-0.133,0.084,0.107,9200000,86600000,1.0,157015753,156336000,156986000,20.232,2453500000,54500000,101600000,2700000,15.693,-98100000
