ticker,dimension,calendardate,datekey,reportperiod,lastupdated,accoci,assets,assetsavg,assetsc,assetsnc,assetturnover,bvps,capex,cashneq,cashnequsd,cor,consolinc,currentratio,de,debt,debtc,debtnc,debtusd,deferredrev,depamor,deposits,divyield,dps,ebit,ebitda,ebitdamargin,ebitdausd,ebitusd,ebt,eps,epsdil,epsusd,equity,equityavg,equityusd,ev,evebit,evebitda,fcf,fcfps,fxusd,gp,grossmargin,intangibles,intexp,invcap,invcapavg,inventory,investments,investmentsc,investmentsnc,liabilities,liabilitiesc,liabilitiesnc,marketcap,ncf,ncfbus,ncfcommon,ncfdebt,ncfdiv,ncff,ncfi,ncfinv,ncfo,ncfx,netinc,netinccmn,netinccmnusd,netincdis,netincnci,netmargin,opex,opinc,payables,payoutratio,pb,pe,pe1,ppnenet,prefdivis,price,ps,ps1,receivables,retearn,revenue,revenueusd,rnd,roa,roe,roic,ros,sbcomp,sgna,sharefactor,sharesbas,shareswa,shareswadil,sps,tangibles,taxassets,taxexp,taxliabilities,tbvps,workingcapital
RGCO,MRY,2011-12-31,2011-09-30,2011-09-30,2018-05-07,-4033338,125549049,126657693,31004245,94544804,0.559,7.082,-7589102,7951429,7951429,43529305,4653473,0.999,1.573,28000000,15000000,13000000,28000000,0,4164320,4132915,0.036,0.45,9333296,13497616,0.191,13497616,9333296,7500584,0.673,0.673,0.673,48785778,49466939,48785778,96979469,10,7.185,3094242,0.449,1.0,27269566,0.385,0,1832712,114570176,112883798,13474091,1420540,277770,1142770,76763271,31027444,45735827,85598380,1205799,0,1118975,87000,-3094418,-1888443,-7589102,0,10683344,0,4653473,4653473,4653473,0,0,0.066,17956520,9313046,5299475,0.669,1.755,18.395,18.366,85722456,0,12.36,1.209,1.203,3437904,22865311,70798871,70798871,0,0.037,0.094,0.083,0.132,0,13952716,1.0,6925398,6889069,6901188,10.277,125549049,4612192,2847111,9948307,18.224,-23199
RGCO,MRY,2012-12-31,2012-09-30,2012-09-30,2018-05-07,-3950085,129756338,129350187,30247314,99509024,0.455,7.27,-8650715,8909871,8909871,31866590,4296745,1.024,1.56,28000000,15000000,13000000,28000000,0,4387016,3949590,0.038,0.463,8766579,13153595,0.224,13153595,8766579,6935694,0.613,0.613,0.613,50682930,51108886,50682930,96372350,10,7.327,3132326,0.449,1.0,26933097,0.458,0,1830885,119304072,115612451,10079643,1142770,1142770,0,79073408,29542395,49531013,84121158,958442,0,774696,277770,-3226350,-2173884,-8650715,0,11783041,0,4296745,4296745,4296745,0,0,0.073,18146562,8786535,4756460,0.755,1.66,19.578,19.63,90830092,0,12.033,1.431,1.427,3617925,23904514,58799687,58799687,0,0.033,0.084,0.076,0.149,0,13914373,1.0,6990678,6971158,6976423,8.435,129756338,4444296,2638949,11910310,18.613,704919
RGCO,MRY,2013-12-31,2013-09-30,2013-09-30,2018-05-07,-2151234,124526701,130138144,22208036,102318665,0.486,7.024,-9947510,2846224,2846224,35602775,4262052,0.754,1.516,28000000,15000000,13000000,28000000,0,4656716,2753966,0.089,1.143,8734938,13391654,0.212,13391654,8734938,6906839,0.607,0.607,0.607,49502422,48915516,49502422,108044266,12,8.068,89560,0.013,1.0,27602891,0.437,0,1828099,120223488,119876872,11077021,0,0,0,75024279,29456989,45567290,90812111,-6063647,0,737076,1142770,-8033053,-6153207,-9947510,0,10037070,0,4262052,4262052,4262052,0,0,0.067,18807836,8795055,5723107,1.883,1.834,21.307,21.186,97736549,0,12.86,1.437,1.434,3729106,20103239,63205666,63205666,0,0.033,0.087,0.073,0.138,84840,14334345,1.0,7061595,7048090,7048149,8.968,124526701,3689039,2644787,14279689,17.668,-7248953
RGCO,MRY,2014-12-31,2014-09-30,2014-09-30,2018-05-07,-1139326,139127641,131986049,21010617,118117024,0.568,7.355,-14698570,849757,849757,45679045,4708440,1.032,1.674,39351969,9045050,30306919,39351969,0,4838062,2866077,0.037,0.49,9474981,14313043,0.191,14313043,9474981,7647980,0.667,0.667,0.667,52020847,51943886,52020847,119931116,12,8.379,-7858832,-1.111,1.0,29337089,0.391,0,1827001,157277219,136335858,12296662,0,0,0,87106794,20352634,66754160,93902070,-1996467,0,213391,11545050,-3465034,5862365,-14698570,0,6839738,0,4708440,4708440,4708440,0,0,0.063,19655221,9681868,5367299,0.735,1.805,19.943,19.89,108743577,0,13.267,1.252,1.251,3730173,21321055,75016134,75016134,0,0.036,0.091,0.069,0.126,75310,14943774,1.0,7078045,7073217,7074423,10.606,139127641,2848534,2939540,14610643,19.67,657983
RGCO,MRY,2015-12-31,2015-09-30,2015-09-30,2018-05-07,-2286545,145847194,144667190,16149822,129697372,0.471,7.45,-13750274,985234,985234,37983174,5094415,0.696,1.76,39657570,9340997,30316573,39657570,0,5219893,3139792,0.038,0.508,9777396,14997289,0.22,14997289,9777396,8264977,0.72,0.72,0.72,52840991,53935378,52840991,126527217,12,8.437,3010553,0.424,1.0,30206433,0.443,0,1512419,161316546,159872590,9128606,0,0,0,93006203,23202984,69803219,95574926,135477,0,432401,295947,-3603424,-2875076,-13750274,0,16760827,0,5094415,5094415,5094415,0,0,0.075,20200241,10006192,5141677,0.706,1.809,18.761,18.704,118629552,0,13.467,1.402,1.401,3196573,22772377,68189607,68189607,0,0.035,0.094,0.061,0.143,83640,15093306,1.0,7097148,7092315,7097514,9.615,145847194,1657066,3170562,14620031,20.564,-7053162
RGCO,MRY,2016-12-31,2016-09-30,2016-09-30,2018-05-07,-2497231,165552849,156956886,15482324,150070525,0.376,7.786,-17940755,643252,643252,27498377,5806866,0.543,1.974,48192836,14556785,33636051,48192836,0,5709525,3232713,0.034,0.533,11109371,16818896,0.285,16818896,11109371,9473050,0.81,0.81,0.81,55667072,55716462,55667072,153258650,13,9.112,-3019115,-0.422,1.0,31564914,0.534,0,1636321,184605380,174743266,8260924,3496404,0,3496404,109885777,28497053,81388724,113207095,-341982,-3055746,1031194,8611987,-3808683,5732879,-20996501,0,14921640,0,5806866,5806866,5806866,0,0,0.098,20352822,11212092,5345575,0.658,2.034,19.495,19.498,132128138,0,15.793,1.917,1.912,3478983,24713310,59063291,59063291,0,0.037,0.104,0.064,0.188,64640,14761212,1.0,7168030,7149906,7159763,8.261,165552849,1550836,3666184,18957854,23.155,-13014729
RGCO,MRY,2017-12-31,2017-09-30,2017-09-30,2018-05-07,-1202264,183135071,178674344,15685604,167449467,0.349,8.317,-20733209,69640,69640,29487713,6232865,1.092,2.05,61312011,0,61312011,61312011,0,6378368,2692538,0.02,0.57,11955509,18333877,0.294,18333877,11955509,10038255,0.86,0.86,0.86,60040472,59236666,60040472,258952703,21,14.124,-7752231,-1.074,1.0,32809157,0.527,0,1917254,230011210,213923942,8723085,7445106,0,7445106,123094599,14366232,108728367,206632010,-573612,-2759346,967698,13150975,-4115873,9937965,-23492555,0,12980978,0,6232865,6232865,6232865,0,0,0.1,21142848,11666309,5122899,0.663,3.442,33.152,33.221,147927971,0,28.57,3.317,3.311,3492703,24746021,62296870,62296870,0,0.035,0.105,0.056,0.192,73780,14886111,1.0,7232482,7218686,7256046,8.63,183135071,1796825,3805390,23076848,25.37,1319372
