ticker,dimension,calendardate,datekey,reportperiod,lastupdated,accoci,assets,assetsavg,assetsc,assetsnc,assetturnover,bvps,capex,cashneq,cashnequsd,cor,consolinc,currentratio,de,debt,debtc,debtnc,debtusd,deferredrev,depamor,deposits,divyield,dps,ebit,ebitda,ebitdamargin,ebitdausd,ebitusd,ebt,eps,epsdil,epsusd,equity,equityavg,equityusd,ev,evebit,evebitda,fcf,fcfps,fxusd,gp,grossmargin,intangibles,intexp,invcap,invcapavg,inventory,investments,investmentsc,investmentsnc,liabilities,liabilitiesc,liabilitiesnc,marketcap,ncf,ncfbus,ncfcommon,ncfdebt,ncfdiv,ncff,ncfi,ncfinv,ncfo,ncfx,netinc,netinccmn,netinccmnusd,netincdis,netincnci,netmargin,opex,opinc,payables,payoutratio,pb,pe,pe1,ppnenet,prefdivis,price,ps,ps1,receivables,retearn,revenue,revenueusd,rnd,roa,roe,roic,ros,sbcomp,sgna,sharefactor,sharesbas,shareswa,shareswadil,sps,tangibles,taxassets,taxexp,taxliabilities,tbvps,workingcapital
RGS,MRY,2011-12-31,2011-06-30,2011-06-30,2018-05-01,77946000,1805753000,1903918000,346562000,1459191000,1.145,18.18,-71469000,96263000,96263000,1409308000,-8905000,1.361,0.749,313411000,32252000,281159000,313411000,0,98428000,0,0.013,0.2,9136000,107564000,0.049,107564000,9136000,-25238000,-0.16,-0.16,-0.16,1032619000,1048421500,1032619000,1143845092,125,10.634,157709000,2.781,1.0,770873000,0.354,791840000,34374000,976381000,1059752250,150804000,261140000,0,261140000,773134000,254680000,518454000,885018092,-55608000,-17990000,749000,-137671000,-11509000,-148431000,-144330000,-55497000,229178000,7975000,-8905000,-8905000,-8905000,-12034000,0,-0.004,785155000,-14282000,55107000,-1.25,0.857,-99.384,-95.75,347811000,0,15.32,0.406,0.398,27149000,610597000,2180181000,2180181000,0,-0.005,-0.008,0.009,0.004,9596000,285845000,1.0,57768805,56704000,56704000,38.448,1013913000,40228000,-16333000,0,17.851,91882000
RGS,MRY,2012-12-31,2012-06-30,2012-06-30,2018-05-01,55114000,1571846000,1676637250,384677000,1187169000,1.266,15.474,-85769000,111943000,111943000,1370337000,-114093000,1.527,0.768,287674000,28937000,258737000,287674000,0,111435000,0,0.013,0.24,-90278000,21157000,0.01,21157000,-90278000,-118523000,-2.0,-2.0,-2.0,889157000,958426250,889157000,1228520763,-13,58.067,67931000,1.189,1.0,751890000,0.354,485674000,28245000,1009930000,951060500,142276000,160987000,0,160987000,682689000,251973000,430716000,1033796763,15680000,-2587000,0,-29693000,-13855000,-43548000,-90859000,-3005000,153700000,-3613000,-114093000,-114093000,-114093000,62350000,0,-0.054,754057000,-2167000,47890000,-0.12,1.163,-9.061,-8.98,305799000,0,17.96,0.487,0.484,28954000,484229000,2122227000,2122227000,0,-0.068,-0.119,-0.095,-0.043,7597000,249634000,1.0,57561067,57137000,57137000,37.143,1086172000,28601000,-4430000,0,18.903,132704000
RGS,MRY,2013-12-31,2013-06-30,2013-06-30,2018-05-01,20556000,1390492000,1510392250,488546000,901946000,1.337,15.211,-105857000,200488000,200488000,1361672000,30506000,1.297,0.622,174770000,173515000,1255000,174770000,0,84018000,0,0.015,0.24,57797000,141815000,0.07,141815000,57797000,20853000,0.54,0.54,0.54,857414000,870732250,857414000,1018613477,17,7.183,-36061000,-0.636,1.0,657041000,0.325,482381000,36944000,505581000,789658000,139607000,43319000,0,43319000,533078000,376812000,156266000,930285477,89193000,0,-14868000,-118223000,-13708000,-146799000,165140000,131581000,69796000,1056000,30506000,30506000,30506000,-25028000,0,0.015,643682000,13359000,66071000,0.444,1.085,30.495,30.407,313460000,0,16.42,0.461,0.461,33062000,499760000,2018713000,2018713000,0,0.02,0.035,0.073,0.029,5881000,226740000,1.0,56655632,56704000,56846000,35.601,908111000,57491000,-9653000,0,16.11,111734000
RGS,MRY,2014-12-31,2014-06-30,2014-06-30,2018-05-01,22651000,1415949000,1414409000,613266000,802683000,1.338,12.62,-49439000,378627000,378627000,1297668000,-138521000,1.587,0.983,293503000,173501000,120002000,293503000,0,81406000,0,0.009,0.12,-43276000,38130000,0.02,38130000,-43276000,-65566000,-2.45,-2.45,-2.45,713992000,762240500,713992000,731043216,-16,19.172,67316000,1.192,1.0,594769000,0.314,445076000,22290000,499213000,528468250,137151000,28611000,0,28611000,701957000,386536000,315421000,798010216,177491000,-15000,0,110999000,-6793000,104206000,-44384000,5056000,116755000,914000,-138521000,-138521000,-138521000,-1353000,0,-0.073,629727000,-34958000,68491000,-0.049,1.118,-5.761,-5.747,266538000,0,14.08,0.422,0.42,25808000,350671000,1892437000,1892437000,0,-0.098,-0.182,-0.082,-0.023,6400000,172793000,1.0,56676862,56482000,56482000,33.505,970873000,6461000,72955000,0,17.16,226730000
RGS,MRY,2015-12-31,2015-06-30,2015-06-30,2018-05-01,9506000,1162015000,1184425500,428282000,733733000,1.551,11.571,-35271000,212279000,212279000,1255717000,-33842000,1.977,0.852,120000000,0,120000000,120000000,0,68259000,0,0.0,0.0,-9031000,59228000,0.032,59228000,-9031000,-19237000,-0.62,-0.62,-0.62,627444000,656396500,627444000,767232082,-84,12.954,59473000,1.081,1.0,581570000,0.317,436022000,10206000,417048000,453421000,128610000,15321000,0,15321000,534571000,216666000,317905000,860179082,-166348000,0,-47888000,-173751000,0,-222421000,-35583000,0,94744000,-3088000,-33842000,-33842000,-33842000,630000,0,-0.018,578039000,3531000,63302000,0.0,1.371,-25.418,-25.419,218157000,0,15.76,0.468,0.472,24631000,316859000,1837287000,1837287000,0,-0.029,-0.052,-0.02,-0.005,8647000,186051000,1.0,54579891,54992000,54992000,33.41,725993000,0,14605000,0,13.389,211616000
RGS,MRY,2016-12-31,2016-06-30,2016-06-30,2018-05-01,5068000,1035932000,1061384750,358014000,677918000,1.687,11.216,-29377000,147346000,147346000,1230481000,-11316000,1.833,0.994,119606000,0,119606000,119606000,0,56992000,0,0.0,0.0,7050000,64042000,0.036,64042000,7050000,-2267000,-0.23,-0.23,-0.23,519401000,536996250,519401000,557429547,79,8.704,26409000,0.544,1.0,560388000,0.313,432578000,9317000,380299000,395239000,134212000,0,0,0,516531000,195315000,321216000,578312547,-64933000,0,-101035000,-2000,0,-102551000,-17387000,0,55786000,-781000,-11316000,-11316000,-11316000,0,0,-0.006,542774000,17614000,59884000,0.0,1.113,-51.106,-54.13,183321000,0,12.45,0.323,0.337,24691000,304550000,1790869000,1790869000,0,-0.011,-0.021,0.018,0.004,9797000,178033000,1.0,46450807,48542000,48542000,36.893,603354000,0,9049000,0,13.029,162699000
RGS,MRY,2017-12-31,2017-06-30,2017-06-30,2018-05-01,3336000,1011488000,1020739250,370147000,641341000,1.658,10.924,-31590000,171044000,171044000,1172975000,-16140000,2.079,0.99,120599000,0,120599000,120599000,0,54961000,0,0.0,0.0,1787000,56748000,0.034,56748000,1787000,-6916000,-0.35,-0.35,-0.35,508221000,513459000,508221000,427250674,239,7.529,28465000,0.614,1.0,518913000,0.307,428952000,8703000,354029000,367280500,98392000,0,0,0,503267000,178062000,325205000,475588674,25050000,0,0,0,0,-6849000,-29091000,500000,60055000,935000,-16140000,-16140000,-16140000,0,0,-0.01,520117000,-1204000,54501000,0.0,0.936,-29.466,-29.343,123281000,0,10.27,0.281,0.281,19683000,288456000,1691888000,1691888000,0,-0.016,-0.031,0.005,0.001,13142000,174502000,1.0,46308537,46359000,46359000,36.495,582536000,0,9224000,0,12.521,192085000
