ticker,dimension,calendardate,datekey,reportperiod,lastupdated,accoci,assets,assetsavg,assetsc,assetsnc,assetturnover,bvps,capex,cashneq,cashnequsd,cor,consolinc,currentratio,de,debt,debtc,debtnc,debtusd,deferredrev,depamor,deposits,divyield,dps,ebit,ebitda,ebitdamargin,ebitdausd,ebitusd,ebt,eps,epsdil,epsusd,equity,equityavg,equityusd,ev,evebit,evebitda,fcf,fcfps,fxusd,gp,grossmargin,intangibles,intexp,invcap,invcapavg,inventory,investments,investmentsc,investmentsnc,liabilities,liabilitiesc,liabilitiesnc,marketcap,ncf,ncfbus,ncfcommon,ncfdebt,ncfdiv,ncff,ncfi,ncfinv,ncfo,ncfx,netinc,netinccmn,netinccmnusd,netincdis,netincnci,netmargin,opex,opinc,payables,payoutratio,pb,pe,pe1,ppnenet,prefdivis,price,ps,ps1,receivables,retearn,revenue,revenueusd,rnd,roa,roe,roic,ros,sbcomp,sgna,sharefactor,sharesbas,shareswa,shareswadil,sps,tangibles,taxassets,taxexp,taxliabilities,tbvps,workingcapital
RMCF,MRY,2011-12-31,2011-02-28,2011-02-28,2018-05-15,0,21438808,20094501,13506987,7931821,1.549,2.745,-1297761,3344490,3344490,16228237,3910841,3.675,0.287,0,0,0,0,261410,670321,0,0.039,0.4,6009059,6679380,0.215,6679380,6009059,6009059,0.65,0.62,0.65,16654115,15856949,16654115,59098107,9,8.848,2497965,0.413,1.0,14899734,0.479,1106162,0,13312465,11917379,4124188,838066,370635,467431,4784693,3675691,1109002,62454132,-398602,18652,9876,0,-2418488,-2397417,-1796911,-497357,3795726,0,3910841,3910841,3910841,0,0,0.126,8949372,5950362,1540930,0.615,3.75,15.969,15.846,6275406,0,10.3,2.006,2.002,4823257,8411975,31127971,31127971,0,0.195,0.247,0.504,0.193,413659,4286436,1.0,6063508,6050985,6290145,5.144,20332646,565082,2098218,1109002,3.352,9831296
RMCF,MRY,2012-12-31,2012-02-28,2012-02-28,2018-05-15,0,24162970,22465234,14099367,10063603,1.541,3.053,-3260638,4125444,4125444,18309236,3876032,3.98,0.29,0,0,0,0,156000,750860,0,0.032,0.3,5911778,6662638,0.192,6662638,5911778,5911778,0.63,0.62,0.63,18735820,17805615,18735820,54494228,9,8.179,2886413,0.472,1.0,16317656,0.471,1069055,0,15426278,13997768,4119073,627699,283225,344474,5427150,3542193,1884957,57645725,780954,52800,173064,0,-2440560,-2242534,-3123563,124367,6147051,0,3876032,3876032,3876032,0,0,0.112,10464782,5852874,1355818,0.476,3.077,14.872,14.937,8515644,0,9.41,1.665,1.661,4078158,9838205,34626892,34626892,0,0.173,0.218,0.422,0.171,457449,4728215,1.0,6126007,6111480,6295079,5.666,23093915,1212185,2035746,1884957,3.763,10557174
RMCF,MRY,2013-12-31,2013-02-28,2013-02-28,2018-05-15,0,23833945,22681932,14543933,9290012,1.601,2.704,-742871,5321696,5321696,18955136,1350034,2.614,0.393,0,0,0,0,417484,935377,0,0.036,0.54,2711672,3647049,0.1,3647049,2711672,2711672,0.24,0.24,0.24,16383589,17488230,16383589,70761644,26,19.402,5616197,0.924,1.0,17360065,0.478,1847579,0,11101531,13385856,4221036,666440,197078,469362,6444833,5563139,881694,74297426,1196252,887012,-1633129,0,-2623031,-4197783,-965033,-171558,6359068,0,1478212,1478212,1478212,0,-128178,0.041,14820238,2539827,1998897,1.833,4.535,50.262,51.167,6777143,0,12.28,2.046,2.055,3916320,8642093,36315201,36315201,0,0.065,0.085,0.203,0.075,535809,5785946,1.0,6050279,6078575,6219001,5.974,21986366,628633,1233460,881694,3.629,8980794
RMCF,MRY,2014-12-31,2014-02-28,2014-02-28,2018-05-15,0,35153039,26670648,16842214,18310825,1.469,3.18,-2518317,5859729,5859729,19613411,3134504,2.116,0.787,6400000,108023,6291977,6400000,1798781,1026775,0,0.037,0.44,6596437,7623212,0.195,7623212,6596437,6547104,0.72,0.68,0.72,19450723,17975848,19450723,69187942,10,9.076,3145600,0.516,1.0,19571396,0.499,9144904,49333,18590211,14656755,4410763,867144,357360,509784,15300661,7958195,7342466,72595258,538033,2600,195130,6400000,-2681853,4089707,-9215591,-440088,5663917,0,4392444,4392444,4392444,0,-1257940,0.112,14335875,5235521,1971530,0.611,3.732,16.527,16.486,8488198,0,11.87,1.853,1.848,5198223,10344794,39184807,39184807,0,0.165,0.244,0.45,0.168,660325,7157103,1.0,6115860,6100032,6436911,6.424,26008135,699761,2154660,1050489,4.252,8884019
RMCF,MRY,2015-12-31,2015-02-28,2015-02-28,2018-05-15,0,34138213,37564662,17657887,16480326,1.105,3.112,-626744,7157371,7157371,20609609,3742746,2.131,0.763,6292367,1208888,5083479,6292367,951241,1440448,0,0.029,0.45,6218723,7659171,0.185,7659171,6218723,5975535,0.64,0.61,0.64,18868184,20295179,18868184,91574094,14,11.956,5244771,0.854,1.0,20898767,0.503,8857361,243188,16128476,16668227,4785376,1027795,359493,668302,14400358,8287372,6112986,93034399,1297642,530175,-3058025,-107633,-2711812,-4784031,210158,309122,5871515,0,3937840,3937840,3937840,0,-195094,0.095,14933800,5964967,1675746,0.703,4.931,23.626,23.859,6797536,0,15.27,2.241,2.26,4291470,11524708,41508376,41508376,0,0.105,0.194,0.373,0.15,865240,7305930,1.0,6092626,6144426,6413339,6.755,25280852,745902,2037695,1029507,4.169,9370515
RMCF,MRY,2016-12-31,2016-02-28,2016-02-28,2018-05-15,0,30315725,31669171,15438854,14876871,1.277,3.164,-743251,6194948,6194948,20866482,3806531,1.928,0.641,5085133,1254007,3831126,5085133,502950,1420301,0,0.047,0.48,4381107,5801408,0.143,5801408,4381107,4164507,0.75,0.73,0.75,18478908,17361652,18478908,60331279,13,10.399,6044834,1.026,1.0,19590413,0.484,6619349,216600,14580870,14526729,4840108,847694,317248,530446,11836817,8005691,3831126,60094392,-962423,23692,-3030708,-1207234,-2838545,-7056619,-693889,321633,6788085,0,4425907,4425907,4425907,0,-619376,0.109,15877427,3712986,1663245,0.64,3.252,13.578,13.722,6010303,0,10.291,1.485,1.499,3799691,13132879,40456895,40456895,0,0.14,0.255,0.302,0.108,763094,7130383,1.0,5839396,5893618,6095474,6.865,23696376,1421655,-261400,0,4.058,7433163
RMCF,MRY,2017-12-31,2017-02-28,2017-02-28,2018-05-15,0,29418356,29904941,15150820,14267536,1.281,3.216,-1238472,5779195,5779195,20735739,3450116,1.88,0.562,3831741,1302501,2529240,3831741,451171,1288709,0,0.044,0.48,5566056,6854765,0.179,6854765,5566056,5395705,0.59,0.58,0.59,18828857,18807923,18828857,63189909,11,9.218,4082542,0.699,1.0,17560638,0.459,6505323,170351,12905320,14143856,4975779,606381,235612,370769,10589499,8060259,2529240,63637023,-415753,39045,-351583,-1253392,-2804786,-4443889,-1292878,185017,5321014,0,3450116,3450116,3450116,0,0,0.09,12036154,5524484,1820470,0.814,3.38,18.445,18.424,6457931,0,10.87,1.662,1.659,3855823,13283646,38296377,38296377,0,0.115,0.183,0.394,0.145,584893,6663563,1.0,5854372,5843245,5993692,6.554,22913033,906737,1945589,0,3.914,7090561
RMCF,MRY,2018-12-31,2018-02-28,2018-02-28,2018-05-15,0,28940635,29389815,15571368,13369267,1.296,3.313,-544956,6072984,6072984,21176711,2963908,1.897,0.48,2529309,1352893,1176416,2529309,471910,1319255,0,0.03,0.36,5245447,6564702,0.172,6564702,5245447,5124203,0.5,0.5,0.5,19556603,19444043,19556603,70814321,13,10.787,4212656,0.716,1.0,16897984,0.444,6068248,121244,11121096,12034721,4842474,341523,105540,235983,9384032,8207616,1176416,72021919,293789,-7926,0,-1302432,-2821874,-4124306,-339517,216344,4757612,0,2963908,2963908,2963908,0,0,0.078,11677115,5220869,1647991,0.72,3.683,24.3,24.4,6166240,0,12.2,1.892,1.885,3897334,13419553,38074695,38074695,0,0.101,0.152,0.436,0.138,591839,6394043,1.0,5903436,5884337,5980436,6.471,22872387,1178326,2160295,0,3.875,7363752
