ticker,dimension,calendardate,datekey,reportperiod,lastupdated,accoci,assets,assetsavg,assetsc,assetsnc,assetturnover,bvps,capex,cashneq,cashnequsd,cor,consolinc,currentratio,de,debt,debtc,debtnc,debtusd,deferredrev,depamor,deposits,divyield,dps,ebit,ebitda,ebitdamargin,ebitdausd,ebitusd,ebt,eps,epsdil,epsusd,equity,equityavg,equityusd,ev,evebit,evebitda,fcf,fcfps,fxusd,gp,grossmargin,intangibles,intexp,invcap,invcapavg,inventory,investments,investmentsc,investmentsnc,liabilities,liabilitiesc,liabilitiesnc,marketcap,ncf,ncfbus,ncfcommon,ncfdebt,ncfdiv,ncff,ncfi,ncfinv,ncfo,ncfx,netinc,netinccmn,netinccmnusd,netincdis,netincnci,netmargin,opex,opinc,payables,payoutratio,pb,pe,pe1,ppnenet,prefdivis,price,ps,ps1,receivables,retearn,revenue,revenueusd,rnd,roa,roe,roic,ros,sbcomp,sgna,sharefactor,sharesbas,shareswa,shareswadil,sps,tangibles,taxassets,taxexp,taxliabilities,tbvps,workingcapital
ROLL,MRY,2011-12-31,2011-04-02,2011-04-02,2018-02-06,2380000,425982000,401947000,285342000,140640000,0.835,15.149,-10440000,63975000,63975000,225851000,34868000,4.103,0.291,31296000,30546000,750000,31296000,0,12971000,0,0.0,0.0,54668000,67639000,0.202,67639000,54668000,52877000,1.61,1.58,1.61,330067000,311909500,330067000,836465839,15,12.367,39516000,1.823,1.0,109774000,0.327,46834000,1791000,276918000,273654250,144175000,3912000,3912000,0,95915000,69551000,26364000,857803839,42586000,0,-550000,-7156000,0,-5375000,-4845000,3198000,49956000,2850000,34868000,34868000,34868000,0,0,0.104,52706000,57068000,24245000,0.0,2.599,24.601,24.137,88408000,0,38.86,2.556,2.51,60095000,135395000,335625000,335625000,0,0.087,0.112,0.2,0.163,3101000,52706000,1.0,22074211,21678626,22078711,15.482,379148000,9145000,18009000,6591000,17.401,215791000
ROLL,MRY,2012-12-31,2012-03-31,2012-03-31,2018-02-06,1069000,459518000,436253000,314298000,145220000,0.911,17.585,-17841000,68621000,68621000,256931000,49997000,7.165,0.191,1041000,1041000,0,1041000,0,14190000,0,0.0,0.0,77024000,91214000,0.229,91214000,77024000,75979000,2.28,2.23,2.28,385815000,363550250,385815000,960009734,12,10.525,27188000,1.243,1.0,140580000,0.354,46093000,1045000,301981000,288599250,158805000,0,0,0,73703000,43864000,29839000,1018616734,4646000,0,-629000,-30255000,0,-27386000,-13661000,3883000,45029000,664000,49997000,49997000,49997000,0,0,0.126,61303000,79277000,24720000,0.0,2.64,20.374,20.232,93373000,0,46.13,2.562,2.539,72560000,185392000,397511000,397511000,0,0.115,0.138,0.267,0.194,3364000,61303000,1.0,22081438,21880554,22390914,18.167,413425000,11272000,25982000,6851000,18.843,270434000
ROLL,MRY,2013-12-31,2013-03-30,2013-03-30,2018-02-06,-3469000,542442000,515919750,373521000,168921000,0.781,20.322,-42017000,114480000,114480000,250122000,56342000,8.021,0.174,10300000,1240000,9060000,10300000,0,14719000,0,0.0,0.0,81056000,95775000,0.238,95775000,81056000,80188000,2.52,2.47,2.52,462195000,438117750,462195000,1059715018,13,11.065,24245000,1.082,1.0,152929000,0.379,45871000,868000,345823000,326353500,174585000,1298000,1298000,0,80247000,46568000,33679000,1160769018,45859000,-2628000,-4252000,9354000,0,28653000,-45180000,-1298000,66262000,-3876000,56342000,56342000,56342000,0,0,0.14,65751000,87178000,25259000,0.0,2.511,20.602,20.063,116118000,0,50.56,2.88,2.81,68943000,241734000,403051000,403051000,0,0.109,0.129,0.248,0.201,-1836000,65751000,1.0,22958248,22401068,22810793,17.992,496571000,9864000,23846000,4236000,21.834,326953000
ROLL,MRY,2014-12-31,2014-03-29,2014-03-29,2018-02-06,2365000,620993000,592647000,417545000,203448000,0.707,23.435,-28920000,121207000,121207000,254089000,60208000,9.751,0.153,10447000,1274000,9173000,10447000,0,14987000,0,0.0,0.0,88772000,103759000,0.248,103759000,88772000,87753000,2.63,2.59,2.63,538452000,508527750,538452000,1353021214,15,13.04,19055000,0.833,1.0,164797000,0.393,58069000,1019000,409344000,383515250,198021000,2419000,2419000,0,82541000,42820000,39721000,1458345214,6727000,-17568000,-1788000,-505000,0,3784000,-47117000,-729000,47975000,2085000,60208000,60208000,60208000,0,0,0.144,71969000,92828000,24326000,0.0,2.708,24.222,23.943,137154000,0,62.97,3.481,3.439,75642000,301942000,418886000,418886000,0,0.102,0.118,0.231,0.212,4271000,71969000,1.0,23159365,22874842,23244241,18.312,562924000,12611000,27545000,9779000,24.5,374725000
ROLL,MRY,2015-12-31,2015-03-28,2015-03-28,2018-02-06,-7770000,632073000,614205500,425384000,206689000,0.725,23.762,-20897000,125455000,125455000,275138000,58248000,10.124,0.15,9198000,1233000,7965000,9198000,0,15045000,0,0.026,2.0,85610000,100655000,0.226,100655000,85610000,84555000,2.52,2.49,2.52,549433000,529174500,549433000,1656564633,19,16.458,50893000,2.206,1.0,170140000,0.382,55467000,1055000,418331000,408068500,206158000,0,0,0,82640000,42018000,40622000,1766683633,4248000,0,-7060000,-500000,-46014000,-46077000,-17909000,2380000,71790000,-3556000,58248000,58248000,58248000,0,0,0.131,75908000,94232000,23459000,0.794,3.215,30.33,29.992,141649000,0,75.58,3.968,3.916,76651000,314176000,445278000,445278000,0,0.095,0.11,0.21,0.192,5195000,75908000,1.0,23375015,23073940,23385061,19.298,576606000,12492000,26307000,10126000,24.937,383366000
ROLL,MRY,2016-12-31,2016-04-02,2016-04-02,2018-02-06,-6990000,1098510000,1099985250,428957000,669553000,0.543,26.718,-20864000,39208000,39208000,378694000,63894000,4.857,0.769,363696000,10486000,353210000,363696000,0,25807000,0,0.0,0.0,103507000,129314000,0.216,129314000,103507000,94785000,2.75,2.72,2.75,620947000,589727750,620947000,2117603134,20,16.376,62496000,2.693,1.0,218778000,0.366,474511000,8722000,860170000,891921250,280537000,0,0,0,477563000,88317000,389246000,1777032134,-86247000,-500000000,-10492000,360271000,0,349789000,-520138000,0,83360000,742000,63894000,63894000,63894000,0,0,0.107,98721000,120057000,35597000,0.0,2.862,27.812,26.782,184744000,0,73.65,2.974,2.861,102351000,378070000,597472000,597472000,0,0.058,0.108,0.116,0.173,7651000,98721000,1.0,24128067,23208686,23508418,25.743,623999000,0,30891000,3208000,26.849,340640000
ROLL,MRY,2017-12-31,2017-04-01,2017-04-01,2018-02-06,-9823000,1108847000,1102178000,447960000,660887000,0.558,30.238,-20894000,38923000,38923000,385792000,70623000,4.81,0.546,269800000,14214000,255586000,269800000,0,27372000,0,0.0,0.0,113590000,140962000,0.229,140962000,113590000,104884000,3.0,2.97,3.0,717044000,678359250,717044000,2584799424,22,18.337,80348000,3.416,1.0,229596000,0.373,464843000,8706000,781743000,816910750,289594000,0,0,0,391803000,93138000,298665000,2329328424,-285000,-651000,-4754000,-94969000,0,-78773000,-21357000,0,101242000,-1397000,70623000,70623000,70623000,0,0,0.115,102922000,126674000,34392000,0.0,3.249,32.983,32.363,183625000,0,97.09,3.785,3.711,109700000,448693000,615388000,615388000,0,0.064,0.104,0.139,0.185,7331000,102922000,1.0,23991435,23521615,23784636,26.163,644004000,0,34261000,12036000,27.158,354822000
