ticker,dimension,calendardate,datekey,reportperiod,lastupdated,accoci,assets,assetsavg,assetsc,assetsnc,assetturnover,bvps,capex,cashneq,cashnequsd,cor,consolinc,currentratio,de,debt,debtc,debtnc,debtusd,deferredrev,depamor,deposits,divyield,dps,ebit,ebitda,ebitdamargin,ebitdausd,ebitusd,ebt,eps,epsdil,epsusd,equity,equityavg,equityusd,ev,evebit,evebitda,fcf,fcfps,fxusd,gp,grossmargin,intangibles,intexp,invcap,invcapavg,inventory,investments,investmentsc,investmentsnc,liabilities,liabilitiesc,liabilitiesnc,marketcap,ncf,ncfbus,ncfcommon,ncfdebt,ncfdiv,ncff,ncfi,ncfinv,ncfo,ncfx,netinc,netinccmn,netinccmnusd,netincdis,netincnci,netmargin,opex,opinc,payables,payoutratio,pb,pe,pe1,ppnenet,prefdivis,price,ps,ps1,receivables,retearn,revenue,revenueusd,rnd,roa,roe,roic,ros,sbcomp,sgna,sharefactor,sharesbas,shareswa,shareswadil,sps,tangibles,taxassets,taxexp,taxliabilities,tbvps,workingcapital
RRGB,MRY,2011-12-31,2011-12-25,2011-12-25,2018-02-28,-326000,592976000,584784500,80647000,512329000,1.564,19.613,-44085000,35036000,35036000,720589000,20577000,0.757,1.012,156931000,10132000,146799000,156931000,24139000,55272000,0,0.0,0.0,27973000,83245000,0.091,83245000,27973000,22088000,1.36,1.34,1.36,294698000,299699500,294698000,554407166,19,6.66,51612000,3.413,1.0,194261000,0.212,100738000,5885000,507647000,507262000,18040000,0,0,0,298278000,106486000,191792000,424448166,17147000,0,-30008000,-5187000,0,-35195000,-43355000,0,95697000,0,20577000,20577000,20577000,0,0,0.022,166260000,28001000,14798000,0.0,1.44,20.627,21.287,402360000,0,28.95,0.464,0.479,14785000,200181000,914850000,914850000,0,0.035,0.069,0.055,0.031,5540000,103124000,1.0,14661422,15122000,15357000,60.498,492238000,2816000,1511000,0,32.759,-25839000
RRGB,MRY,2012-12-31,2012-12-30,2012-12-30,2018-02-28,5000,597132000,587395750,74504000,522628000,1.663,21.778,-59960000,22440000,22440000,762183000,28331000,0.728,0.946,134995000,784000,134211000,134995000,28187000,55468000,0,0.0,0.0,42519000,97987000,0.1,97987000,42519000,36857000,1.97,1.93,1.97,306919000,308120250,306919000,584777166,13,5.968,34419000,2.388,1.0,214949000,0.22,99728000,5662000,507676000,489630750,18371000,0,0,0,290213000,102283000,187930000,479672166,-12596000,-3247000,-20672000,-22998000,0,-43670000,-63305000,0,94379000,0,28331000,28331000,28331000,0,0,0.029,169740000,45209000,14241000,0.0,1.563,16.931,17.086,413258000,0,33.66,0.491,0.496,16386000,228512000,977132000,977132000,0,0.048,0.092,0.087,0.044,5654000,110798000,1.0,14250510,14411000,14669000,67.805,497404000,3868000,8526000,0,35.294,-27779000
RRGB,MRY,2013-12-31,2013-12-29,2013-12-29,2018-02-28,-25000,634645000,603651000,80646000,553999000,1.685,24.238,-78876000,17108000,17108000,782908000,32239000,0.576,0.827,87888000,0,87888000,87888000,35740000,58200000,0,0.0,0.0,43941000,102141000,0.1,102141000,43941000,41249000,2.27,2.22,2.27,347403000,336278500,347403000,1151216655,26,11.271,34653000,2.436,1.0,234339000,0.23,99325000,2692000,466188000,457766500,21992000,0,0,0,287242000,139912000,147330000,1079050655,-5332000,0,3172000,-47283000,0,-40630000,-78231000,0,113529000,0,32239000,32239000,32239000,0,0,0.032,190525000,43814000,19117000,0.0,3.106,33.47,33.132,444727000,0,75.21,1.061,1.052,22568000,260751000,1017247000,1017247000,0,0.053,0.096,0.096,0.043,2161000,124278000,1.0,14347170,14225000,14510000,71.511,535320000,2952000,9010000,0,37.349,-59266000
RRGB,MRY,2014-12-31,2014-12-28,2014-12-28,2018-02-28,-1924000,735889000,692929500,99932000,635957000,1.654,25.605,-107703000,22408000,22408000,887584000,32561000,0.611,1.045,147313000,0,147313000,147313000,45049000,64579000,0,0.0,0.0,44904000,109483000,0.096,109483000,44904000,41859000,2.29,2.25,2.29,359771000,359263750,359771000,1206699965,26,11.022,15878000,1.115,1.0,258518000,0.226,126594000,3045000,570531000,541782500,25947000,0,0,0,376118000,163669000,212449000,1071193965,5300000,-47511000,-23666000,58493000,0,37051000,-155278000,0,123581000,-54000,32561000,32561000,32561000,0,0,0.028,213834000,44684000,28522000,0.0,2.977,32.898,33.371,496262000,0,76.42,0.935,0.949,23740000,293312000,1146102000,1146102000,0,0.047,0.091,0.083,0.039,4170000,132158000,1.0,14017194,14237000,14447000,80.502,609295000,4677000,9298000,0,43.363,-63737000
RRGB,MRY,2015-12-31,2015-12-27,2015-12-27,2018-02-28,-5379000,839979000,786117250,96740000,743239000,1.6,27.079,-166284000,22705000,22705000,958928000,47704000,0.544,1.244,210316000,0,210316000,210316000,48392000,77374000,0,0.0,0.0,66916000,144290000,0.115,144290000,66916000,63236000,3.4,3.36,3.4,374311000,385337750,374311000,1011890056,15,7.013,-25361000,-1.806,1.0,298664000,0.237,121530000,3680000,728387000,647986250,28223000,0,0,0,465668000,177673000,287995000,861304056,297000,-2532000,-35844000,62631000,0,28767000,-169111000,0,140923000,-282000,47704000,47704000,47704000,0,0,0.038,231619000,67045000,23392000,0.0,2.301,18.055,18.188,603686000,0,61.84,0.685,0.69,27760000,341016000,1257592000,1257592000,0,0.061,0.124,0.103,0.053,4724000,146656000,1.0,13927944,14042000,14216000,89.559,718449000,0,15532000,0,51.975,-80933000
RRGB,MRY,2016-12-31,2016-12-25,2016-12-25,2018-02-28,-5008000,918545000,918799000,92846000,825699000,1.411,26.95,-159413000,11732000,11732000,1012616000,11725000,0.658,1.639,347180000,0,347180000,347180000,50199000,86695000,0,0.0,0.0,12027000,98722000,0.076,98722000,12027000,4788000,0.88,0.87,0.88,348053000,372532000,348053000,1026148729,85,10.394,-60456000,-4.535,1.0,283825000,0.219,138205000,7239000,974779000,911781000,29899000,0,0,0,570492000,141009000,429483000,725831729,-10973000,-39966000,-42878000,131800000,0,89333000,-199379000,0,98957000,116000,11725000,11725000,11725000,0,0,0.009,272255000,11570000,26602000,0.0,2.085,61.905,64.148,656439000,0,56.45,0.56,0.581,24166000,352741000,1296441000,1296441000,0,0.013,0.031,0.013,0.009,4545000,137887000,1.0,12857958,13332000,13462000,97.243,780340000,0,-6937000,0,60.421,-48163000
RRGB,MRY,2017-12-31,2017-12-31,2017-12-31,2018-02-28,-3566000,910615000,905047000,104804000,805811000,1.526,29.959,-83290000,17714000,17714000,1086849000,30019000,0.654,1.35,276572000,0,276572000,276572000,55915000,92545000,0,0.0,0.0,39975000,132520000,0.096,132520000,39975000,29020000,2.33,2.31,2.33,387435000,374525250,387435000,1001669599,25,7.559,73317000,5.684,1.0,294080000,0.213,135252000,10955000,873882000,886385250,29553000,0,0,0,523180000,160339000,362841000,729592599,5982000,0,3405000,-71329000,0,-67924000,-83290000,0,156607000,589000,30019000,30019000,30019000,0,0,0.022,255048000,39032000,35347000,0.0,1.883,24.304,24.206,638151000,0,56.4,0.528,0.527,26499000,382760000,1380929000,1380929000,0,0.033,0.08,0.045,0.029,4788000,150019000,1.0,12936039,12899000,12998000,107.057,775363000,0,-999000,0,59.957,-55535000
