ticker,dimension,calendardate,datekey,reportperiod,lastupdated,accoci,assets,assetsavg,assetsc,assetsnc,assetturnover,bvps,capex,cashneq,cashnequsd,cor,consolinc,currentratio,de,debt,debtc,debtnc,debtusd,deferredrev,depamor,deposits,divyield,dps,ebit,ebitda,ebitdamargin,ebitdausd,ebitusd,ebt,eps,epsdil,epsusd,equity,equityavg,equityusd,ev,evebit,evebitda,fcf,fcfps,fxusd,gp,grossmargin,intangibles,intexp,invcap,invcapavg,inventory,investments,investmentsc,investmentsnc,liabilities,liabilitiesc,liabilitiesnc,marketcap,ncf,ncfbus,ncfcommon,ncfdebt,ncfdiv,ncff,ncfi,ncfinv,ncfo,ncfx,netinc,netinccmn,netinccmnusd,netincdis,netincnci,netmargin,opex,opinc,payables,payoutratio,pb,pe,pe1,ppnenet,prefdivis,price,ps,ps1,receivables,retearn,revenue,revenueusd,rnd,roa,roe,roic,ros,sbcomp,sgna,sharefactor,sharesbas,shareswa,shareswadil,sps,tangibles,taxassets,taxexp,taxliabilities,tbvps,workingcapital
RSTI,MRY,2011-12-31,2011-09-30,2011-09-30,2017-06-05,10446000,653946000,629447500,467269000,186677000,0.95,21.851,-21361000,127412000,127412000,365684000,61073000,3.489,0.282,22863000,8121000,14742000,22863000,0,13027000,0,0.0,0.0,86835000,99862000,0.167,99862000,86835000,86102000,2.11,2.06,2.11,622189000,495261000,622189000,447898172,5,4.485,28610000,1.006,1.0,232079000,0.388,102657000,733000,312799000,305365000,188847000,6664000,2964000,3700000,175329000,133941000,41388000,546696172,16784000,-11161000,-1626000,-3245000,0,-4735000,-28514000,4008000,49971000,62000,60032000,60032000,60032000,0,1041000,0.1,148416000,83663000,27393000,0.0,0.879,9.107,9.1,65554000,0,19.2,0.915,0.913,125054000,393523000,597763000,597763000,38337000,0.095,0.121,0.284,0.145,5200000,107510000,1.0,28473759,28440185,29104945,21.018,551289000,29336000,26070000,20621000,19.361,333328000
RSTI,MRY,2012-12-31,2012-09-30,2012-09-30,2017-06-05,-4236000,652532000,635886250,439522000,213010000,0.849,17.198,-27110000,98735000,98735000,343769000,35212000,3.642,0.325,22545000,16883000,5662000,22545000,0,13924000,0,0.0,0.0,52391000,66315000,0.123,66315000,52391000,51710000,1.21,1.2,1.21,488577000,484158750,488577000,486700501,9,7.339,-5134000,-0.18,1.0,196352000,0.364,113553000,681000,342094000,333946750,202188000,5628000,2428000,3200000,158613000,120695000,37918000,563231501,-28677000,-13413000,-10212000,466000,0,-9451000,-39389000,1134000,21976000,-1813000,34530000,34530000,34530000,0,682000,0.064,145971000,50381000,26742000,0.0,1.153,16.311,16.306,80001000,0,19.73,1.043,1.041,113351000,428053000,540121000,540121000,42604000,0.054,0.071,0.157,0.097,4466000,101088000,1.0,28546959,28498395,28744267,18.953,538979000,30967000,17180000,12806000,18.972,318827000
RSTI,MRY,2013-12-31,2013-09-30,2013-09-30,2017-06-05,11533000,699910000,674150750,481292000,218618000,0.831,19.141,-16040000,133733000,133733000,363559000,35016000,4.435,0.29,18622000,3709000,14913000,18622000,0,15318000,0,0.0,0.0,49489000,64807000,0.116,64807000,49489000,48894000,1.23,1.22,1.23,539766000,515868750,539766000,587455932,11,9.065,40984000,1.454,1.0,196509000,0.351,115078000,595000,361207000,352275750,198460000,5144000,3244000,1900000,156492000,108514000,47978000,682871932,34998000,0,-1177000,-3991000,0,-9428000,-15522000,518000,57024000,2924000,34755000,34755000,34755000,0,261000,0.062,147293000,49216000,24927000,0.0,1.265,19.648,19.683,86912000,0,24.21,1.219,1.219,118563000,462808000,560068000,560068000,43014000,0.052,0.067,0.14,0.088,3929000,101726000,1.0,28206193,28188849,28391762,19.868,584832000,36264000,14139000,14981000,20.74,372778000
RSTI,MRY,2014-12-31,2014-09-30,2014-09-30,2017-06-05,-14072000,688585000,702941750,473875000,214710000,0.754,19.201,-10158000,128537000,128537000,341202000,25152000,4.746,0.279,14766000,3255000,11511000,14766000,0,17312000,0,0.0,0.0,37415000,54727000,0.103,54727000,37415000,36696000,0.9,0.89,0.9,537803000,548242250,537803000,535175755,14,9.779,25386000,0.904,1.0,188915000,0.356,116067000,719000,358894000,367212500,190321000,13121000,13121000,0,149876000,99853000,50023000,645886755,-5196000,-5891000,-3847000,-1951000,0,-10661000,-24221000,-8172000,35544000,-5858000,25168000,25168000,25168000,0,-16000,0.047,154857000,34058000,23145000,0.0,1.201,25.663,25.622,79703000,0,23.06,1.218,1.221,112911000,487976000,530117000,530117000,45900000,0.036,0.046,0.102,0.071,4282000,106051000,1.0,28008966,28073081,28222191,18.883,572518000,40426000,11528000,17612000,20.441,374022000
RSTI,MRY,2015-12-31,2015-09-30,2015-09-30,2017-06-05,-57517000,706491000,686102000,488576000,217915000,0.757,19.236,-33471000,169729000,169729000,323165000,41221000,4.457,0.302,23311000,5226000,18085000,23311000,0,16190000,0,0.0,0.0,57414000,73604000,0.142,73604000,57414000,57005000,1.47,1.46,1.47,542119000,527424000,542119000,590544151,10,8.023,35108000,1.248,1.0,196478000,0.378,108308000,409000,342147000,344465000,181025000,5833000,5833000,0,163882000,109618000,54264000,730754151,41192000,0,2109000,10824000,0,11723000,-26938000,6533000,68579000,-12172000,41258000,41258000,41258000,0,-37000,0.079,140449000,56029000,23742000,0.0,1.348,17.712,17.639,92573000,0,25.93,1.406,1.404,96093000,529234000,519643000,519643000,39987000,0.06,0.078,0.167,0.11,4189000,97405000,1.0,28181803,28127733,28270944,18.474,598183000,0,15747000,7998000,21.226,378958000
