ticker,dimension,calendardate,datekey,reportperiod,lastupdated,accoci,assets,assetsavg,assetsc,assetsnc,assetturnover,bvps,capex,cashneq,cashnequsd,cor,consolinc,currentratio,de,debt,debtc,debtnc,debtusd,deferredrev,depamor,deposits,divyield,dps,ebit,ebitda,ebitdamargin,ebitdausd,ebitusd,ebt,eps,epsdil,epsusd,equity,equityavg,equityusd,ev,evebit,evebitda,fcf,fcfps,fxusd,gp,grossmargin,intangibles,intexp,invcap,invcapavg,inventory,investments,investmentsc,investmentsnc,liabilities,liabilitiesc,liabilitiesnc,marketcap,ncf,ncfbus,ncfcommon,ncfdebt,ncfdiv,ncff,ncfi,ncfinv,ncfo,ncfx,netinc,netinccmn,netinccmnusd,netincdis,netincnci,netmargin,opex,opinc,payables,payoutratio,pb,pe,pe1,ppnenet,prefdivis,price,ps,ps1,receivables,retearn,revenue,revenueusd,rnd,roa,roe,roic,ros,sbcomp,sgna,sharefactor,sharesbas,shareswa,shareswadil,sps,tangibles,taxassets,taxexp,taxliabilities,tbvps,workingcapital
RUTH,MRY,2011-12-31,2011-12-25,2011-12-25,2018-05-10,0,240220000,239411000,27069000,213151000,1.534,2.918,-8975000,3925000,3925000,290563000,19549000,0.408,1.171,22000000,0,22000000,22000000,30082000,14859000,0,0.0,0.0,24104000,38963000,0.106,38963000,24104000,21212000,0.39,0.39,0.39,99640000,95081500,99640000,230378628,9,5.913,30362000,0.891,1.0,76774000,0.209,71443000,2892000,120533000,143315250,7358000,0,0,0,116689000,66319000,50370000,193526628,-1093000,0,78000,-29000000,-2500000,-31455000,-8975000,0,39337000,0,19549000,16703000,16703000,-396000,0,0.045,52578000,24196000,8014000,0.0,1.942,11.586,14.077,99154000,2846000,5.49,0.527,0.51,12715000,-101225000,367337000,367337000,0,0.07,0.176,0.168,0.066,2531000,34551000,1.0,35250752,34093104,43252101,10.775,168777000,40551000,1663000,0,4.942,-39250000
RUTH,MRY,2012-12-31,2012-12-30,2012-12-30,2018-05-10,0,229702000,230973750,31996000,197706000,1.343,2.347,-11296000,7909000,7909000,233835000,16379000,0.429,1.845,45000000,0,45000000,45000000,31214000,14556000,0,0.0,0.0,26598000,41154000,0.133,41154000,26598000,24234000,-0.58,-0.58,-0.58,80733000,76272500,80733000,322281796,12,7.831,42028000,1.225,1.0,76450000,0.246,71004000,2364000,121140000,159870250,7921000,0,0,0,148969000,74649000,74320000,257193796,3984000,0,393000,23000000,-1103000,-38044000,-11296000,0,53324000,0,16379000,-19984000,-19984000,-187000,0,-0.064,48939000,27511000,13126000,0.0,3.186,-12.87,-12.483,89979000,36363000,7.24,0.829,0.801,11295000,-87015000,310285000,310285000,0,-0.087,-0.262,0.166,0.086,2322000,34770000,1.0,35524005,34313636,34313636,9.043,158698000,35675000,7855000,0,4.613,-42653000
RUTH,MRY,2013-12-31,2013-12-29,2013-12-29,2018-05-10,0,228081000,224328750,38990000,189091000,1.437,2.878,-14207000,10586000,10586000,239050000,22489000,0.484,1.266,19000000,0,19000000,19000000,31836000,13060000,0,0.008,0.12,34873000,47933000,0.149,47933000,34873000,33233000,0.65,0.63,0.65,100653000,96811250,100653000,566099623,16,11.81,33589000,0.966,1.0,83304000,0.258,70377000,1640000,85515000,116817250,7913000,0,0,0,127428000,80603000,46825000,534376623,2677000,0,208000,-26000000,-4278000,-30912000,-14207000,0,47796000,0,22489000,22489000,22489000,2004000,0,0.07,46350000,36954000,14965000,0.185,5.309,23.762,23.092,91470000,0,15.01,1.658,1.619,13409000,-68804000,322354000,322354000,0,0.1,0.232,0.299,0.108,2343000,37149000,1.0,35601374,34761160,35784430,9.273,157704000,29582000,10744000,0,4.509,-41613000
RUTH,MRY,2014-12-31,2014-12-28,2014-12-28,2018-05-10,0,218567000,216978750,48375000,170192000,1.595,2.777,-17216000,4301000,4301000,259501000,16455000,0.559,1.269,13000000,0,13000000,13000000,34552000,13185000,0,0.014,0.2,29444000,42629000,0.123,42629000,29444000,28285000,0.47,0.46,0.47,96311000,100496000,96311000,535295272,18,12.557,26132000,0.748,1.0,86596000,0.25,59305000,1159000,81480000,98985500,7206000,0,0,0,122256000,86481000,35775000,508781272,-6285000,-2800000,-15226000,-6000000,-7138000,-29617000,-20016000,0,43348000,0,16455000,16455000,16455000,10255000,0,0.048,46934000,39662000,13414000,0.426,5.283,30.92,30.617,80354000,0,14.39,1.47,1.453,20458000,-59489000,346097000,346097000,0,0.076,0.164,0.297,0.085,2821000,34387000,1.0,35356586,34955760,35415483,9.901,159262000,28829000,11830000,0,4.592,-38106000
RUTH,MRY,2015-12-31,2015-12-27,2015-12-27,2018-05-10,0,198597000,191741500,30584000,168013000,1.948,2.92,-20292000,3095000,3095000,273948000,30004000,0.393,1.029,0,0,0,0,35202000,12520000,0,0.015,0.24,44962000,57482000,0.154,57482000,44962000,44172000,0.88,0.87,0.88,97902000,101800000,97902000,564086239,12,9.813,34295000,1.008,1.0,99485000,0.266,59504000,790000,58126000,65912000,7479000,0,0,0,100695000,77872000,22823000,561878239,-1206000,10000000,-23502000,-13000000,-8349000,-45501000,-10292000,0,54587000,0,30004000,30004000,30004000,162000,0,0.08,54719000,44766000,10018000,0.273,5.739,18.727,18.239,87984000,0,16.05,1.505,1.462,18501000,-37832000,373433000,373433000,0,0.156,0.295,0.682,0.12,4087000,41167000,1.0,35007990,34018582,34434407,10.977,139093000,19309000,14168000,0,4.149,-47288000
RUTH,MRY,2016-12-31,2016-12-25,2016-12-25,2018-05-10,0,207472000,195439500,34420000,173052000,1.975,2.581,-25409000,3788000,3788000,280074000,30465000,0.433,1.626,25000000,0,25000000,25000000,38155000,13434000,0,0.015,0.28,47279000,60713000,0.157,60713000,47279000,46125000,0.96,0.95,0.96,79009000,82626500,79009000,616008624,13,10.146,30885000,0.975,1.0,105873000,0.274,59388000,1154000,89881000,74825750,7396000,0,0,0,128463000,79415000,49048000,581962624,693000,0,-44857000,25000000,-9195000,-30192000,-25409000,0,56294000,0,30465000,30465000,30465000,290000,0,0.079,58314000,47559000,7064000,0.292,7.366,19.103,19.01,103041000,0,18.25,1.508,1.498,20790000,-16562000,385947000,385947000,0,0.156,0.369,0.632,0.123,5834000,42894000,1.0,31888363,31670189,32108965,12.186,148084000,9924000,15660000,0,4.838,-44995000
RUTH,MRY,2017-12-31,2017-12-31,2017-12-31,2018-05-10,0,242096000,207168750,37045000,205051000,2.002,2.658,-21255000,4051000,4051000,301805000,30137000,0.418,2.045,50000000,0,50000000,50000000,42596000,14995000,0,0.017,0.36,46627000,61622000,0.149,61622000,46627000,45806000,0.99,0.97,0.99,79504000,83546500,79504000,702311224,15,11.397,47438000,1.563,1.0,113018000,0.272,87248000,821000,112272000,94643250,8688000,0,0,0,162592000,88525000,74067000,677173224,263000,-35357000,-22943000,25000000,-11383000,-11818000,-56612000,0,68693000,0,30137000,30137000,30137000,108000,0,0.073,66336000,46682000,10510000,0.364,8.517,22.47,21.869,112212000,0,21.65,1.632,1.584,21626000,2191000,414823000,414823000,0,0.145,0.361,0.493,0.112,6763000,45424000,1.0,31278209,30346999,30916364,13.669,154848000,4947000,15669000,0,5.176,-51480000
