ticker,dimension,calendardate,datekey,reportperiod,lastupdated,accoci,assets,assetsavg,assetsc,assetsnc,assetturnover,bvps,capex,cashneq,cashnequsd,cor,consolinc,currentratio,de,debt,debtc,debtnc,debtusd,deferredrev,depamor,deposits,divyield,dps,ebit,ebitda,ebitdamargin,ebitdausd,ebitusd,ebt,eps,epsdil,epsusd,equity,equityavg,equityusd,ev,evebit,evebitda,fcf,fcfps,fxusd,gp,grossmargin,intangibles,intexp,invcap,invcapavg,inventory,investments,investmentsc,investmentsnc,liabilities,liabilitiesc,liabilitiesnc,marketcap,ncf,ncfbus,ncfcommon,ncfdebt,ncfdiv,ncff,ncfi,ncfinv,ncfo,ncfx,netinc,netinccmn,netinccmnusd,netincdis,netincnci,netmargin,opex,opinc,payables,payoutratio,pb,pe,pe1,ppnenet,prefdivis,price,ps,ps1,receivables,retearn,revenue,revenueusd,rnd,roa,roe,roic,ros,sbcomp,sgna,sharefactor,sharesbas,shareswa,shareswadil,sps,tangibles,taxassets,taxexp,taxliabilities,tbvps,workingcapital
RYAAY,MRY,2011-12-31,2011-03-31,2011-03-31,2017-07-26,0,8596000000,8079700000,3477600000,5118400000,0.449,2.039,-897200000,2940600000,4172638186,2320500000,374600000,1.893,1.91,3649400000,336700000,3312700000,5178407739,0,277700000,0,0.143,4.08,514800000,792500000,0.218,1124537768,730488382,420900000,1.29,1.29,1.83,2953900000,2901250000,4191510555,8406891851,11,7.476,-110900000,-0.077,0.705,1309000000,0.361,46800000,93900000,7420800000,6765300000,2700000,114000000,0,114000000,5642100000,1837200000,3804900000,8222883800,550400000,0,27400000,710700000,-500000000,238100000,-474000000,398300000,786300000,0,374600000,374600000,531548073,0,0,0.103,820800000,488200000,150800000,2.229,1.962,15.47,15.577,4933700000,0,28.513,1.597,8.02,50600000,1967600000,3629500000,5150170135,0,0.046,0.129,0.076,0.142,3300000,530700000,0.2,1441962537,1448558000,1452847000,3.555,8549200000,500000,46300000,267700000,5.902,1640400000
RYAAY,MRY,2012-12-31,2012-03-31,2012-03-31,2017-07-26,0,9001000000,8798500000,3876000000,5125000000,0.499,2.301,-290400000,3515600000,4688129255,2802800000,560400000,2.136,1.722,3625200000,368400000,3256800000,4834283245,0,309200000,0,0.0,0.0,742200000,1051400000,0.239,1402064825,989739883,633000000,1.95,1.95,2.6,3306700000,3130300000,4409556550,11826872245,11,8.435,729900000,0.508,0.75,1587400000,0.362,46800000,109200000,7248800000,7334800000,2800000,149700000,0,149700000,5694300000,1815000000,3879300000,10808355589,680000000,0,-117500000,-37400000,0,-154900000,-185400000,97200000,1020300000,0,560400000,560400000,747305619,0,0,0.128,904200000,683200000,181200000,0.0,2.451,14.463,14.31,4925200000,0,37.21,1.846,9.133,51500000,2400100000,4390200000,5854427425,0,0.064,0.179,0.101,0.169,-700000,595000000,0.2,1452335543,1436858000,1440075000,4.074,8954200000,9300000,72600000,319400000,6.232,2061000000
RYAAY,MRY,2013-12-31,2013-03-31,2013-03-31,2017-07-26,0,8943000000,8972000000,3763600000,5179400000,0.544,2.326,-310700000,3559000000,4562691821,3202700000,569300000,1.969,1.733,3498300000,399900000,3098400000,4484873503,0,329600000,0,0.053,2.26,750200000,1079800000,0.221,1384319929,961767745,650900000,2.02,2.02,2.59,3272600000,3289650000,4195522690,12297807689,12,8.884,712800000,0.507,0.78,1681300000,0.344,46800000,99300000,6923800000,7086300000,2700000,221200000,0,221200000,5670400000,1911700000,3758700000,12162937293,-1467400000,0,-46100000,-131800000,-491500000,-669400000,-1821500000,-1521200000,1023500000,0,569300000,569300000,729851209,0,0,0.117,963100000,718200000,138300000,0.873,2.899,16.665,16.547,4906300000,0,42.851,1.943,9.629,56100000,2418600000,4884000000,6261361859,0,0.063,0.173,0.106,0.154,1900000,633500000,0.2,1419203430,1407022000,1411215000,4.45,8896200000,0,81600000,346800000,6.323,1851900000
RYAAY,MRY,2014-12-31,2014-03-31,2014-03-31,2017-07-26,0,8812100000,8877550000,3444300000,5367800000,0.567,2.323,-505800000,3241700000,4457617772,3369900000,522800000,1.514,1.682,3083600000,467900000,2615700000,4240216603,0,351800000,0,0.0,0.0,674600000,1026400000,0.204,1411388741,927633324,591400000,1.85,1.84,2.544,3285800000,3279200000,4518259085,16939704107,18,12.002,538800000,0.381,0.727,1666800000,0.331,46800000,83200000,6332700000,6628250000,2500000,260300000,0,260300000,5526300000,2274500000,3251800000,17020222716,489200000,0,-465300000,-390800000,0,-856100000,300700000,795100000,1044600000,0,522800000,522800000,718895200,0,0,0.104,1008200000,658600000,150000000,0.0,3.767,23.676,23.711,5060300000,0,60.318,2.457,12.32,58100000,2465100000,5036700000,6925897965,0,0.059,0.159,0.102,0.134,1900000,656400000,0.2,1410875459,1414600000,1418200000,4.896,8765300000,1100000,68600000,368600000,6.196,1169800000
RYAAY,MRY,2015-12-31,2015-03-31,2015-03-31,2017-07-26,0,12185400000,10498750000,5742000000,6443400000,0.539,2.914,-788500000,4795900000,5193054415,3496600000,866700000,1.716,2.02,4431600000,399600000,4032000000,4798586281,0,377700000,0,0.032,2.17,1056600000,1434300000,0.254,1553076158,1144098353,982400000,3.13,3.12,3.389,4035100000,3660450000,4369251625,18259736291,15,11.757,900900000,0.651,0.924,2157400000,0.382,46800000,74200000,8428300000,7380500000,2100000,371000000,0,371000000,8150300000,3346000000,4804300000,18471755828,-545500000,0,-617900000,1271200000,0,653300000,-2888200000,-2106300000,1689400000,0,866700000,866700000,938472499,0,0,0.153,1114500000,1042900000,196500000,0.64,4.228,19.683,20.206,5471100000,0,68.482,3.017,15.489,60100000,2706200000,5654000000,6122214738,0,0.083,0.237,0.143,0.187,500000,736800000,0.2,1348656727,1384700000,1387600000,4.421,12138600000,800000,115700000,462300000,8.766,2396000000
RYAAY,MRY,2016-12-31,2016-03-31,2016-03-31,2017-07-26,0,11218300000,11701850000,4821500000,6396800000,0.559,2.682,-1217700000,4334500000,4906438646,3770300000,1559100000,1.431,2.119,4023000000,449900000,3573100000,4553836123,0,427300000,0,0.039,3.34,1793000000,2220300000,0.34,2513269287,2029586917,1721900000,5.81,5.78,6.577,3596800000,3815950000,4071398898,22654844507,11,9.014,628600000,0.469,0.883,2765500000,0.423,46800000,71100000,7490500000,7959400000,3300000,0,0,0,7621500000,3369500000,4252000000,23055033452,74600000,0,-1103200000,-384900000,0,-1488100000,-283600000,940400000,1846300000,0,1559100000,1559100000,1764823738,0,0,0.239,1305400000,1460100000,230600000,0.508,5.663,13.064,13.049,6261500000,0,85.82,3.116,15.556,66100000,3166100000,6535800000,7398200878,0,0.133,0.409,0.225,0.274,5900000,878100000,0.2,1343220313,1341000000,1348400000,5.517,11171500000,0,162800000,406400000,8.331,1452000000
RYAAY,MRY,2017-12-31,2017-03-31,2017-03-31,2017-07-26,0,11989700000,11604000000,4706100000,7283600000,0.573,3.539,-1449800000,4140300000,4453851118,3661000000,1315900000,1.563,1.711,4384500000,455900000,3928600000,4716544750,0,497500000,0,0.0,0.0,1537500000,2035000000,0.306,2189113597,1653937177,1470300000,5.26,5.23,5.658,4423000000,4009900000,4757960413,21078848719,12,9.629,477400000,0.382,0.93,2986800000,0.449,46800000,67200000,9175300000,8332900000,3100000,0,0,0,7566700000,3011800000,4554900000,21421118799,-35200000,0,-1017900000,346300000,0,-671600000,-1290800000,157800000,1927200000,0,1315900000,1315900000,1415555077,0,0,0.198,1452800000,1534000000,294100000,0.0,4.502,15.133,14.665,7213800000,0,82.98,2.995,14.501,54300000,3456800000,6647800000,7151247848,0,0.113,0.328,0.185,0.231,5700000,955300000,0.2,1290739865,1249700000,1257500000,5.722,11942900000,0,154400000,476000000,9.557,1694300000
