ticker,dimension,calendardate,datekey,reportperiod,lastupdated,accoci,assets,assetsavg,assetsc,assetsnc,assetturnover,bvps,capex,cashneq,cashnequsd,cor,consolinc,currentratio,de,debt,debtc,debtnc,debtusd,deferredrev,depamor,deposits,divyield,dps,ebit,ebitda,ebitdamargin,ebitdausd,ebitusd,ebt,eps,epsdil,epsusd,equity,equityavg,equityusd,ev,evebit,evebitda,fcf,fcfps,fxusd,gp,grossmargin,intangibles,intexp,invcap,invcapavg,inventory,investments,investmentsc,investmentsnc,liabilities,liabilitiesc,liabilitiesnc,marketcap,ncf,ncfbus,ncfcommon,ncfdebt,ncfdiv,ncff,ncfi,ncfinv,ncfo,ncfx,netinc,netinccmn,netinccmnusd,netincdis,netincnci,netmargin,opex,opinc,payables,payoutratio,pb,pe,pe1,ppnenet,prefdivis,price,ps,ps1,receivables,retearn,revenue,revenueusd,rnd,roa,roe,roic,ros,sbcomp,sgna,sharefactor,sharesbas,shareswa,shareswadil,sps,tangibles,taxassets,taxexp,taxliabilities,tbvps,workingcapital
S,MRY,2011-12-31,2011-12-31,2011-12-31,2018-02-06,-792000000,49383000000,48940250000,10337000000,39046000000,0.688,3.812,-3388000000,5447000000,5447000000,19015000000,-2890000000,1.591,3.322,20274000000,8000000,20266000000,20274000000,0,4858000000,0,0.0,0.0,-1625000000,3233000000,0.096,3233000000,-1625000000,-2636000000,-0.96,-0.96,-0.96,11427000000,12983500000,11427000000,21778213064,-13,6.736,303000000,0.101,1.0,14664000000,0.435,22428000000,1011000000,35283000000,33371500000,913000000,2146000000,150000000,1996000000,37956000000,6499000000,31457000000,7010213064,274000000,-331000000,18000000,94000000,0,26000000,-3443000000,150000000,3691000000,0,-2890000000,-2890000000,-2890000000,0,0,-0.086,14556000000,108000000,2348000000,0.0,0.613,-2.426,-2.438,14009000000,0,2.34,0.208,0.208,3206000000,-40489000000,33679000000,33679000000,0,-0.059,-0.223,-0.049,-0.048,73000000,9592000000,1.0,2995817549,2995000000,2995000000,11.245,26955000000,130000000,254000000,6986000000,8.991,3838000000
S,MRY,2012-12-31,2012-12-31,2012-12-31,2018-02-06,-1133000000,51570000000,50045750000,13759000000,37811000000,0.706,2.358,-4459000000,6351000000,6351000000,20841000000,-4326000000,1.55,6.277,24341000000,379000000,23962000000,24341000000,0,6543000000,0,0.0,0.0,-2744000000,3799000000,0.107,3799000000,-2744000000,-4172000000,-1.44,-1.44,-1.44,7087000000,8851000000,7087000000,32695161487,-11,8.606,-1460000000,-0.486,1.0,14504000000,0.41,22371000000,1428000000,38315000000,36041750000,1200000000,2902000000,1849000000,1053000000,44483000000,8874000000,35609000000,17036161487,904000000,-228000000,29000000,4385000000,0,4280000000,-6375000000,-1699000000,2999000000,0,-4326000000,-4326000000,-4326000000,0,0,-0.122,16606000000,-2102000000,3487000000,0.0,2.404,-3.938,-3.938,13607000000,0,5.67,0.482,0.482,3658000000,-44815000000,35345000000,35345000000,0,-0.086,-0.489,-0.076,-0.078,82000000,9765000000,1.0,3004614019,3002000000,3002000000,11.774,29199000000,0,154000000,7047000000,9.717,4885000000
S,MRY,2013-12-31,2013-12-31,2013-12-31,2018-02-06,102000000,86095000000,68797500000,13058000000,73037000000,0.246,6.484,-3993000000,6364000000,6364000000,9777000000,-1860000000,1.224,2.365,33011000000,994000000,32017000000,33011000000,0,2934000000,0,0.0,0.0,-897000000,2037000000,0.121,2037000000,-897000000,-1815000000,-0.54,-0.54,-0.54,25584000000,15880250000,25584000000,66713763118,-74,32.751,-4054000000,-1.167,1.0,7114000000,0.421,56272000000,918000000,45801000000,41269500000,1205000000,1248000000,1105000000,143000000,60511000000,10669000000,49842000000,42270763118,6359000000,-14112000000,18567000000,6122000000,0,24528000000,-18108000000,-4000000,-61000000,0,-1860000000,-1860000000,-1860000000,0,0,-0.11,8084000000,-970000000,3312000000,0.0,1.652,-22.726,-19.907,16164000000,0,10.75,2.503,2.212,3570000000,-1887000000,16891000000,16891000000,0,-0.027,-0.117,-0.022,-0.053,98000000,4841000000,1.0,3932164011,3475000000,3475000000,4.861,29823000000,186000000,45000000,14227000000,7.558,2389000000
S,MRY,2015-12-31,2015-03-31,2015-03-31,2018-02-06,-408000000,82841000000,83752000000,9777000000,73064000000,0.412,5.48,-6167000000,4010000000,4010000000,18969000000,-3345000000,0.894,2.816,33642000000,1300000000,32342000000,33642000000,0,5349000000,0,0.0,0.0,-1868000000,3481000000,0.101,3481000000,-1868000000,-3919000000,-0.85,-0.85,-0.85,21710000000,23456500000,21710000000,47767168330,-25,13.722,-3717000000,-0.94,1.0,15563000000,0.451,52455000000,2051000000,49078000000,47947500000,1359000000,166000000,166000000,0,61131000000,10940000000,50191000000,18760168330,-960000000,0,0,1356000000,0,1304000000,-4714000000,1054000000,2450000000,0,-3345000000,-3345000000,-3345000000,0,0,-0.097,17349000000,-1786000000,4347000000,0.0,0.864,-5.608,-5.576,19721000000,0,4.74,0.543,0.543,2290000000,-5383000000,34532000000,34532000000,0,-0.04,-0.143,-0.039,-0.054,86000000,9563000000,1.0,3957841420,3953000000,3953000000,8.736,30386000000,62000000,-574000000,13898000000,7.669,-1163000000
S,MRY,2016-12-31,2016-03-31,2016-03-31,2018-02-06,-439000000,78975000000,80204000000,6833000000,72142000000,0.401,4.984,-7070000000,2641000000,2641000000,15234000000,-1995000000,0.571,2.992,33958000000,4690000000,29268000000,33958000000,0,7088000000,0,0.0,0.0,328000000,7416000000,0.23,7416000000,328000000,-1854000000,-0.5,-0.5,-0.5,19783000000,20749500000,19783000000,45397856847,138,6.122,-3173000000,-0.799,1.0,16946000000,0.527,51117000000,2182000000,47212000000,49992500000,1173000000,0,0,0,59192000000,11963000000,47229000000,13819856847,-1369000000,0,0,456000000,0,469000000,-5735000000,1302000000,3897000000,0,-1995000000,-1995000000,-1995000000,0,0,-0.062,15976000000,970000000,2899000000,0.0,0.699,-6.927,-6.96,20297000000,0,3.48,0.429,0.429,1099000000,-7378000000,32180000000,32180000000,0,-0.025,-0.096,0.007,0.01,75000000,8479000000,1.0,3971223232,3969000000,3969000000,8.108,27858000000,0,141000000,13959000000,7.019,-5130000000
S,MRY,2017-12-31,2017-03-31,2017-03-31,2018-02-06,-404000000,85123000000,81910250000,14117000000,71006000000,0.407,4.717,-3958000000,2870000000,2870000000,14938000000,-1206000000,1.133,3.526,40914000000,5036000000,35878000000,40914000000,0,8150000000,0,0.0,0.0,1724000000,9874000000,0.296,9874000000,1724000000,-771000000,-0.3,-0.3,-0.3,18808000000,19182250000,18808000000,68214610506,39,6.909,210000000,0.053,1.0,18409000000,0.552,50484000000,2495000000,60225000000,52550000000,1064000000,5444000000,5444000000,0,66315000000,12458000000,53857000000,34608610506,229000000,0,0,5549000000,0,5286000000,-9225000000,-5444000000,4168000000,0,-1206000000,-1206000000,-1206000000,0,0,-0.036,16210000000,2199000000,3281000000,0.0,1.84,-28.697,-28.933,19209000000,0,8.68,1.038,1.036,4138000000,-8584000000,33347000000,33347000000,0,-0.015,-0.063,0.033,0.052,93000000,7994000000,1.0,3987167109,3981000000,3981000000,8.377,34639000000,0,435000000,14416000000,8.688,1659000000
