ticker,dimension,calendardate,datekey,reportperiod,lastupdated,accoci,assets,assetsavg,assetsc,assetsnc,assetturnover,bvps,capex,cashneq,cashnequsd,cor,consolinc,currentratio,de,debt,debtc,debtnc,debtusd,deferredrev,depamor,deposits,divyield,dps,ebit,ebitda,ebitdamargin,ebitdausd,ebitusd,ebt,eps,epsdil,epsusd,equity,equityavg,equityusd,ev,evebit,evebitda,fcf,fcfps,fxusd,gp,grossmargin,intangibles,intexp,invcap,invcapavg,inventory,investments,investmentsc,investmentsnc,liabilities,liabilitiesc,liabilitiesnc,marketcap,ncf,ncfbus,ncfcommon,ncfdebt,ncfdiv,ncff,ncfi,ncfinv,ncfo,ncfx,netinc,netinccmn,netinccmnusd,netincdis,netincnci,netmargin,opex,opinc,payables,payoutratio,pb,pe,pe1,ppnenet,prefdivis,price,ps,ps1,receivables,retearn,revenue,revenueusd,rnd,roa,roe,roic,ros,sbcomp,sgna,sharefactor,sharesbas,shareswa,shareswadil,sps,tangibles,taxassets,taxexp,taxliabilities,tbvps,workingcapital
SANW,MRY,2011-12-31,2011-06-30,2011-06-30,2018-05-11,0,15157261,16882694,11617416,3539845,0.216,2.511,-392958,3738544,3738544,2280855,-811448,19.525,0.041,0,0,0,0,0,242431,0,0.0,0.0,-1504003,-1261572,-0.346,-1261572,-1504003,-1497025,-0.14,-0.14,-0.14,14562264,14825876,14562264,20864561,-13,-16.539,-4091973,-0.706,1.0,1360525,0.374,502436,-6978,10321284,9119690,5664119,0,0,0,594997,594997,0,24998000,-4091973,0,0,0,0,0,-392958,0,-3699015,0,-811448,-811448,-811448,0,0,-0.223,2858822,-1498297,425937,0.0,1.717,-30.807,-30.786,2299306,0,4.31,6.865,6.865,1803909,-48252,3641380,3641380,450016,-0.048,-0.055,-0.165,-0.413,122185,2166375,1.0,5800000,5800000,5800000,0.628,14654825,870065,-685577,0,2.527,11022419
SANW,MRY,2012-12-31,2012-06-30,2012-06-30,2018-05-11,0,22033695,19825653,17423189,4610506,0.714,3.238,-378484,8235495,8235495,10239914,374835,9.154,0.095,0,0,0,0,0,272855,0,0.0,0.0,595082,867937,0.061,867937,595082,574145,0.06,0.06,0.06,20130432,16625061,20130432,24841334,41,28.621,-344360,-0.058,1.0,3907703,0.276,606653,20937,11288284,9629986,6116785,0,0,0,1903263,1903263,0,31068170,4496951,0,0,5006311,0,5006311,-543484,0,34124,0,374835,374835,374835,0,0,0.026,3288089,619614,1448751,0.0,1.543,82.885,88.167,2441186,0,5.29,2.196,2.208,2716985,326583,14147617,14147617,242523,0.019,0.023,0.062,0.042,187022,2772711,1.0,5873000,5904110,5906899,2.396,21427042,680063,199310,0,3.447,15519926
SANW,MRY,2013-12-31,2013-06-30,2013-06-30,2018-05-11,-2103836,85583219,51576925,51767558,33815661,0.724,5.707,-7738876,11781074,11781074,33743221,-2516027,1.712,0.71,12171744,7502786,4668958,12171744,0,694595,0,0.0,0.0,-3632241,-2937646,-0.079,-2937646,-3632241,-3859150,-0.29,-0.29,-0.29,50057063,34958080,50057063,86107626,-23,-29.312,-12717467,-1.45,1.0,3595037,0.096,20072885,226909,35666369,27746362,25822467,0,0,0,35526156,30234635,5291521,97078973,3545579,-8057500,0,14895931,0,24469054,-15796376,0,-4978591,-148508,-2516027,-2516027,-2516027,0,0,-0.067,6963305,-3368268,20406164,0.0,1.939,-38.584,-28.897,10239435,0,8.38,2.6,1.969,12700106,-2189444,37338258,37338258,505872,-0.049,-0.072,-0.131,-0.097,1053895,5762838,1.0,11584603,8770975,8770975,4.257,65510334,2875616,-1343123,299682,7.469,21532923
SANW,MRY,2014-12-31,2014-06-30,2014-06-30,2018-05-11,-1668767,89300409,81649254,55440255,33860154,0.631,4.439,-409584,1167503,1167503,41561736,373100,1.677,0.734,20609035,16156404,4452631,20609035,0,1265739,0,0.0,0.0,1113506,2379245,0.046,2379245,1113506,460216,0.03,0.03,0.03,51514235,50478007,51514235,90552075,81,38.059,-18276622,-1.579,1.0,9971907,0.194,19530233,653290,56156031,49420622,28485584,0,0,0,37786174,33055677,4730497,75602418,-10613571,-354525,-134196,8168099,0,7944391,-764109,0,-17867038,73185,373100,373100,373100,0,0,0.007,8909972,1061935,16080543,0.0,1.468,202.633,216.333,10356809,0,6.49,1.467,1.457,24255596,-1816344,51533643,51533643,840578,0.005,0.007,0.023,0.022,872711,6815576,1.0,11649063,11572406,11733621,4.453,69770176,2967153,87116,0,6.012,22384578
SANW,MRY,2015-12-31,2015-06-30,2015-06-30,2018-05-11,-5096586,122343067,117948741,56869653,65473414,0.689,3.552,5504187,3535458,3535458,64607502,-3163127,1.339,1.358,44704307,25245194,19459113,44704307,525530,2179638,0,0.0,0.0,756115,2935753,0.036,2935753,756115,-4009106,-0.25,-0.25,-0.25,51875605,50913193,51875605,106106150,140,36.143,16616537,1.3,1.0,16601401,0.204,47635195,4765221,73392532,72236763,25521747,0,0,0,70467462,42484189,27983273,64769765,2367955,-36693863,5241936,17277838,0,22405272,-31189676,0,11112350,40009,-3163127,-3163127,-3163127,0,0,-0.039,14215523,2385878,14851530,0.0,1.249,-20.476,-19.52,11476936,0,4.88,0.798,0.768,26728741,-4979471,81208903,81208903,1890234,-0.027,-0.062,0.01,0.009,896882,9620807,1.0,13272493,12785450,12785450,6.352,74707872,4346664,-845979,0,5.115,14385464
SANW,MRY,2016-12-31,2016-06-30,2016-06-30,2018-05-11,-5789663,127004985,132878547,57588509,69416476,0.723,4.007,-2559644,6904500,6904500,77653646,365227,1.391,0.874,34917508,23803175,11114333,34917508,509857,3185126,0,0.0,0.0,3947592,7132718,0.074,7132718,3947592,-2038152,0.02,0.02,0.02,67761444,60223777,67761444,109369400,27,15.333,4155338,0.278,1.0,18390608,0.191,47299067,5985744,66320830,66393561,21846130,0,0,0,59243541,41398096,17845445,73405060,3369042,-1000000,13310898,-12634327,0,567374,-3875644,-316000,6714982,-37670,365227,365227,365227,0,0,0.004,16347194,2043414,14699904,0.0,1.083,200.985,218.0,12600106,0,4.36,0.764,0.678,27619599,-4614244,96044254,96044254,2764358,0.003,0.006,0.059,0.041,1190126,10397863,1.0,16836023,14936311,14936311,6.43,79705918,7279923,-2403379,0,4.713,16190413
SANW,MRY,2017-12-31,2017-06-30,2017-06-30,2018-05-11,-5538385,117100288,136714183,56724192,60376096,0.551,3.405,-2239188,745001,745001,59232846,-11822042,1.105,0.913,38805603,37709448,1096155,38805603,880326,3325743,0,0.0,0.0,-1693369,1632374,0.022,1632374,-1693369,-4194337,-0.67,-0.67,-0.67,61221655,67385703,61221655,118763339,-70,72.755,-12539348,-0.708,1.0,16140964,0.214,45231344,2500968,58616615,63427614,31489945,0,0,0,55878633,51312931,4565702,74615676,-6159499,0,603862,5742546,0,6202881,-2239188,0,-10300160,176968,-11822042,-11822042,-11822042,0,0,-0.157,18549420,-2408456,7489439,0.0,1.219,-6.312,-6.194,13581576,0,4.15,0.99,0.976,23239325,-16436286,75373810,75373810,3032112,-0.086,-0.175,-0.027,-0.022,1409368,11794026,1.0,17979681,17718057,17718057,4.254,71868944,0,7627705,0,3.997,5411261
