ticker,dimension,calendardate,datekey,reportperiod,lastupdated,accoci,assets,assetsavg,assetsc,assetsnc,assetturnover,bvps,capex,cashneq,cashnequsd,cor,consolinc,currentratio,de,debt,debtc,debtnc,debtusd,deferredrev,depamor,deposits,divyield,dps,ebit,ebitda,ebitdamargin,ebitdausd,ebitusd,ebt,eps,epsdil,epsusd,equity,equityavg,equityusd,ev,evebit,evebitda,fcf,fcfps,fxusd,gp,grossmargin,intangibles,intexp,invcap,invcapavg,inventory,investments,investmentsc,investmentsnc,liabilities,liabilitiesc,liabilitiesnc,marketcap,ncf,ncfbus,ncfcommon,ncfdebt,ncfdiv,ncff,ncfi,ncfinv,ncfo,ncfx,netinc,netinccmn,netinccmnusd,netincdis,netincnci,netmargin,opex,opinc,payables,payoutratio,pb,pe,pe1,ppnenet,prefdivis,price,ps,ps1,receivables,retearn,revenue,revenueusd,rnd,roa,roe,roic,ros,sbcomp,sgna,sharefactor,sharesbas,shareswa,shareswadil,sps,tangibles,taxassets,taxexp,taxliabilities,tbvps,workingcapital
SEV,MRY,2011-12-31,2011-09-30,2011-09-30,2017-08-14,-6608000,22947000,21973250,16508000,6439000,1.469,2.212,643000,1797000,1797000,20987000,712000,2.747,2.064,1852000,39000,1813000,1852000,0,654000,0,0.0,0.0,1033000,1687000,0.052,1687000,1033000,969000,0.21,0.2,0.21,7490000,7349250,7490000,22429844,21,13.296,-604000,-0.178,1.0,11299000,0.35,1435000,64000,15557000,14378750,7478000,0,0,0,15457000,6010000,9447000,21270844,994000,0,0,1662000,0,1662000,643000,0,-1247000,-64000,712000,712000,712000,0,0,0.022,10229000,1070000,3800000,0.0,2.84,29.875,29.408,2247000,0,6.176,0.659,0.648,5952000,8467000,32286000,32286000,0,0.032,0.097,0.072,0.032,186000,10676000,1.0,3444331,3385575,3420425,9.536,21512000,2699000,257000,65000,6.354,10498000
SEV,MRY,2012-12-31,2012-09-30,2012-09-30,2017-08-14,-9023000,23561000,23195000,16949000,6612000,1.531,1.899,-406000,2823000,2823000,23345000,1195000,3.36,2.637,1817000,43000,1774000,1817000,0,598000,0,0.0,0.0,1737000,2335000,0.066,2335000,1737000,1596000,0.35,0.34,0.35,6479000,7825250,6479000,16541233,9,7.084,1100000,0.322,1.0,12170000,0.343,1435000,141000,16076000,16729750,6346000,0,0,0,17082000,5044000,12038000,16556233,1026000,0,-69000,-39000,0,-108000,-406000,0,1506000,34000,1195000,1195000,1195000,0,0,0.034,11464000,706000,3198000,0.0,2.555,13.855,13.24,2145000,0,4.634,0.466,0.445,5858000,9662000,35515000,35515000,0,0.052,0.153,0.104,0.049,242000,11464000,1.0,3572661,3412225,3464500,10.408,22126000,3002000,401000,0,6.484,11905000
SEV,MRY,2013-12-31,2013-09-30,2013-09-30,2017-08-14,-7419000,23360000,22407000,16750000,6610000,1.437,2.15,-431000,2062000,2062000,20404000,-1071000,2.764,2.236,1774000,46000,1728000,1774000,0,601000,0,0.0,0.0,-1362000,-761000,-0.024,-761000,-1362000,-1463000,-0.32,-0.32,-0.32,7218000,6011000,7218000,17293783,-12,-22.725,-840000,-0.25,1.0,11799000,0.366,1435000,101000,15577000,15680250,5723000,0,0,0,16142000,6060000,10082000,16850783,-761000,0,-71000,-41000,0,-112000,-431000,0,-409000,191000,-1071000,-1071000,-1071000,0,0,-0.033,12747000,-948000,3880000,0.0,2.335,-15.734,-14.787,1969000,0,4.732,0.523,0.493,7103000,8591000,32203000,32203000,3916000,-0.048,-0.178,-0.087,-0.042,262000,8226000,1.0,3561248,3357000,3369000,9.593,21925000,3152000,-392000,47000,6.531,10690000
SEV,MRY,2014-12-31,2014-09-30,2014-09-30,2017-08-14,-8829000,33967000,26773500,26120000,7847000,1.416,4.792,-744000,11238000,11238000,23133000,731000,4.162,1.071,1728000,28000,1700000,1728000,0,608000,0,0.0,0.0,1153000,1761000,0.046,1761000,1153000,1017000,0.27,0.19,0.27,16342000,10208000,16342000,30301700,26,17.207,-404000,-0.119,1.0,14790000,0.39,1435000,136000,16746000,16889750,6258000,0,0,0,17505000,6276000,11229000,29862700,9176000,321000,-63000,-47000,0,9235000,-423000,0,340000,24000,932000,909000,909000,0,-201000,0.024,13765000,1025000,4405000,0.0,1.827,32.852,30.185,2105000,23000,8.15,0.787,0.73,6877000,9495000,37923000,37923000,3964000,0.034,0.089,0.068,0.03,320000,9801000,1.0,3664135,3398000,4856000,11.16,32532000,4432000,85000,7000,9.54,19844000
SEV,MRY,2015-12-31,2015-09-30,2015-09-30,2017-08-14,-11004000,35616000,33072500,26637000,8979000,1.244,4.49,-1309000,8048000,8048000,25308000,1539000,3.187,1.261,500000,0,500000,500000,0,637000,0,0.0,0.0,2057000,2694000,0.065,2694000,2057000,1981000,0.33,0.32,0.33,15712000,16716500,15712000,26714057,12,9.916,-1470000,-0.424,1.0,15834000,0.385,1435000,76000,18276000,16782500,6790000,0,0,0,19820000,8357000,11463000,34762057,-3190000,0,-98000,-1228000,-263000,-1575000,-1309000,0,-161000,-145000,1575000,1135000,1135000,0,-36000,0.028,13940000,1894000,6384000,0.0,2.212,30.627,28.515,2625000,440000,9.41,0.845,0.793,9462000,10607000,41142000,41142000,3677000,0.034,0.068,0.123,0.05,554000,10263000,1.0,3694122,3469000,4929000,11.86,34181000,4476000,406000,0,9.769,18280000
SEV,MRY,2016-12-31,2016-09-30,2016-09-30,2017-08-14,-13420000,68973000,56558500,43588000,25385000,0.881,5.241,-1432000,14127000,14127000,33693000,-5866000,2.704,2.171,17370000,300000,17070000,17370000,0,1767000,0,0.0,0.0,-5391000,-3624000,-0.073,-3624000,-5391000,-5814000,-1.51,-1.51,-1.51,21739000,18582500,21739000,60604094,-11,-16.723,-7637000,-1.841,1.0,16108000,0.323,16979000,423000,39120000,35660250,13666000,0,0,0,47202000,16117000,31085000,47074094,6079000,-9255000,9219000,15012000,-434000,23797000,-10687000,0,-6205000,-826000,-5813000,-6246000,-6246000,0,-53000,-0.125,21442000,-5334000,10820000,0.0,2.165,-7.537,-5.834,3843000,433000,8.81,0.945,0.734,12193000,4344000,49801000,49801000,5870000,-0.11,-0.336,-0.151,-0.108,754000,14037000,1.0,5343257,4148000,4148000,12.006,51994000,4289000,-1000,1583000,12.535,27471000
