ticker,dimension,calendardate,datekey,reportperiod,lastupdated,accoci,assets,assetsavg,assetsc,assetsnc,assetturnover,bvps,capex,cashneq,cashnequsd,cor,consolinc,currentratio,de,debt,debtc,debtnc,debtusd,deferredrev,depamor,deposits,divyield,dps,ebit,ebitda,ebitdamargin,ebitdausd,ebitusd,ebt,eps,epsdil,epsusd,equity,equityavg,equityusd,ev,evebit,evebitda,fcf,fcfps,fxusd,gp,grossmargin,intangibles,intexp,invcap,invcapavg,inventory,investments,investmentsc,investmentsnc,liabilities,liabilitiesc,liabilitiesnc,marketcap,ncf,ncfbus,ncfcommon,ncfdebt,ncfdiv,ncff,ncfi,ncfinv,ncfo,ncfx,netinc,netinccmn,netinccmnusd,netincdis,netincnci,netmargin,opex,opinc,payables,payoutratio,pb,pe,pe1,ppnenet,prefdivis,price,ps,ps1,receivables,retearn,revenue,revenueusd,rnd,roa,roe,roic,ros,sbcomp,sgna,sharefactor,sharesbas,shareswa,shareswadil,sps,tangibles,taxassets,taxexp,taxliabilities,tbvps,workingcapital
SGMA,MRY,2011-12-31,2011-04-30,2011-04-30,2018-03-14,0,102903729,104815254,75869040,27034689,1.448,12.935,-4920081,4138102,4138102,135940878,1978034,3.128,1.069,26439274,1093252,25346022,26439274,0,4440426,0,0.0,0.0,4335900,8776326,0.058,8776326,4335900,3181548,0.52,0.51,0.52,49743577,49188642,49743577,47784889,11,5.445,-5105148,-1.333,1.0,15787206,0.104,199675,1154352,100749376,105686998,45021840,0,0,0,53160152,24255850,28904302,20223966,85530,0,92679,5097999,0,5190678,-4920081,0,-185067,0,1978034,1978034,1978034,0,0,0.013,11460908,4326298,18830629,0.0,0.407,10.224,10.173,26189150,0,5.29,0.133,0.133,23823008,29955656,151728084,151728084,0,0.019,0.04,0.041,0.029,9657,11460908,1.0,3823056,3828638,3890949,39.63,102704054,1963745,1203514,2835721,26.707,51613190
SGMA,MRY,2012-12-31,2012-04-30,2012-04-30,2018-03-14,0,99146883,100978103,74139130,25007753,1.551,13.053,-2307143,4668931,4668931,141381443,1134324,3.018,0.943,19328180,346285,18981895,19328180,0,4182694,0,0.0,0.0,2681820,6864514,0.044,6864514,2681820,1656495,0.29,0.29,0.29,51021071,50373270,51021071,34194412,12,4.981,7501167,1.934,1.0,15254541,0.097,86925,1025325,89152245,101303999,37838378,0,0,0,48125812,24566962,23558850,14739086,530829,0,99656,-7111094,0,-6970338,-2307143,0,9808310,0,1134324,1134324,1134324,0,0,0.007,12611673,2642868,20233521,0.0,0.289,12.994,13.0,24373494,0,3.77,0.094,0.093,28154880,31089979,156635984,156635984,0,0.011,0.023,0.026,0.017,2414,12611673,1.0,3909572,3878207,3906279,40.389,99059958,2306404,522171,3477819,25.342,49572168
SGMA,MRY,2013-12-31,2013-04-30,2013-04-30,2018-03-14,0,117588917,114249009,78939507,38649410,1.737,13.201,-7149043,4607731,4607731,178513888,492961,2.07,1.262,21481895,329657,21152238,21481895,0,4654888,0,0.0,0.0,1646450,6301338,0.032,6301338,1646450,814324,0.13,0.12,0.13,51983731,51636918,51983731,36428853,22,5.781,-3438512,-0.875,1.0,19925646,0.1,9172333,832126,87161589,89898856,50644741,0,0,0,65605186,38129159,27476027,16232560,-61200,1142597,39900,2153715,0,2234715,-6006446,0,3710531,0,492961,492961,492961,0,0,0.002,18358354,1567292,31347354,0.0,0.312,32.929,31.769,28567052,0,4.13,0.082,0.082,19945520,31582940,198439534,198439534,0,0.004,0.01,0.018,0.008,219688,18358354,1.0,3930402,3930268,4003887,50.49,108416584,1858835,321363,2946710,27.532,40810348
SGMA,MRY,2014-12-31,2014-04-30,2014-04-30,2018-03-14,0,125479431,123169838,83170480,42308951,1.806,13.892,-8366039,5440319,5440319,199658942,2918691,2.247,1.265,29513479,2891978,26621501,29513479,1163819,5138343,0,0.0,0.0,3750862,8889205,0.04,8889205,3750862,2784824,0.74,0.72,0.74,55406343,54210171,55406343,67013165,17,7.539,-6409208,-1.615,1.0,22826998,0.103,8825653,966038,103716140,99755686,53728377,0,0,0,70073088,37010798,33062290,41105664,832588,0,-141617,7442501,0,7241796,-8366039,0,1956831,0,2918691,2918691,2918691,0,0,0.013,19200514,3626484,27141079,0.0,0.742,14.084,13.946,32692908,0,10.32,0.185,0.184,19650537,34501631,222485940,222485940,0,0.024,0.054,0.038,0.017,-56696,19200514,1.0,3983107,3969391,4074487,56.05,116653778,2524993,-133867,3298596,29.249,46159682
SGMA,MRY,2015-12-31,2015-04-30,2015-04-30,2018-03-14,0,138326553,133874048,94379147,43947406,1.72,13.958,-4802389,2868217,2868217,208168323,903412,2.17,1.44,36065338,1410632,34654706,36065338,999929,5413882,0,0.0,0.0,2785784,8199666,0.036,8199666,2785784,1704461,0.22,0.22,0.22,56685387,56081083,56685387,65934642,23,8.041,-7710883,-1.905,1.0,22068838,0.096,8397043,1081323,119636999,114259591,68669709,0,0,0,81641166,43489632,38151534,32678109,-2572102,0,184775,5144743,0,5138781,-4802389,0,-2908494,0,903412,903412,903412,0,0,0.004,19431637,2637201,35838275,0.0,0.576,36.172,36.597,33864527,0,8.051,0.142,0.142,20656808,35405043,230237161,230237161,0,0.007,0.016,0.024,0.012,121594,19431637,1.0,4058737,4046988,4116424,56.891,129929510,446981,801049,878290,31.994,50889515
SGMA,MRY,2016-12-31,2016-04-30,2016-04-30,2018-03-14,0,136749341,139463684,94090884,42658457,1.821,14.393,-3049943,4325268,4325268,228385615,2082659,2.046,1.276,28329808,1539898,26789910,28329808,795289,5590275,0,0.0,0.0,4490184,10080459,0.04,10080459,4490184,3485196,0.5,0.49,0.5,60075878,59329082,60075878,52826319,11,5.24,10246918,2.46,1.0,25518531,0.101,7926144,1004988,106841428,110124848,67649022,887531,887531,0,76673463,45986309,30687154,25659208,1457051,0,577466,-8931478,0,-8789867,-3049943,0,13296861,0,2082659,2082659,2082659,0,0,0.008,21194211,4324320,37011786,0.0,0.427,12.32,12.3,33080858,0,6.15,0.101,0.101,18326088,37487702,253904146,253904146,0,0.015,0.035,0.041,0.018,657645,21194211,1.0,4172229,4164815,4224030,60.964,128823197,1007904,1402537,1355620,30.863,48104575
SGMA,MRY,2017-12-31,2017-04-30,2017-04-30,2018-03-14,0,151185664,143575894,109031913,42153751,1.757,14.773,-3505486,3493324,3493324,228194867,1390206,1.961,1.444,32619837,2062766,30557071,32619837,555348,5198886,0,0.0,0.0,3633536,8832422,0.035,8832422,3633536,2497683,0.33,0.33,0.33,61872145,60787448,61872145,50396272,13,5.706,-3559247,-0.85,1.0,24040927,0.095,7436134,1135853,117264829,114906008,73571238,887531,887531,0,89313519,55611214,33702305,22650658,-831944,0,12667,3195993,0,2727303,-3505486,0,-53761,0,1390206,1390206,1390206,0,0,0.006,20774729,3266198,44859344,0.0,0.366,16.293,16.394,33008714,0,5.41,0.09,0.09,27768942,38877908,252235794,252235794,0,0.01,0.023,0.032,0.014,393432,20774729,1.0,4186813,4186183,4213592,60.254,143749530,575878,1107477,1431159,34.322,53420699
