ticker,dimension,calendardate,datekey,reportperiod,lastupdated,accoci,assets,assetsavg,assetsc,assetsnc,assetturnover,bvps,capex,cashneq,cashnequsd,cor,consolinc,currentratio,de,debt,debtc,debtnc,debtusd,deferredrev,depamor,deposits,divyield,dps,ebit,ebitda,ebitdamargin,ebitdausd,ebitusd,ebt,eps,epsdil,epsusd,equity,equityavg,equityusd,ev,evebit,evebitda,fcf,fcfps,fxusd,gp,grossmargin,intangibles,intexp,invcap,invcapavg,inventory,investments,investmentsc,investmentsnc,liabilities,liabilitiesc,liabilitiesnc,marketcap,ncf,ncfbus,ncfcommon,ncfdebt,ncfdiv,ncff,ncfi,ncfinv,ncfo,ncfx,netinc,netinccmn,netinccmnusd,netincdis,netincnci,netmargin,opex,opinc,payables,payoutratio,pb,pe,pe1,ppnenet,prefdivis,price,ps,ps1,receivables,retearn,revenue,revenueusd,rnd,roa,roe,roic,ros,sbcomp,sgna,sharefactor,sharesbas,shareswa,shareswadil,sps,tangibles,taxassets,taxexp,taxliabilities,tbvps,workingcapital
SHLD,MRY,2011-12-31,2012-01-28,2012-01-28,2018-03-23,-1609000000,21381000000,23902000000,10244000000,11137000000,1.739,40.311,-360000000,754000000,754000000,30966000000,-3147000000,1.112,3.98,3493000000,1405000000,2088000000,3493000000,964000000,853000000,0,0.0,0.0,-1482000000,-629000000,-0.015,-629000000,-1482000000,-1771000000,-29.4,-29.4,-29.4,4281000000,7136250000,4281000000,8629136148,-5,-13.719,-635000000,-5.946,1.0,10601000000,0.255,3778000000,289000000,11130000000,12779500000,8407000000,0,0,0,17040000000,9212000000,7828000000,4709136148,-612000000,0,-183000000,273000000,0,-28000000,-309000000,0,-275000000,0,-3140000000,-3140000000,-3140000000,0,-7000000,-0.076,12102000000,-1501000000,2912000000,0.0,1.1,-1.5,-1.499,6577000000,0,44.06,0.113,0.113,695000000,1865000000,41567000000,41567000000,0,-0.131,-0.44,-0.116,-0.036,0,10664000000,1.0,106880076,106800000,106800000,389.204,17603000000,0,1369000000,1855000000,165.753,1032000000
SHLD,MRY,2012-12-31,2013-02-02,2013-02-02,2018-03-23,-1459000000,19340000000,20983000000,9265000000,10075000000,1.899,26.015,154000000,618000000,618000000,29340000000,-1054000000,1.101,5.869,3120000000,1177000000,1943000000,3120000000,931000000,830000000,0,0.0,0.0,-619000000,211000000,0.005,211000000,-619000000,-886000000,-8.78,-8.78,-8.78,2755000000,3932500000,2755000000,8431539086,-13,39.96,-149000000,-1.407,1.0,10514000000,0.264,3260000000,267000000,10168000000,10706250000,7558000000,0,0,0,16168000000,8414000000,7754000000,5060539086,-138000000,0,0,-414000000,0,-27000000,191000000,37000000,-303000000,1000000,-930000000,-930000000,-930000000,0,-124000000,-0.023,11352000000,-838000000,2761000000,0.0,1.837,-5.441,-5.416,6053000000,0,47.55,0.127,0.126,635000000,885000000,39854000000,39854000000,0,-0.044,-0.236,-0.058,-0.016,0,10660000000,1.0,106425638,105900000,105900000,376.336,16080000000,0,44000000,1817000000,151.841,851000000
SHLD,MRY,2013-12-31,2014-02-01,2014-02-01,2018-03-23,-1117000000,18261000000,19286000000,8959000000,9302000000,1.876,16.39,666000000,1038000000,1038000000,27433000000,-1116000000,1.095,9.246,4249000000,1415000000,2834000000,4249000000,900000000,732000000,0,0.0,0.0,-967000000,-235000000,-0.006,-235000000,-967000000,-1221000000,-12.87,-12.87,-12.87,1739000000,2452750000,1739000000,7959638836,-8,-33.871,-443000000,-4.175,1.0,8755000000,0.242,3229000000,254000000,10058000000,10541000000,7034000000,0,0,0,16078000000,8185000000,7893000000,3871638836,419000000,0,0,1135000000,0,902000000,664000000,-2000000,-1109000000,-38000000,-1365000000,-1365000000,-1365000000,0,249000000,-0.038,9682000000,-927000000,2496000000,0.0,2.226,-2.836,-2.826,5394000000,0,36.37,0.107,0.107,553000000,-480000000,36188000000,36188000000,0,-0.071,-0.557,-0.092,-0.027,0,9384000000,1.0,106451439,106100000,106100000,341.074,15032000000,0,144000000,1956000000,141.678,774000000
SHLD,MRY,2014-12-31,2015-01-31,2015-01-31,2018-03-23,-2030000000,13185000000,15430500000,5863000000,7322000000,2.022,-8.946,154000000,250000000,250000000,24049000000,-1810000000,1.048,-14.858,3776000000,689000000,3087000000,3776000000,818000000,581000000,0,0.299,9.526,-1244000000,-663000000,-0.021,-663000000,-1244000000,-1557000000,-15.82,-15.82,-15.82,-951000000,389000000,-951000000,8005205231,-6,-12.074,-1233000000,-11.599,1.0,7149000000,0.229,2366000000,313000000,8750000000,9131000000,4943000000,0,0,0,14130000000,5595000000,8535000000,3391205231,-778000000,-207000000,0,-199000000,0,285000000,327000000,380000000,-1387000000,-3000000,-1682000000,-1682000000,-1682000000,0,-128000000,-0.054,8657000000,-1508000000,1621000000,-0.602,-3.566,-2.016,-2.013,4449000000,0,31.84,0.109,0.108,429000000,-2162000000,31198000000,31198000000,0,-0.109,-4.324,-0.136,-0.04,0,8220000000,1.0,106507702,106300000,106300000,293.49,10819000000,0,125000000,1575000000,101.778,268000000
SHLD,MRY,2015-12-31,2016-01-30,2016-01-30,2018-03-23,-1918000000,11337000000,12632250000,6045000000,5292000000,1.991,-18.363,2519000000,238000000,238000000,19336000000,-1128000000,1.112,-6.772,3140000000,868000000,2272000000,3140000000,787000000,422000000,0,0.0,0.0,-1063000000,-641000000,-0.025,-641000000,-1063000000,-1386000000,-10.59,-10.59,-10.59,-1963000000,-1336000000,-1963000000,4559381736,-4,-7.113,352000000,3.302,1.0,5810000000,0.231,2178000000,323000000,6623000000,7570000000,5172000000,0,0,0,13293000000,5438000000,7855000000,1808381736,-12000000,0,0,-364000000,0,-364000000,2519000000,0,-2167000000,0,-1129000000,-1129000000,-1129000000,0,1000000,-0.045,6810000000,-1000000000,1574000000,0.0,-0.921,-1.602,-1.601,2631000000,0,16.95,0.072,0.072,419000000,-3291000000,25146000000,25146000000,0,-0.089,0.845,-0.14,-0.042,0,6857000000,1.0,106689188,106600000,106600000,235.891,9159000000,0,-257000000,1177000000,85.678,607000000
SHLD,MRY,2016-12-31,2017-01-28,2017-01-28,2018-03-23,-1552000000,9362000000,10504000000,4996000000,4366000000,2.108,-35.772,244000000,286000000,286000000,17452000000,-2221000000,1.067,-3.448,4398000000,590000000,3808000000,4398000000,748000000,375000000,0,0.0,0.0,-1991000000,-1616000000,-0.073,-1616000000,-1991000000,-2395000000,-20.78,-20.78,-20.78,-3824000000,-3063000000,-3824000000,4999186729,-2,-3.094,-1137000000,-10.636,1.0,4686000000,0.212,1790000000,404000000,7003000000,7284000000,3959000000,0,0,0,13186000000,4681000000,8505000000,794186729,48000000,0,0,1185000000,0,1185000000,244000000,0,-1381000000,0,-2221000000,-2221000000,-2221000000,0,0,-0.1,6664000000,-1978000000,1048000000,0.0,-0.208,-0.358,-0.357,2240000000,0,7.42,0.036,0.036,466000000,-5512000000,22138000000,22138000000,0,-0.211,0.725,-0.273,-0.09,0,6109000000,1.0,107033252,106900000,106900000,207.091,7572000000,0,-174000000,1082000000,70.833,315000000
SHLD,MRY,2017-12-31,2018-02-03,2018-02-03,2018-03-23,-1072000000,7262000000,8219250000,3812000000,3450000000,2.032,-34.568,1029000000,336000000,336000000,13175000000,-383000000,0.776,-2.951,4379000000,1883000000,2496000000,4379000000,641000000,332000000,0,0.0,0.0,-442000000,-110000000,-0.007,-110000000,-442000000,-981000000,-3.57,-3.57,-3.57,-3723000000,-3727000000,-3723000000,4548354168,-10,-41.349,-813000000,-7.57,1.0,3527000000,0.211,1437000000,539000000,4953000000,5722500000,2798000000,0,0,0,10985000000,4915000000,6070000000,252354168,50000000,572000000,0,-2000000,0,-2000000,1894000000,293000000,-1842000000,0,-383000000,-383000000,-383000000,0,0,-0.023,3957000000,-430000000,576000000,0.0,-0.068,-0.659,-0.657,1729000000,0,2.345,0.015,0.015,343000000,-5895000000,16702000000,16702000000,0,-0.047,0.103,-0.077,-0.026,0,5131000000,1.0,107613718,107400000,107400000,155.512,5825000000,0,-598000000,373000000,54.085,-1103000000
