ticker,dimension,calendardate,datekey,reportperiod,lastupdated,accoci,assets,assetsavg,assetsc,assetsnc,assetturnover,bvps,capex,cashneq,cashnequsd,cor,consolinc,currentratio,de,debt,debtc,debtnc,debtusd,deferredrev,depamor,deposits,divyield,dps,ebit,ebitda,ebitdamargin,ebitdausd,ebitusd,ebt,eps,epsdil,epsusd,equity,equityavg,equityusd,ev,evebit,evebitda,fcf,fcfps,fxusd,gp,grossmargin,intangibles,intexp,invcap,invcapavg,inventory,investments,investmentsc,investmentsnc,liabilities,liabilitiesc,liabilitiesnc,marketcap,ncf,ncfbus,ncfcommon,ncfdebt,ncfdiv,ncff,ncfi,ncfinv,ncfo,ncfx,netinc,netinccmn,netinccmnusd,netincdis,netincnci,netmargin,opex,opinc,payables,payoutratio,pb,pe,pe1,ppnenet,prefdivis,price,ps,ps1,receivables,retearn,revenue,revenueusd,rnd,roa,roe,roic,ros,sbcomp,sgna,sharefactor,sharesbas,shareswa,shareswadil,sps,tangibles,taxassets,taxexp,taxliabilities,tbvps,workingcapital
SIF,MRY,2011-12-31,2011-09-30,2011-09-30,2018-05-05,-12702000,80011000,79990500,39658000,40353000,1.342,10.15,-3147000,6431000,6431000,80916000,7449000,2.748,0.498,1216000,30000,1186000,1216000,0,4386000,0,0.008,0.15,11366000,15752000,0.147,15752000,11366000,11238000,1.41,1.4,1.41,53409000,52214500,53409000,92479383,8,5.871,7073000,1.342,1.0,26441000,0.246,11999000,128000,48363000,51020500,10239000,0,0,0,26602000,14434000,12168000,96757383,-12210000,-22566000,0,1072000,-789000,283000,-22713000,3000000,10220000,-30000,7449000,7449000,7449000,0,0,0.069,15586000,10855000,9778000,0.106,1.812,12.989,13.007,27558000,0,18.34,0.901,0.9,20739000,54122000,107357000,107357000,0,0.093,0.143,0.223,0.106,0,13582000,1.0,5275757,5271000,5324000,20.367,68012000,1781000,3789000,2233000,12.925,25224000
SIF,MRY,2012-12-31,2012-09-30,2012-09-30,2018-05-05,-12344000,106545000,106382000,51906000,54639000,0.967,11.273,-2932000,7176000,7176000,81094000,6548000,3.102,0.772,21683000,2000000,19683000,21683000,0,6032000,0,0.011,0.2,9880000,15912000,0.155,15912000,9880000,9409000,1.23,1.22,1.23,60142000,58069500,60142000,115168792,11,7.238,7341000,1.381,1.0,21806000,0.212,21642000,471000,82679000,85778250,16587000,0,0,0,46403000,16731000,29672000,97143792,1851000,-24886000,0,20456000,-1060000,19396000,-27818000,0,10273000,229000,6548000,6548000,6548000,-241000,0,0.064,12785000,9021000,8864000,0.163,1.615,14.836,14.797,28495000,0,18.2,0.944,0.94,19414000,59597000,102900000,102900000,0,0.062,0.113,0.115,0.096,0,9906000,1.0,5337571,5317000,5380000,19.353,84903000,1117000,2861000,697000,15.914,35175000
SIF,MRY,2013-12-31,2013-09-30,2013-09-30,2018-05-05,-9743000,105765000,102391000,52750000,53015000,1.133,13.398,-3254000,4508000,4508000,88643000,10234000,2.648,0.469,11773000,4392000,7381000,11773000,0,5725000,0,0.011,0.2,14664000,20389000,0.176,20389000,14664000,14322000,1.91,1.9,1.91,72013000,67295250,72013000,105773878,7,5.188,4107000,0.766,1.0,27358000,0.236,21271000,342000,71838000,69103000,18340000,0,0,0,33752000,19921000,13831000,98872878,-2668000,-4387000,0,-9957000,-1073000,-11030000,1001000,0,7361000,0,10234000,10234000,10234000,-476000,0,0.088,13592000,13766000,6773000,0.105,1.373,9.661,9.634,29632000,0,18.4,0.852,0.851,24811000,68750000,116001000,116001000,0,0.1,0.152,0.212,0.126,0,11605000,1.0,5373526,5363000,5401000,21.63,84494000,987000,4088000,1733000,15.72,32829000
SIF,MRY,2014-12-31,2014-09-30,2014-09-30,2018-05-05,-10613000,109697000,105674750,52901000,56796000,1.132,14.16,-9838000,4596000,4596000,94325000,5023000,2.762,0.432,10429000,2000000,8429000,10429000,0,6896000,0,0.007,0.2,7977000,14873000,0.124,14873000,7977000,7776000,0.93,0.92,0.93,76620000,75608500,76620000,164849182,20,11.084,1559000,0.289,1.0,25329000,0.212,19148000,201000,77228000,71343000,18919000,0,0,0,33077000,19154000,13923000,162935182,88000,0,4000,-1344000,-1081000,-2421000,-8888000,0,11397000,0,5023000,5023000,5023000,580000,0,0.042,17242000,8087000,10526000,0.215,2.127,32.438,32.366,37148000,0,30.1,1.362,1.359,25915000,72683000,119654000,119654000,0,0.048,0.066,0.112,0.067,0,15084000,1.0,5413129,5402000,5424000,22.15,90549000,1201000,2753000,774000,16.734,33747000
SIF,MRY,2015-12-31,2015-09-30,2015-09-30,2018-05-05,-11988000,156689000,129556250,71535000,85154000,0.844,13.415,-8810000,667000,667000,93569000,-2872000,2.158,1.144,48929000,10503000,38426000,48929000,0,8293000,0,0.018,0.2,-4732000,3561000,0.033,3561000,-4732000,-5316000,-0.53,-0.53,-0.53,73069000,74958500,73069000,77604999,-16,21.793,-10597000,-1.949,1.0,15732000,0.144,29745000,584000,142056000,109383500,27943000,0,0,0,83620000,33150000,50470000,61507999,-3623000,-16994000,0,23636000,-1090000,22546000,-24382000,0,-1787000,-306000,-2872000,-2872000,-2872000,-709000,0,-0.026,21475000,-5743000,14201000,-0.377,0.842,-21.416,-21.302,54865000,0,11.29,0.563,0.562,36024000,69811000,109301000,109301000,0,-0.022,-0.038,-0.043,-0.043,0,19167000,1.0,5448007,5438000,5438000,20.099,126944000,5301000,-2444000,4849000,23.305,38385000
SIF,MRY,2016-12-31,2016-09-30,2016-09-30,2018-05-05,-12850000,130457000,142749500,58075000,72382000,0.834,10.937,-2349000,471000,471000,107039000,-11335000,1.144,1.161,38632000,31009000,7623000,38632000,0,10766000,0,0.0,0.0,-11618000,-852000,-0.007,-852000,-11618000,-13333000,-2.07,-2.07,-2.07,60370000,67521000,60370000,92777535,-7,-108.894,9932000,1.814,1.0,12082000,0.101,22886000,1715000,94969000,115214000,28496000,0,0,0,70087000,50763000,19324000,54184535,-215000,275000,0,-10422000,0,-10422000,-2074000,0,12281000,19000,-11335000,-11335000,-11335000,0,0,-0.095,24147000,-12065000,14520000,0.0,0.898,-4.78,-4.789,48958000,0,9.913,0.455,0.456,25158000,58476000,119121000,119121000,0,-0.079,-0.168,-0.101,-0.098,0,17359000,1.0,5466063,5475000,5475000,21.757,107571000,1773000,-1998000,2929000,19.488,7312000
SIF,MRY,2017-12-31,2017-09-30,2017-09-30,2018-05-05,-9251000,110887000,119951250,52134000,58753000,1.013,9.101,-2269000,1399000,1399000,108094000,-14209000,1.14,1.212,31268000,26117000,5151000,31268000,0,9988000,0,0.0,0.0,-10932000,-944000,-0.008,-944000,-10932000,-13140000,-2.59,-2.59,-2.59,50131000,53680750,50131000,64969940,-5,-68.824,9726000,1.773,1.0,13364000,0.11,18984000,2208000,76047000,85045000,20381000,0,0,0,60756000,45725000,15031000,31895940,924000,0,0,-8802000,0,-8802000,-2269000,0,11995000,4000,-14209000,-14209000,-14209000,0,0,-0.117,24898000,-11534000,12817000,0.0,0.636,-2.245,-2.201,39508000,0,5.7,0.263,0.258,25894000,44267000,121458000,121458000,0,-0.118,-0.265,-0.129,-0.09,0,17773000,1.0,5595779,5487000,5487000,22.136,91903000,292000,1069000,3266000,16.685,6409000
