ticker,dimension,calendardate,datekey,reportperiod,lastupdated,accoci,assets,assetsavg,assetsc,assetsnc,assetturnover,bvps,capex,cashneq,cashnequsd,cor,consolinc,currentratio,de,debt,debtc,debtnc,debtusd,deferredrev,depamor,deposits,divyield,dps,ebit,ebitda,ebitdamargin,ebitdausd,ebitusd,ebt,eps,epsdil,epsusd,equity,equityavg,equityusd,ev,evebit,evebitda,fcf,fcfps,fxusd,gp,grossmargin,intangibles,intexp,invcap,invcapavg,inventory,investments,investmentsc,investmentsnc,liabilities,liabilitiesc,liabilitiesnc,marketcap,ncf,ncfbus,ncfcommon,ncfdebt,ncfdiv,ncff,ncfi,ncfinv,ncfo,ncfx,netinc,netinccmn,netinccmnusd,netincdis,netincnci,netmargin,opex,opinc,payables,payoutratio,pb,pe,pe1,ppnenet,prefdivis,price,ps,ps1,receivables,retearn,revenue,revenueusd,rnd,roa,roe,roic,ros,sbcomp,sgna,sharefactor,sharesbas,shareswa,shareswadil,sps,tangibles,taxassets,taxexp,taxliabilities,tbvps,workingcapital
SILC,MRY,2011-12-31,2011-12-31,2011-12-31,2018-04-30,0,72865000,68172000,46951000,25914000,0.581,9.32,-486000,11483000,11483000,22430000,8243000,7.293,0.134,0,0,0,0,0,379000,0,0.0,0.0,8910000,9289000,0.234,9289000,8910000,8910000,1.195,1.178,1.195,64274000,59852000,64274000,114012727,12,12.274,4205000,0.61,1.0,17203000,0.434,0,0,54944000,52969500,11173000,37704000,14037000,23667000,8591000,6438000,2153000,120669727,4826000,0,0,0,0,164000,173000,659000,4691000,-202000,8243000,8243000,8243000,0,0,0.208,8732000,8471000,6438000,0.0,1.877,14.639,14.678,837000,0,17.54,3.045,3.052,8613000,29047000,39633000,39633000,4165000,0.121,0.138,0.168,0.225,437000,4567000,1.0,6879688,6896000,6995000,5.747,72865000,183000,667000,0,10.566,40513000
SILC,MRY,2012-12-31,2012-12-31,2012-12-31,2018-04-30,0,89033000,80949000,57883000,31150000,0.602,10.811,-798000,13306000,13306000,28849000,9871000,4.91,0.188,0,0,0,0,0,454000,0,0.0,0.0,10781000,11235000,0.231,11235000,10781000,10781000,1.424,1.417,1.424,74966000,69620000,74966000,112753078,10,10.036,8091000,1.167,1.0,19880000,0.408,0,0,63938000,59441000,14795000,43579000,15110000,28469000,14067000,11789000,2278000,124236078,1823000,0,0,0,0,277000,-7352000,-6554000,8889000,9000,9871000,9871000,9871000,0,0,0.203,9851000,10029000,11789000,0.0,1.657,12.586,12.598,1190000,0,17.94,2.55,2.553,12391000,38918000,48729000,48729000,4401000,0.122,0.142,0.181,0.221,544000,5450000,1.0,6925088,6934000,6968000,7.028,89033000,161000,910000,0,12.84,46094000
SILC,MRY,2013-12-31,2013-12-31,2013-12-31,2018-04-30,0,105257000,97145000,77246000,28011000,0.755,12.768,-922000,12997000,12997000,43865000,17077000,6.465,0.161,0,0,0,0,0,659000,0,0.012,0.55,17982000,18641000,0.254,18641000,17982000,17982000,2.404,2.357,2.404,90691000,82828500,90691000,307073516,17,16.473,996000,0.14,1.0,29433000,0.402,180000,0,80132000,72035000,28778000,42241000,17871000,24370000,14566000,11948000,2618000,320379516,-309000,0,0,0,-3913000,-2020000,-279000,643000,1918000,72000,17077000,17077000,17077000,0,0,0.233,11855000,17578000,11948000,0.229,3.533,18.761,19.018,1479000,0,45.72,4.371,4.431,14866000,52082000,73298000,73298000,5465000,0.176,0.206,0.25,0.245,668000,6390000,1.0,7007426,7103000,7246000,10.319,105077000,713000,905000,0,14.793,65298000
SILC,MRY,2014-12-31,2014-12-31,2014-12-31,2018-04-30,0,122436000,113846500,83536000,38900000,0.664,14.022,-1958000,17890000,17890000,44835000,14605000,4.395,0.215,0,0,0,0,0,996000,0,0.028,1.0,17309000,18305000,0.242,18305000,17309000,17309000,2.033,1.996,2.033,100732000,95711500,100732000,238260057,13,13.016,18726000,2.607,1.0,30787000,0.407,14313000,0,71227000,75679500,25449000,39525000,19167000,20358000,21704000,19006000,2698000,251257057,4893000,-10048000,0,0,-7183000,-5830000,-9996000,2010000,20684000,35000,14605000,14605000,14605000,0,0,0.193,13741000,17046000,14019000,0.492,2.494,17.203,17.309,2458000,0,35.19,3.323,3.343,18831000,59504000,75622000,75622000,6480000,0.128,0.153,0.229,0.229,1266000,7216000,1.0,7140013,7184000,7319000,10.526,108123000,913000,2704000,543000,15.051,64530000
SILC,MRY,2015-12-31,2015-12-31,2015-12-31,2018-04-30,0,139998000,131217000,78283000,61715000,0.631,15.523,-2965000,18178000,18178000,48659000,16520000,3.973,0.241,0,0,0,0,0,2767000,0,0.033,1.0,18425000,21192000,0.256,21192000,18425000,18425000,2.273,2.242,2.273,112834000,106783000,112834000,200834579,10,9.477,10322000,1.42,1.0,34079000,0.412,30725000,0,71392000,71309500,26321000,32882000,8636000,24246000,27164000,19703000,7461000,218724579,288000,-10000000,0,0,-7274000,-6331000,-6800000,6165000,13287000,132000,16520000,16520000,16520000,0,0,0.2,15874000,18205000,19703000,0.44,1.938,13.24,13.33,3825000,0,30.3,2.644,2.662,23768000,68750000,82738000,82738000,9702000,0.126,0.155,0.258,0.223,1998000,9262000,1.0,7218633,7269000,7368000,11.382,109273000,1545000,1905000,268000,15.033,58580000
SILC,MRY,2016-12-31,2016-12-31,2016-12-31,2018-04-30,0,146437000,143217500,103295000,43142000,0.701,16.529,-1441000,11917000,11917000,61796000,13137000,5.75,0.206,0,0,0,0,0,3856000,0,0.024,1.0,15865000,19721000,0.197,19721000,15865000,15865000,1.789,1.767,1.789,121392000,117113000,121392000,282254123,17,14.312,-4148000,-0.565,1.0,38551000,0.384,28485000,0,88071000,79731500,44280000,24032000,16263000,7769000,25045000,17964000,7081000,300432123,-6261000,0,0,0,-7312000,-10823000,7134000,8575000,-2707000,135000,13137000,13137000,13137000,0,0,0.131,22721000,15830000,17964000,0.559,2.475,22.869,22.968,3915000,0,41.09,2.994,3.007,27722000,74575000,100347000,100347000,12663000,0.092,0.112,0.199,0.158,1550000,10392000,1.0,7311563,7344000,7435000,13.664,117952000,1537000,2728000,0,16.061,85331000
SILC,MRY,2017-12-31,2017-12-31,2017-12-31,2018-04-30,0,162614000,154525500,123450000,39164000,0.813,18.884,-1701000,17021000,17021000,79762000,21714000,6.481,0.155,0,0,0,0,0,3799000,0,0.014,1.0,25582000,29381000,0.234,29381000,25582000,25582000,2.912,2.856,2.912,140800000,131096000,140800000,505607887,19,17.209,-293000,-0.039,1.0,45928000,0.365,26608000,0,99936000,94003500,51487000,13697000,7752000,5945000,21814000,19049000,2765000,517524887,5104000,0,0,0,-7382000,-4731000,8513000,10214000,1408000,-86000,21714000,21714000,21714000,0,0,0.173,20502000,25426000,19049000,0.343,3.676,23.834,24.076,4121000,0,70.11,4.117,4.159,41367000,88907000,125690000,125690000,13915000,0.141,0.166,0.272,0.204,2425000,11229000,1.0,7381613,7456000,7602000,16.858,136006000,899000,3868000,0,18.241,104401000
