ticker,dimension,calendardate,datekey,reportperiod,lastupdated,accoci,assets,assetsavg,assetsc,assetsnc,assetturnover,bvps,capex,cashneq,cashnequsd,cor,consolinc,currentratio,de,debt,debtc,debtnc,debtusd,deferredrev,depamor,deposits,divyield,dps,ebit,ebitda,ebitdamargin,ebitdausd,ebitusd,ebt,eps,epsdil,epsusd,equity,equityavg,equityusd,ev,evebit,evebitda,fcf,fcfps,fxusd,gp,grossmargin,intangibles,intexp,invcap,invcapavg,inventory,investments,investmentsc,investmentsnc,liabilities,liabilitiesc,liabilitiesnc,marketcap,ncf,ncfbus,ncfcommon,ncfdebt,ncfdiv,ncff,ncfi,ncfinv,ncfo,ncfx,netinc,netinccmn,netinccmnusd,netincdis,netincnci,netmargin,opex,opinc,payables,payoutratio,pb,pe,pe1,ppnenet,prefdivis,price,ps,ps1,receivables,retearn,revenue,revenueusd,rnd,roa,roe,roic,ros,sbcomp,sgna,sharefactor,sharesbas,shareswa,shareswadil,sps,tangibles,taxassets,taxexp,taxliabilities,tbvps,workingcapital
SIMO,MRY,2011-12-31,2011-12-31,2011-12-31,2018-04-30,2055000,247326000,,179580000,67746000,,1.637,-4916000,103956000,103956000,115806000,41469000,4.203,0.227,409000,409000,0,409000,0,6274000,0,0.0,0.0,47291000,53565000,0.239,53565000,47291000,47216000,1.36,1.28,1.36,201500000,,201500000,,,,49345000,0.401,1.0,108039000,0.483,35458000,75000,65597000,,30315000,3158000,2980000,178000,45826000,42724000,3102000,637811425,42608000,-700000,2294000,0,0,2294000,-13947000,0,54261000,-7734000,41469000,41469000,41469000,0,0,0.185,67055000,40984000,21250000,0.0,3.165,15.38,15.059,24728000,0,20.48,2.849,11.261,38787000,36231000,223845000,223845000,40501000,,,,0.211,8878000,25860000,0.25,124572544,123082000,129370000,1.819,211868000,4755000,5747000,3306000,1.721,136856000
SIMO,MRY,2012-12-31,2012-12-31,2012-12-31,2018-04-30,3665000,321746000,284536000,258412000,63334000,0.989,2.029,-4280000,170017000,170017000,149650000,47218000,4.582,0.227,252000,252000,0,252000,0,5881000,0,0.0,0.0,54395000,60276000,0.214,60276000,54395000,54334000,1.48,1.4,1.48,262266000,231883000,262266000,,,,64956000,0.503,1.0,131720000,0.468,35472000,61000,60112000,62854500,32143000,15060000,14882000,178000,59480000,56397000,3083000,442855393,64711000,0,224000,0,0,224000,-4749000,0,69236000,1260000,47218000,47218000,47218000,0,0,0.168,79050000,52670000,26642000,0.0,1.689,9.379,9.608,23386000,0,14.22,1.574,6.533,36785000,83449000,281370000,281370000,50975000,0.166,0.204,0.865,0.193,11802000,28075000,0.25,124572544,129259000,134504000,2.177,286274000,3173000,7116000,4668000,2.215,202015000
SIMO,MRY,2013-12-31,2013-12-31,2013-12-31,2018-04-30,4095000,316763000,319254500,246539000,70224000,0.706,2.047,-12772000,177019000,177019000,118698000,27376000,6.062,0.17,207000,207000,0,207000,0,6429000,0,0.042,0.6,37258000,43687000,0.194,43687000,37258000,37148000,0.84,0.8,0.84,270697000,266481500,270697000,290252702,7,6.644,36356000,0.275,1.0,106610000,0.473,35474000,110000,63810000,61961000,33666000,875000,742000,133000,46066000,40667000,5399000,460017702,6820000,0,-9596000,0,-19897000,-29493000,-12815000,46000,49128000,166000,27376000,27376000,27376000,0,0,0.122,71307000,35303000,14872000,0.714,1.699,16.804,16.845,30195000,0,14.15,2.042,8.306,31213000,85270000,225308000,225308000,46460000,0.086,0.103,0.601,0.165,10262000,24847000,0.25,130040340,132259000,134567000,1.704,281289000,1992000,9772000,8189000,2.127,205872000
SIMO,MRY,2014-12-31,2014-12-31,2014-12-31,2018-04-30,2505000,366534000,341648500,290440000,76094000,0.847,2.259,-11596000,213533000,213533000,139625000,44467000,5.18,0.205,478000,478000,0,478000,0,6917000,0,0.025,0.6,60682000,67599000,0.234,67599000,60682000,60568000,1.32,1.32,1.32,304100000,287398500,304100000,601451439,9,8.897,57129000,0.424,1.0,149698000,0.517,35467000,114000,61946000,62878000,44076000,836000,703000,133000,62434000,56066000,6368000,778263439,37419000,0,514000,0,-20224000,-19710000,-11596000,0,68725000,-1111000,44467000,44467000,44467000,0,0,0.154,90628000,59070000,14530000,0.455,2.559,17.502,17.917,35537000,0,23.65,2.69,11.003,28854000,109456000,289323000,289323000,60949000,0.13,0.155,0.965,0.21,10347000,29679000,0.25,131630180,134604000,136787000,2.149,331067000,1521000,16101000,17696000,2.46,234374000
SIMO,MRY,2015-12-31,2015-12-31,2015-12-31,2018-04-30,633000,445628000,406081000,315176000,130452000,0.89,2.495,-23664000,199847000,199847000,176765000,60251000,3.57,0.294,270000,270000,0,270000,0,8987000,0,0.019,0.6,78547000,87534000,0.242,87534000,78547000,78500000,1.76,1.72,1.76,344498000,324299000,344498000,850222075,10,9.713,42282000,0.306,1.0,184532000,0.511,75990000,47000,81774000,71860000,47110000,4814000,4681000,133000,101130000,88287000,12843000,1063277075,-12783000,-30286000,494000,0,-20765000,-20271000,-58458000,-4000000,65946000,-953000,60251000,60251000,60251000,0,0,0.167,108099000,76433000,22619000,0.341,3.086,17.647,17.818,50469000,0,31.36,2.943,11.987,58979000,133227000,361297000,361297000,71161000,0.148,0.186,1.093,0.217,10418000,35887000,0.25,135622076,138100000,139634000,2.616,369638000,610000,18249000,13395000,2.677,226889000
SIMO,MRY,2016-12-31,2016-12-31,2016-12-31,2018-04-30,-1032000,606026000,525827000,476900000,129126000,1.058,3.142,-12220000,318876000,318876000,281541000,110940000,3.267,0.369,25240000,25240000,0,25240000,0,11585000,0,0.015,0.65,138757000,150342000,0.27,150342000,138757000,138630000,3.16,3.12,3.16,442763000,393630500,442763000,1282138781,9,8.528,113348000,0.804,1.0,274605000,0.494,73883000,127000,92521000,87147500,71887000,3422000,3302000,120000,163263000,145986000,17277000,1481715781,119542000,0,93000,25000000,-22899000,2194000,-8220000,4000000,125568000,-521000,110940000,110940000,110940000,0,0,0.199,137345000,137260000,32106000,0.206,3.347,13.356,13.443,47892000,0,42.48,2.664,10.764,73599000,215724000,556146000,556146000,92405000,0.211,0.282,1.592,0.249,17364000,42837000,0.25,139521260,140919000,142050000,3.947,532143000,3983000,27690000,20271000,3.776,330914000
SIMO,MRY,2017-12-31,2017-12-31,2017-12-31,2018-04-30,2643000,693732000,649879000,568797000,124935000,0.805,3.461,-11683000,378968000,378968000,272210000,74955000,3.209,0.404,25566000,25566000,0,25566000,0,13133000,0,0.017,0.9,99424000,112557000,0.215,112557000,99424000,99001000,2.12,2.08,2.12,494051000,468407000,494051000,1577321163,15,14.014,92198000,0.646,1.0,251194000,0.48,66393000,423000,96693000,94607000,94186000,6941000,6941000,0,199681000,177244000,22437000,1870957163,57593000,-2865000,380000,0,-32120000,-31740000,-14548000,0,103881000,2753000,74955000,74955000,74955000,0,0,0.143,155845000,95349000,56531000,0.425,3.787,24.961,24.981,51370000,0,52.96,3.575,14.443,79135000,247490000,523404000,523404000,102053000,0.115,0.16,1.051,0.19,15494000,42801000,0.25,141310964,142738000,143606000,3.667,627339000,3402000,24046000,11492000,4.395,391553000
