ticker,dimension,calendardate,datekey,reportperiod,lastupdated,accoci,assets,assetsavg,assetsc,assetsnc,assetturnover,bvps,capex,cashneq,cashnequsd,cor,consolinc,currentratio,de,debt,debtc,debtnc,debtusd,deferredrev,depamor,deposits,divyield,dps,ebit,ebitda,ebitdamargin,ebitdausd,ebitusd,ebt,eps,epsdil,epsusd,equity,equityavg,equityusd,ev,evebit,evebitda,fcf,fcfps,fxusd,gp,grossmargin,intangibles,intexp,invcap,invcapavg,inventory,investments,investmentsc,investmentsnc,liabilities,liabilitiesc,liabilitiesnc,marketcap,ncf,ncfbus,ncfcommon,ncfdebt,ncfdiv,ncff,ncfi,ncfinv,ncfo,ncfx,netinc,netinccmn,netinccmnusd,netincdis,netincnci,netmargin,opex,opinc,payables,payoutratio,pb,pe,pe1,ppnenet,prefdivis,price,ps,ps1,receivables,retearn,revenue,revenueusd,rnd,roa,roe,roic,ros,sbcomp,sgna,sharefactor,sharesbas,shareswa,shareswadil,sps,tangibles,taxassets,taxexp,taxliabilities,tbvps,workingcapital
SINO,MRY,2011-12-31,2011-06-30,2011-06-30,2018-05-14,-9023,9053930,10174019,7985470,1068460,3.237,2.353,-41126,4878828,4878828,29619765,-1253738,2.059,0.568,0,0,0,0,710891,248209,0,0.0,0.0,-1139784,-891575,-0.027,-891575,-1139784,-940749,-0.3,-0.3,-0.3,6833650,7124869,6833650,-1118252,0,1.254,-968029,-0.333,1.0,3316058,0.101,0,-199035,296263,18424,0,186514,0,186514,3878839,3878839,0,4210859,-1047325,0,0,0,0,-19917,-41126,0,-926903,-59379,-863337,-863337,-863337,0,-390401,-0.026,4886243,-1570185,2913553,0.0,0.616,-4.877,-4.834,587024,0,1.45,0.128,0.128,2604150,-1288783,32935823,32935823,0,-0.085,-0.121,-61.862,-0.035,195469,4886243,1.0,2903841,2903841,2903841,11.342,9053930,655492,-77412,0,3.118,4106631
SINO,MRY,2012-12-31,2012-06-30,2012-06-30,2018-05-14,16709,10576530,10131840,9786401,790129,3.344,1.821,-42680,4433333,4433333,31184331,-2812969,1.218,1.519,0,0,0,0,303437,244180,0,0.0,0.0,-1934476,-1690296,-0.05,-1690296,-1934476,-1888307,-0.61,-0.61,-0.61,5286776,5640621,5286776,1335800,0,-0.79,143030,0.049,1.0,2696917,0.08,0,-46169,-1889230,-1906263,0,0,0,0,8032427,8032427,0,7753255,-445495,0,0,0,0,-569474,-42680,0,185710,-19051,-1768075,-1768075,-1768075,0,-1044894,-0.052,5621231,-2924314,7467145,0.0,1.467,-4.385,-4.377,415672,0,2.67,0.229,0.229,5068455,-3056858,33881248,33881248,0,-0.175,-0.313,1.015,-0.057,195469,5621231,1.0,2903841,2903841,2903841,11.668,10576530,546356,-120232,0,3.642,1753974
SINO,MRY,2013-12-31,2013-06-30,2013-06-30,2018-05-14,54791,7536205,8338112,7145165,391040,2.079,1.425,-50931,3048831,3048831,15402743,-2576896,1.622,0.657,0,0,0,0,710172,198825,0,0.0,0.0,-1374146,-1175321,-0.068,-1175321,-1374146,-1389666,-0.38,-0.38,-0.38,6705130,5303185,6705130,3766299,-2,-3.204,-4412544,-0.938,1.0,1929016,0.111,0,15520,82469,161140,0,0,0,0,4404905,4404905,0,4097319,-1384502,0,3040412,0,0,3026536,-50931,0,-4361613,1506,-1799755,-1799755,-1799755,0,-777141,-0.104,4132556,-2203540,3219240,0.0,0.611,-2.277,-3.713,267662,0,1.411,0.236,0.383,4057558,-4856613,17331759,17331759,0,-0.216,-0.339,-8.528,-0.079,139615,4132556,1.0,2903841,4703841,4703841,3.685,7536205,131388,410089,0,1.602,2740260
SINO,MRY,2014-12-31,2014-06-30,2014-06-30,2018-05-14,24618,5713954,5468244,4957798,756156,2.129,1.921,-202398,902531,902531,7613459,434486,4.028,0.134,0,0,0,0,88477,155657,0,0.0,0.0,1716346,1872003,0.161,1872003,1716346,1666176,0.34,0.34,0.34,9177190,7855943,9177190,7164085,4,3.827,-1444869,-0.306,1.0,4030933,0.346,0,50170,3580628,1631145,0,0,0,0,1230795,1230795,0,9454720,-2146300,0,444000,0,0,444000,-1361034,0,-1242471,13205,1586353,1586353,1586353,0,-1151867,0.136,3730803,300130,398756,0.0,1.03,5.96,5.912,294722,0,2.01,0.812,0.815,3838538,-3270260,11644392,11644392,0,0.29,0.202,1.052,0.147,3880,3730803,1.0,4703841,4721923,4721923,2.466,5713954,163900,79823,207457,1.196,3727003
SINO,MRY,2015-12-31,2015-06-30,2015-06-30,2018-05-14,91432,11810550,8756644,8105688,3704862,1.293,1.957,-519670,730322,730322,5936283,643922,4.235,0.131,0,0,0,0,126201,165088,0,0.0,0.0,1130411,1295499,0.114,1295499,1130411,1144611,0.11,0.11,0.11,14606444,12264659,14606444,10142081,8,7.829,-2317768,-0.36,1.0,5384345,0.476,0,-14200,9166184,5589109,0,0,0,0,1914044,1914044,0,11249278,-172209,0,967820,0,0,967820,593929,1113599,-1798098,64140,717390,717390,717390,0,-73468,0.063,4367548,1016797,691588,0.0,0.77,15.681,13.818,214003,0,1.52,0.994,0.865,6109757,-2552870,11320628,11320628,0,0.082,0.058,0.202,0.1,516149,4367548,1.0,7400841,6443096,6443096,1.757,11810550,280600,427221,996648,1.582,6191644
SINO,MRY,2016-12-31,2016-06-30,2016-06-30,2018-05-14,-280907,9054144,10260779,8651985,402159,0.712,1.201,294376,1385994,1385994,3737989,-2301522,3.55,0.213,0,0,0,0,24373,59508,0,0.0,0.0,-905806,-846298,-0.116,-846298,-905806,-1153336,-0.23,-0.23,-0.23,11424109,13007587,11424109,2234864,-2,-2.641,173328,0.02,1.0,3572551,0.489,0,247530,5230768,6329061,0,0,0,0,2437382,2437382,0,6310971,655672,0,646589,0,0,646589,294376,0,-121048,-164245,-1965929,-1965929,-1965929,0,-335593,-0.269,4821778,-1249227,489490,0.0,0.552,-3.21,-2.957,176367,0,0.68,0.863,0.805,4246450,-4518799,7310540,7310540,0,-0.192,-0.151,-0.143,-0.124,1681460,4821778,1.0,9280841,8651606,8651606,0.845,9054144,0,812593,1637197,0.952,6214603
SINO,MRY,2017-12-31,2017-06-30,2017-06-30,2018-05-14,-414564,17816021,13975241,16754888,1061133,0.819,1.93,-62412,8733742,8733742,4980591,3603544,5.428,0.158,0,0,0,0,369717,49367,0,0.0,0.0,3122530,3171897,0.277,3171897,3122530,3152808,0.41,0.41,0.41,19498304,15724702,19498304,20263751,6,6.389,2932358,0.329,1.0,6465022,0.565,0,-30278,5995783,4993943,0,0,0,0,3086496,3086496,0,29103940,7347748,0,4319988,0,0,4402488,-62412,0,2994770,12902,3624892,3624892,3624892,0,-21348,0.317,3363840,3101182,412534,0.0,1.493,8.029,7.024,187373,0,2.88,2.543,2.242,4322082,-893907,11445613,11445613,0,0.259,0.231,0.625,0.273,710041,3363840,1.0,10105535,8911494,8949960,1.284,17816021,749400,-472084,1886216,1.763,13668392
