ticker,dimension,calendardate,datekey,reportperiod,lastupdated,accoci,assets,assetsavg,assetsc,assetsnc,assetturnover,bvps,capex,cashneq,cashnequsd,cor,consolinc,currentratio,de,debt,debtc,debtnc,debtusd,deferredrev,depamor,deposits,divyield,dps,ebit,ebitda,ebitdamargin,ebitdausd,ebitusd,ebt,eps,epsdil,epsusd,equity,equityavg,equityusd,ev,evebit,evebitda,fcf,fcfps,fxusd,gp,grossmargin,intangibles,intexp,invcap,invcapavg,inventory,investments,investmentsc,investmentsnc,liabilities,liabilitiesc,liabilitiesnc,marketcap,ncf,ncfbus,ncfcommon,ncfdebt,ncfdiv,ncff,ncfi,ncfinv,ncfo,ncfx,netinc,netinccmn,netinccmnusd,netincdis,netincnci,netmargin,opex,opinc,payables,payoutratio,pb,pe,pe1,ppnenet,prefdivis,price,ps,ps1,receivables,retearn,revenue,revenueusd,rnd,roa,roe,roic,ros,sbcomp,sgna,sharefactor,sharesbas,shareswa,shareswadil,sps,tangibles,taxassets,taxexp,taxliabilities,tbvps,workingcapital
SJR,MRY,2011-12-31,2011-08-31,2011-08-31,2017-11-28,0,12588000000,11451000000,1082000000,11506000000,0.414,7.863,-798000000,443000000,452768479,0,470000000,0.804,2.616,5257000000,1000000,5256000000,5372920765,785000000,0,0,0.04,0.91,1012000000,1012000000,0.213,1034315353,1034315353,680000000,1.02,1.02,1.042,3406000000,3205500000,3481104836,13653163843,13,13.2,443000000,1.023,0.978,4741000000,1.0,8004000000,332000000,8053000000,7590500000,97000000,15000000,2000000,13000000,8910000000,1345000000,7565000000,9884301923,226000000,-453000000,46000000,547000000,-352000000,483000000,-1350000000,0,1241000000,0,451000000,451000000,460944885,89000000,19000000,0.095,3516000000,1225000000,878000000,0.873,2.839,21.444,21.89,3200000000,0,22.82,2.04,2.04,443000000,516462000,4741000000,4845542581,0,0.039,0.141,0.133,0.213,0,0,1.0,433142065,433142065,,11.187,4584000000,30000000,229000000,1288000000,10.583,-263000000
SJR,MRY,2012-12-31,2012-08-31,2012-08-31,2017-11-28,0,12722000000,12655000000,1051000000,11671000000,0.395,8.574,-899000000,427000000,432453673,0,761000000,0.659,2.315,5263000000,451000000,4812000000,5330219396,792000000,0,0,0.046,0.94,1272000000,1272000000,0.255,1288246071,1288246071,942000000,1.62,1.61,1.641,3753000000,3579500000,3800933573,13631145486,10,10.581,418000000,0.955,0.987,4998000000,1.0,8070000000,330000000,7893000000,7973000000,102000000,13000000,0,13000000,8688000000,1595000000,7093000000,8956086989,-16000000,-18000000,17000000,-1000000,-318000000,-347000000,-983000000,4000000,1317000000,0,728000000,728000000,737298065,0,33000000,0.146,3679000000,1319000000,811000000,0.573,2.356,12.147,12.47,3242000000,0,20.46,1.769,1.769,433000000,,4998000000,5061834798,0,0.058,0.203,0.16,0.255,0,0,1.0,437736412,437736412,,11.564,4652000000,14000000,214000000,1241000000,10.627,-544000000
SJR,MRY,2013-12-31,2013-08-31,2013-08-31,2017-11-28,0,12732000000,12727000000,1195000000,11537000000,0.404,9.425,-533000000,422000000,400789041,0,784000000,0.542,1.989,4866000000,998000000,3868000000,4621420559,1044000000,0,0,0.041,0.99,1338000000,1338000000,0.26,1270748193,1270748193,1029000000,1.64,1.63,1.558,4182000000,3967500000,3971800407,15557225627,12,12.243,836000000,1.884,1.053,5142000000,1.0,7851000000,309000000,7120000000,7506500000,96000000,13000000,3000000,10000000,8319000000,2205000000,6114000000,10688944052,-5000000,-222000000,69000000,-451000000,-319000000,-732000000,-642000000,0,1369000000,0,746000000,746000000,708503850,0,38000000,0.145,3776000000,1366000000,859000000,0.636,2.691,15.087,15.466,3370000000,0,24.09,2.189,2.189,486000000,,5142000000,4883547989,0,0.059,0.188,0.178,0.26,0,0,1.0,443708761,443708761,,11.006,4881000000,0,283000000,1278000000,11.0,-1010000000
SJR,MRY,2014-12-31,2014-08-31,2014-08-31,2017-11-28,0,13250000000,12991000000,1333000000,11917000000,0.403,10.384,-1011000000,637000000,585839783,0,887000000,0.955,1.768,4690000000,0,4690000000,4313325877,1045000000,0,0,0.039,0.98,1431000000,1431000000,0.273,1316070219,1316070219,1165000000,1.84,1.84,1.692,4702000000,4442000000,4324362106,15585632647,11,11.843,729000000,1.61,1.087,5241000000,1.0,7896000000,266000000,8011000000,7565500000,119000000,60000000,0,60000000,8313000000,1396000000,6917000000,11406702205,215000000,141000000,70000000,-177000000,-339000000,-496000000,-1029000000,-52000000,1740000000,0,857000000,857000000,788170634,0,30000000,0.164,3802000000,1439000000,828000000,0.579,2.638,14.472,14.886,3652000000,0,25.19,2.367,2.367,493000000,,5241000000,4820072691,0,0.066,0.193,0.189,0.273,0,0,1.0,452826606,452826606,,10.644,5354000000,26000000,308000000,1446000000,11.824,-63000000
SJR,MRY,2015-12-31,2015-08-31,2015-08-31,2017-11-28,0,14746000000,13998000000,1009000000,13737000000,0.32,10.413,-969000000,398000000,301259537,0,880000000,0.521,2.015,5669000000,608000000,5061000000,4291056073,784000000,0,0,0.048,0.96,1357000000,1357000000,0.302,1027158774,1027158774,1074000000,1.8,1.79,1.362,4812000000,4757000000,3642364054,12849295497,12,12.51,572000000,1.238,1.321,4486000000,1.0,9147000000,283000000,8932000000,8471500000,60000000,97000000,0,97000000,9697000000,1938000000,7759000000,9293361702,-239000000,-902000000,129000000,413000000,-369000000,123000000,-1904000000,-96000000,1541000000,1000000,856000000,856000000,647935085,-214000000,24000000,0.191,3373000000,1113000000,887000000,0.705,2.551,14.343,14.76,4220000000,0,20.11,2.737,2.737,468000000,,4486000000,3395603730,0,0.061,0.18,0.16,0.302,0,0,1.0,462126390,462126390,,7.348,5599000000,14000000,218000000,2109000000,12.116,-929000000
SJR,MRY,2016-12-31,2016-08-31,2016-08-31,2017-11-28,0,15382000000,15064000000,876000000,14506000000,0.3,12.022,-940000000,405000000,309420123,0,1240000000,0.482,1.7,5612000000,412000000,5200000000,4287569715,778000000,0,0,0.045,0.89,1666000000,1666000000,0.369,1272824509,1272824509,1398000000,2.51,2.51,1.918,5697000000,5254500000,4352509741,13421819351,10,10.545,723000000,1.526,1.309,4518000000,1.0,8765000000,268000000,10005000000,9468500000,65000000,853000000,0,853000000,9684000000,1819000000,7865000000,9473093603,7000000,245000000,38000000,-234000000,-380000000,-429000000,-1227000000,-65000000,1663000000,0,1220000000,1220000000,932080372,-753000000,20000000,0.27,3424000000,1094000000,944000000,0.464,2.176,10.163,10.424,4607000000,0,19.99,2.744,2.744,268000000,,4518000000,3451753380,0,0.081,0.232,0.176,0.369,0,0,1.0,473891626,473891626,,7.284,6617000000,6000000,178000000,2129000000,13.963,-943000000
SJR,MRY,2017-12-31,2017-08-31,2017-08-31,2017-11-28,0,14373000000,14877500000,1118000000,13255000000,0.328,12.654,-1072000000,507000000,406347679,0,851000000,0.803,1.336,4300000000,2000000,4298000000,3446341267,701000000,0,0,0.04,0.89,1299000000,1299000000,0.266,1041115652,1041115652,1041000000,1.72,1.71,1.379,6153000000,5925000000,4931473912,14732844715,14,14.151,430000000,0.884,1.248,4882000000,1.0,7715000000,258000000,9059000000,9532000000,109000000,937000000,0,937000000,8219000000,1392000000,6827000000,10848183420,102000000,1905000000,77000000,-577000000,-385000000,-1448000000,49000000,-86000000,1502000000,-1000000,851000000,851000000,682054981,-294000000,0,0.174,3883000000,999000000,913000000,0.646,2.2,15.905,16.184,4344000000,0,22.31,2.772,2.772,286000000,,4882000000,3912799551,0,0.057,0.144,0.136,0.266,0,0,1.0,486247576,486247576,,8.047,6658000000,4000000,190000000,2039000000,13.693,-274000000
