ticker,dimension,calendardate,datekey,reportperiod,lastupdated,accoci,assets,assetsavg,assetsc,assetsnc,assetturnover,bvps,capex,cashneq,cashnequsd,cor,consolinc,currentratio,de,debt,debtc,debtnc,debtusd,deferredrev,depamor,deposits,divyield,dps,ebit,ebitda,ebitdamargin,ebitdausd,ebitusd,ebt,eps,epsdil,epsusd,equity,equityavg,equityusd,ev,evebit,evebitda,fcf,fcfps,fxusd,gp,grossmargin,intangibles,intexp,invcap,invcapavg,inventory,investments,investmentsc,investmentsnc,liabilities,liabilitiesc,liabilitiesnc,marketcap,ncf,ncfbus,ncfcommon,ncfdebt,ncfdiv,ncff,ncfi,ncfinv,ncfo,ncfx,netinc,netinccmn,netinccmnusd,netincdis,netincnci,netmargin,opex,opinc,payables,payoutratio,pb,pe,pe1,ppnenet,prefdivis,price,ps,ps1,receivables,retearn,revenue,revenueusd,rnd,roa,roe,roic,ros,sbcomp,sgna,sharefactor,sharesbas,shareswa,shareswadil,sps,tangibles,taxassets,taxexp,taxliabilities,tbvps,workingcapital
SKY,MRY,2011-12-31,2011-05-31,2011-05-31,2018-04-12,0,99099000,110639000,68381000,30718000,1.467,9.181,-816000,44721000,44721000,160525000,-26627000,4.647,0.286,0,0,0,0,0,2683000,0,0.039,0.72,-26627000,-23944000,-0.148,-23944000,-26627000,-26627000,-3.17,-3.17,-3.17,77039000,88662250,77039000,99742203,-3,-4.166,-26391000,-3.145,1.0,1802000,0.011,0,0,39662000,37096500,8720000,0,0,0,22060000,14716000,7344000,153140203,459000,0,0,0,-6041000,-6041000,32075000,32996000,-25575000,0,-26627000,-26627000,-26627000,0,0,-0.164,28490000,-26688000,3392000,-0.227,1.988,-5.751,-5.757,24802000,0,18.25,0.943,0.943,11477000,137543000,162327000,162327000,0,-0.241,-0.3,-0.718,-0.164,0,28490000,1.0,8391244,8391244,8391244,19.345,99099000,0,0,0,11.81,53665000
SKY,MRY,2012-12-31,2012-05-31,2012-05-31,2018-04-12,0,78856000,85695500,51470000,27386000,2.134,6.693,4440000,29009000,29009000,177962000,-19365000,3.506,0.404,0,0,0,0,0,2359000,0,0.04,0.18,-19365000,-17006000,-0.093,-17006000,-19365000,-19365000,-2.31,-2.31,-2.31,56164000,62184500,56164000,7352247,0,-0.432,-14157000,-1.687,1.0,4884000,0.027,0,0,35166000,35487000,8359000,0,0,0,22692000,14681000,8011000,38096247,2284000,0,0,0,-1510000,-1510000,22391000,17991000,-18597000,0,-19365000,-19365000,-19365000,0,0,-0.106,24266000,-19382000,3296000,-0.078,0.678,-1.967,-1.965,21196000,0,4.54,0.208,0.208,11199000,116668000,182846000,182846000,0,-0.226,-0.311,-0.546,-0.106,0,27450000,1.0,8391244,8391244,8391244,21.79,78856000,0,0,0,9.397,36789000
SKY,MRY,2013-12-31,2013-05-31,2013-05-31,2018-04-12,0,67927000,72393750,41637000,26290000,2.453,5.44,744000,16438000,16438000,166111000,-10513000,2.931,0.488,0,0,0,0,0,2002000,0,0.0,0.0,-10513000,-8511000,-0.048,-8511000,-10513000,-10513000,-1.25,-1.25,-1.25,45651000,48731000,45651000,17894363,-1,-2.102,-13295000,-1.584,1.0,11463000,0.065,0,0,37282000,36259000,8732000,1678000,47000,1631000,22276000,14207000,8069000,34152363,-173000,0,0,0,0,0,13866000,13017000,-14039000,0,-10513000,-10513000,-10513000,0,0,-0.059,22040000,-10577000,3675000,0.0,0.748,-3.249,-3.256,18342000,0,4.07,0.192,0.192,13472000,106155000,177574000,177574000,0,-0.145,-0.216,-0.29,-0.059,0,23681000,1.0,8391244,8391244,8391244,21.162,67927000,0,0,0,8.095,27430000
SKY,MRY,2014-12-31,2014-05-31,2014-05-31,2018-04-12,0,65754000,65466750,41670000,24084000,2.338,4.026,1188000,6031000,6031000,142011000,-11864000,2.284,0.946,6334000,0,6334000,6334000,0,1716000,0,0.0,0.0,-11793000,-10077000,-0.066,-10077000,-11793000,-11864000,-1.41,-1.41,-1.41,33787000,39116250,33787000,33086883,-2,-3.283,-16408000,-1.955,1.0,11069000,0.072,0,71000,47810000,38628250,8627000,1631000,50000,1581000,31967000,18247000,13720000,40361883,-5807000,0,0,6334000,0,6334000,5455000,4046000,-17596000,0,-11864000,-11864000,-11864000,4557000,0,-0.078,18405000,-7336000,3050000,0.0,1.195,-3.402,-3.411,14042000,0,4.81,0.264,0.264,16259000,94291000,153080000,153080000,0,-0.181,-0.303,-0.305,-0.077,0,19111000,1.0,8391244,8391244,8391244,18.243,65754000,0,0,0,7.836,23423000
SKY,MRY,2015-12-31,2015-05-31,2015-05-31,2018-04-12,0,50439000,54208750,31581000,18858000,3.449,2.785,1468000,4995000,4995000,169891000,-10414000,2.089,1.158,4312000,0,4312000,4312000,0,1320000,497000,0.0,0.0,-10033000,-8713000,-0.047,-8713000,-10033000,-10414000,-1.24,-1.24,-1.24,23373000,25882500,23373000,29092105,-2,-3.339,-2867000,-0.342,1.0,17094000,0.091,0,381000,34639000,40447250,9119000,0,0,0,27066000,15117000,11949000,27691105,-1036000,2331000,0,-2022000,0,-2256000,5555000,1631000,-4335000,0,-10414000,-10414000,-10414000,6226000,0,-0.056,20951000,-3857000,3033000,0.0,1.185,-2.659,-2.661,11569000,0,3.3,0.148,0.148,15288000,83877000,186985000,186985000,0,-0.192,-0.402,-0.248,-0.054,0,21194000,1.0,8391244,8391244,8391244,22.283,50439000,0,0,0,6.011,16464000
SKY,MRY,2016-12-31,2016-05-31,2016-05-31,2018-04-12,0,54978000,52191250,35818000,19160000,4.058,2.995,-1132000,7659000,7659000,188461000,1678000,1.986,1.187,4312000,0,4312000,4312000,0,1057000,1521000,0.0,0.0,1998000,3055000,0.014,3055000,1998000,1678000,0.2,0.2,0.2,25133000,23933500,25133000,84649638,42,27.709,2721000,0.324,1.0,23313000,0.11,0,320000,33600000,33217250,11381000,0,0,0,29845000,18031000,11814000,86597638,2664000,0,0,0,0,0,-1189000,0,3853000,0,1678000,1678000,1678000,195000,0,0.008,21120000,2193000,3921000,0.0,3.446,51.608,51.6,11645000,0,10.32,0.409,0.409,15153000,85555000,211774000,211774000,0,0.032,0.07,0.06,0.009,82000,21120000,1.0,8391244,8391244,8391244,25.237,54978000,0,0,0,6.552,17787000
SKY,MRY,2017-12-31,2017-05-31,2017-05-31,2018-04-12,0,55644000,56073500,37302000,18342000,4.218,3.015,857000,11384000,11384000,214527000,5000,2.029,1.199,4312000,0,4312000,4312000,0,1026000,1880000,0.0,0.0,349000,1375000,0.006,1375000,349000,5000,0.0,0.0,0.0,25299000,24873250,25299000,43217943,123,31.431,3725000,0.444,1.0,21977000,0.093,0,344000,30187000,32498750,12233000,0,0,0,30345000,18385000,11960000,44137943,3725000,0,0,0,0,0,857000,0,2868000,0,5000,5000,5000,0,0,0.0,21628000,349000,3861000,,1.745,8827.589,,10976000,0,5.26,0.187,0.187,12751000,85560000,236504000,236504000,0,0.0,0.0,0.011,0.001,161000,22908000,1.0,8391244,8391244,8512374,28.185,55644000,0,0,0,6.631,18917000
