ticker,dimension,calendardate,datekey,reportperiod,lastupdated,accoci,assets,assetsavg,assetsc,assetsnc,assetturnover,bvps,capex,cashneq,cashnequsd,cor,consolinc,currentratio,de,debt,debtc,debtnc,debtusd,deferredrev,depamor,deposits,divyield,dps,ebit,ebitda,ebitdamargin,ebitdausd,ebitusd,ebt,eps,epsdil,epsusd,equity,equityavg,equityusd,ev,evebit,evebitda,fcf,fcfps,fxusd,gp,grossmargin,intangibles,intexp,invcap,invcapavg,inventory,investments,investmentsc,investmentsnc,liabilities,liabilitiesc,liabilitiesnc,marketcap,ncf,ncfbus,ncfcommon,ncfdebt,ncfdiv,ncff,ncfi,ncfinv,ncfo,ncfx,netinc,netinccmn,netinccmnusd,netincdis,netincnci,netmargin,opex,opinc,payables,payoutratio,pb,pe,pe1,ppnenet,prefdivis,price,ps,ps1,receivables,retearn,revenue,revenueusd,rnd,roa,roe,roic,ros,sbcomp,sgna,sharefactor,sharesbas,shareswa,shareswadil,sps,tangibles,taxassets,taxexp,taxliabilities,tbvps,workingcapital
SLP,MRY,2011-12-31,2011-08-31,2011-08-31,2018-04-09,0,15867338,15263095,13274827,2592511,0.573,0.902,-816420,10181049,10181049,1558178,2714641,11.633,0.13,0,0,0,0,141191,21822,0,0.0,0.0,3750157,3771979,0.432,3771979,3750157,3750114,0.17,0.17,0.17,14036615,13245260,14036615,40261866,10,10.674,2681123,0.173,1.0,7180561,0.822,2190852,43,2354319,2212526,0,0,0,0,1830723,1141118,689605,50155466,549287,0,-1903212,0,0,-1879131,-1069125,0,3497543,0,2714641,2714641,2714641,-51996,0,0.311,3650280,3530281,176136,0.0,3.573,18.476,18.994,43010,0,3.229,5.739,5.742,1356677,9864921,8738739,8738739,464281,0.178,0.205,1.695,0.429,131172,3185999,1.0,15532817,15540047,16082454,0.562,13676486,561510,1035473,824944,0.879,12133709
SLP,MRY,2012-12-31,2012-08-31,2012-08-31,2018-04-09,0,17346869,17864116,14670296,2676573,0.529,0.951,-1065342,12701075,12701075,1510148,3027884,10.365,0.146,0,0,0,0,131782,41802,0,0.034,0.15,4170580,4212382,0.446,4212382,4170580,4170577,0.19,0.19,0.19,15142576,15314846,15142576,58127484,13,13.799,2718642,0.172,1.0,7938460,0.84,2550718,3,679640,799702,0,0,0,0,2204293,1415436,788857,71016664,2520026,1973096,301641,0,-2382994,-2103444,839486,0,3783984,0,3027884,3027884,3027884,-215922,0,0.32,4326573,3611887,177509,0.789,4.69,23.454,23.474,107410,0,4.46,7.516,7.441,1470757,10509811,9448608,9448608,947556,0.169,0.198,5.215,0.441,149829,3379017,1.0,15923019,15763674,16151873,0.599,14796151,347608,1142693,1522090,0.929,13254860
SLP,MRY,2013-12-31,2013-08-30,2013-08-30,2018-04-09,0,16063181,16159335,12971830,3091351,0.623,0.888,-1181738,10179298,10179298,1646530,2886598,20.712,0.128,0,0,0,0,89227,42573,0,0.052,0.25,4256780,4299353,0.427,4299353,4256780,4256780,0.18,0.18,0.18,14242493,14398985,14242493,66622183,15,15.496,1380644,0.086,1.0,8424240,0.837,2954919,0,2302658,2219449,0,0,0,0,1820688,626306,1194382,76627673,-2521777,0,27985,0,-4001212,-3902421,-1181738,0,2562382,0,2886598,2886598,2886598,0,0,0.287,4351869,4072371,146011,1.389,5.38,26.546,26.556,117987,0,4.78,7.609,7.593,2114528,9395197,10070770,10070770,802374,0.179,0.2,1.918,0.423,44934,3549495,1.0,16030894,15996432,16319983,0.63,13108262,485831,1370182,1146389,0.818,12345524
SLP,MRY,2014-12-31,2014-08-31,2014-08-31,2018-04-09,0,20980844,19002625,11533366,9447478,0.603,0.944,-3893563,8614929,8614929,1629069,3025491,8.289,0.359,0,0,0,0,30370,47231,0,0.028,0.19,4513297,4560528,0.398,4560528,4513297,4513297,0.19,0.18,0.19,15435351,15045669,15435351,102065670,22,22.38,1412591,0.087,1.0,9831811,0.858,9333791,0,1640639,2368078,0,0,0,0,5545493,1391485,4154008,109823642,-1564369,0,98625,0,-3075585,-2976960,-3893563,0,5306154,0,3025491,3025491,3025491,0,0,0.264,5392439,4439372,2630547,1.0,7.115,36.299,35.368,95242,0,6.72,9.582,9.483,1867072,9345103,11460880,11460880,952774,0.159,0.201,1.906,0.394,144327,4439665,1.0,16342804,16173674,16407751,0.709,11647053,863205,1487806,2375874,0.713,10141881
SLP,MRY,2015-12-31,2015-08-31,2015-08-31,2018-04-09,0,27344226,27356724,11532797,15811429,0.669,1.155,-1240306,8551275,8551275,4392477,3842961,3.192,0.4,0,0,0,0,185479,211454,0,0.03,0.2,5692929,5904383,0.322,5904383,5692929,5692929,0.23,0.23,0.23,19532202,19124240,19532202,107593193,18,18.223,5895685,0.35,1.0,13921771,0.76,15363837,0,-184217,2816626,0,0,0,0,7812024,3613331,4198693,114021789,-62654,-1889816,57043,-750000,-3375566,-4068523,-3130122,0,7135991,0,3842961,3842961,3842961,0,0,0.21,8065243,5856528,3813811,0.87,5.838,29.67,29.348,413510,0,6.75,6.226,6.216,2388832,9812498,18314248,18314248,1328476,0.14,0.201,2.021,0.311,295243,6736767,1.0,16892117,16864670,17032158,1.086,11980389,210972,1849968,3234021,0.708,7919466
SLP,MRY,2016-12-31,2016-08-31,2016-08-31,2018-04-09,0,27814317,28118219,12700229,15114088,0.71,1.328,-1234975,8030284,8030284,4601513,4950136,5.975,0.224,0,0,0,0,406522,196250,0,0.023,0.2,7236392,7432642,0.372,7432642,7236392,7236392,0.29,0.29,0.29,22732594,21121014,22732594,139708246,19,18.797,4180234,0.245,1.0,15370566,0.77,14823625,0,2834891,2356177,0,0,0,0,5081723,2125517,2956206,146987929,-520991,-720000,182049,-750000,-3413274,-3981225,-1954975,0,5415209,0,4950136,4950136,4950136,0,0,0.248,8138760,7231806,1108111,0.69,6.466,29.694,29.724,256381,0,8.62,7.36,7.35,3703648,11349360,19972079,19972079,1445069,0.176,0.234,3.071,0.362,347077,6693691,1.0,17051964,17028566,17209506,1.173,12990692,555486,2286256,2956206,0.759,10574712
SLP,MRY,2017-12-31,2017-08-31,2017-08-31,2018-04-09,0,38512468,31331140,12667870,25844598,0.77,1.495,-1559672,6215718,6215718,6307800,5787597,6.202,0.492,0,0,0,0,570920,151444,0,0.014,0.2,8278455,8429899,0.349,8429899,8278455,8240267,0.34,0.33,0.34,25804887,24562412,25804887,241809320,29,28.685,5318067,0.308,1.0,17830113,0.739,25519381,38188,4734936,4503171,0,0,0,0,12707581,2042433,10665148,250057517,-1814566,-2795548,111404,-1000000,-3448489,-4337085,-4355220,0,6877739,0,5787597,5787597,5787597,0,0,0.24,9565829,8264284,6226408,0.588,9.69,43.206,42.647,291135,0,14.5,10.36,10.356,5529807,13688468,24137913,24137913,1367645,0.185,0.236,1.838,0.343,621781,8198184,1.0,17245346,17239490,17515917,1.4,12993087,462443,2452670,4926960,0.753,10625437
