ticker,dimension,calendardate,datekey,reportperiod,lastupdated,accoci,assets,assetsavg,assetsc,assetsnc,assetturnover,bvps,capex,cashneq,cashnequsd,cor,consolinc,currentratio,de,debt,debtc,debtnc,debtusd,deferredrev,depamor,deposits,divyield,dps,ebit,ebitda,ebitdamargin,ebitdausd,ebitusd,ebt,eps,epsdil,epsusd,equity,equityavg,equityusd,ev,evebit,evebitda,fcf,fcfps,fxusd,gp,grossmargin,intangibles,intexp,invcap,invcapavg,inventory,investments,investmentsc,investmentsnc,liabilities,liabilitiesc,liabilitiesnc,marketcap,ncf,ncfbus,ncfcommon,ncfdebt,ncfdiv,ncff,ncfi,ncfinv,ncfo,ncfx,netinc,netinccmn,netinccmnusd,netincdis,netincnci,netmargin,opex,opinc,payables,payoutratio,pb,pe,pe1,ppnenet,prefdivis,price,ps,ps1,receivables,retearn,revenue,revenueusd,rnd,roa,roe,roic,ros,sbcomp,sgna,sharefactor,sharesbas,shareswa,shareswadil,sps,tangibles,taxassets,taxexp,taxliabilities,tbvps,workingcapital
SMBC,MRY,2011-12-31,2011-06-30,2011-06-30,2018-05-11,535620,688200382,661028171,,,0.048,13.282,-1139257,34687706,34687706,0,11470031,,11.348,65947051,,,65947051,0,1087767,560150817,0.023,0.24,17421634,18509401,0.581,18509401,17421634,17421634,2.625,2.56,2.625,55732108,51599655,55732108,56532898,3,3.054,13017858,3.102,1.0,31880403,1.0,1874689,0,717585038,692628302,0,622991206,,,632468274,,,43595941,512428,38249286,82730,-32345500,-1004749,-27325769,13681082,-24153614,14157115,0,11470031,10958217,10958217,0,0,0.344,14458769,17421634,5536062,0.091,0.782,3.978,3.958,8057529,511814,10.39,1.367,1.367,0,43014191,31880403,31880403,0,0.017,0.212,0.025,0.546,64742,11384382,1.0,4195952,4195952,,7.598,686325693,0,5951603,0,163.569,
SMBC,MRY,2012-12-31,2012-06-30,2012-06-30,2018-05-11,699901,739188968,745351175,,,0.042,14.571,-4227182,34694099,34694099,0,10098263,,6.803,57359407,,,57359407,0,1354778,584813624,0.022,0.24,14695372,16050150,0.513,16050150,14695372,14695372,1.715,1.66,1.715,94728071,86868539,94728071,39823301,2,2.481,3124029,0.481,1.0,31300783,1.0,1457557,0,760396719,732324937,0,661610616,,,644460897,,,69885234,-474607,0,19937194,-8587644,-1283928,44782877,-52608695,-41665402,7351211,0,10098263,9579714,9579714,0,0,0.306,16605411,14695372,1662207,0.14,0.738,7.295,6.268,11347064,518549,10.75,2.233,2.233,0,51365401,31300783,31300783,0,0.013,0.11,0.02,0.469,25705,12994041,1.0,6500952,6500952,,4.815,737731411,0,4597109,0,113.481,
SMBC,MRY,2013-12-31,2013-06-30,2013-06-30,2018-05-11,-178940,796391240,775912432,,,0.041,15.632,-7421000,13768950,13768950,0,10067000,,6.821,59505192,,,59505192,0,1568000,632378933,0.023,0.3,14021000,15589000,0.494,15589000,14021000,14021000,1.48,1.44,1.48,101829353,99610845,101829353,100427823,7,6.442,7833000,1.202,1.0,31542000,1.0,1040426,0,841087056,816781225,0,730181175,,,694561887,,,83609140,-20632000,0,101000,2146000,-1975000,47425000,-83311000,-78068000,15254000,0,10067000,9722000,9722000,0,0,0.308,17521000,14021000,2149234,0.203,0.821,8.6,8.672,17515834,345000,12.835,2.651,2.651,0,59046139,31542000,31542000,0,0.013,0.098,0.017,0.445,199000,14213000,1.0,6514152,6514152,,4.842,795350814,0,3954000,0,122.096,
SMBC,MRY,2014-12-31,2014-06-30,2014-06-30,2018-05-11,588000,1021422000,949464268,,,0.039,16.775,-4832000,16587000,16587000,0,10081000,,8.193,120760000,,,120760000,0,2185000,785801000,0.018,0.32,13826000,16011000,0.427,16011000,13826000,13826000,1.49,1.45,1.49,111111000,106677798,111111000,186815858,13,11.668,8510000,1.285,1.0,37472000,1.0,3935000,0,1121660000,1032138175,0,937271000,,,910311000,,,118196000,2143000,-5585000,524000,55073000,-2119000,74312000,-85511000,-76038000,13342000,0,10081000,9881000,9881000,0,0,0.264,23646000,13826000,3181000,0.215,1.064,11.962,11.977,22467000,200000,17.845,3.154,3.154,0,66809000,37472000,37472000,0,0.01,0.093,0.013,0.369,228000,18723000,1.0,6623480,6623480,,5.657,1017487000,0,3745000,0,153.618,
SMBC,MRY,2015-12-31,2015-06-30,2015-06-30,2018-05-11,861000,1300064000,1299784750,,,0.04,17.877,-7462000,18719000,18719000,0,13668000,,8.801,106784000,,,106784000,0,3241000,1055242000,0.018,0.34,19724000,22965000,0.442,22965000,19724000,19724000,1.84,1.79,1.84,132643000,130449250,132643000,224039704,11,9.756,12456000,1.679,1.0,52009000,1.0,8757000,0,1379372000,1378251000,0,1189206000,,,1167421000,,,139860704,1843000,3221000,332000,-34629000,-2517000,8222000,-26297000,-22846000,19918000,0,13668000,13468000,13468000,0,0,0.259,32285000,19724000,4618000,0.185,1.054,10.385,10.245,39726000,200000,18.85,2.689,2.689,0,77760000,52009000,52009000,0,0.01,0.103,0.014,0.379,344000,26085000,1.0,7419666,7419666,,7.01,1291307000,0,6056000,0,174.038,
SMBC,MRY,2016-12-31,2016-06-30,2016-06-30,2018-05-11,1662000,1403910000,1351461750,,,0.04,16.936,-9804000,23277000,23277000,0,14848000,,10.145,152054000,,,152054000,0,3538000,1120693000,0.015,0.36,21530000,25068000,0.462,25068000,21530000,21530000,1.99,1.98,1.99,125966000,125824000,125966000,251441104,11,10.03,7864000,1.057,1.0,54216000,1.0,7851000,0,1524836000,1437587000,0,1273029000,,,1277944000,,,175007104,5779000,0,99000,45503000,-2675000,88429000,-100318000,-92726000,17668000,0,14848000,14763000,14763000,0,0,0.272,32686000,21530000,4477000,0.181,1.389,11.854,11.824,46943000,85000,23.53,3.228,3.228,0,89798000,54216000,54216000,0,0.011,0.117,0.015,0.397,385000,27032000,1.0,7437616,7437616,,7.289,1396059000,0,6682000,0,187.702,
SMBC,MRY,2017-12-31,2017-06-30,2017-06-30,2018-05-11,527000,1707712000,1541464250,,,0.039,23.232,-3019000,31533000,31533000,0,15552000,,8.866,71697000,,,71697000,0,3893000,1455597000,0.012,0.4,21614000,25507000,0.426,25507000,21614000,21614000,2.08,2.07,2.08,173083000,141552000,173083000,303173322,14,11.886,22599000,3.033,1.0,59866000,1.0,15390000,0,1732486000,1623113750,0,1548050000,,,1534629000,,,240338322,8232000,-1736000,24205000,-83773000,-2981000,105730000,-123116000,-120044000,25618000,0,15552000,15552000,15552000,0,0,0.26,38252000,21614000,6417000,0.192,1.389,15.454,15.51,54167000,0,32.26,4.015,4.015,0,102369000,59866000,59866000,0,0.01,0.11,0.013,0.361,510000,30720000,1.0,7450041,7450041,,8.036,1692322000,0,6062000,0,227.156,
