ticker,dimension,calendardate,datekey,reportperiod,lastupdated,accoci,assets,assetsavg,assetsc,assetsnc,assetturnover,bvps,capex,cashneq,cashnequsd,cor,consolinc,currentratio,de,debt,debtc,debtnc,debtusd,deferredrev,depamor,deposits,divyield,dps,ebit,ebitda,ebitdamargin,ebitdausd,ebitusd,ebt,eps,epsdil,epsusd,equity,equityavg,equityusd,ev,evebit,evebitda,fcf,fcfps,fxusd,gp,grossmargin,intangibles,intexp,invcap,invcapavg,inventory,investments,investmentsc,investmentsnc,liabilities,liabilitiesc,liabilitiesnc,marketcap,ncf,ncfbus,ncfcommon,ncfdebt,ncfdiv,ncff,ncfi,ncfinv,ncfo,ncfx,netinc,netinccmn,netinccmnusd,netincdis,netincnci,netmargin,opex,opinc,payables,payoutratio,pb,pe,pe1,ppnenet,prefdivis,price,ps,ps1,receivables,retearn,revenue,revenueusd,rnd,roa,roe,roic,ros,sbcomp,sgna,sharefactor,sharesbas,shareswa,shareswadil,sps,tangibles,taxassets,taxexp,taxliabilities,tbvps,workingcapital
SNE,MRY,2011-12-31,2011-03-31,2011-03-31,2017-06-16,-804204000000,12911122000000,12888618000000,3844046000000,9067076000000,0.557,2316.907,-234945000000,1014412000000,12237989009,5507151000000,-220326000000,0.93,3.907,975586000000,163351000000,812235000000,11769587451,0,325366000000,1647752000000,0.01,0.31,189663000000,515029000000,0.072,6213372122,2288117362,165754000000,-258.66,-258.66,-3.121,2547987000000,2756946000000,30739223217,35197215911,15,5.665,381300000000,346.719,82.89,1674122000000,0.233,860127000000,23909000000,7876870000000,7941239500000,704043000000,6538826000000,646171000000,5892655000000,9955220000000,4135299000000,5819921000000,35004609102,-177196000000,99335000000,0,-208593000000,-25098000000,-10112000000,-714439000000,-569865000000,616245000000,-68890000000,-259585000000,-259585000000,-3131664823,0,39259000000,-0.036,1488363000000,185759000000,1806312000000,-0.099,1.139,-11.178,-10.2,924868000000,0,31.83,0.404,0.404,958871000000,1566274000000,7181273000000,86635745681,0,-0.02,-0.094,0.024,0.026,1952000000,1501813000000,1.0,1099736384,1099736384,,78.779,12050995000000,433761000000,425339000000,393623000000,10958.076,-291253000000
SNE,MRY,2012-12-31,2012-03-31,2012-03-31,2017-06-16,-842093000000,13295667000000,13103394500000,3754962000000,9540705000000,0.496,1866.312,-359888000000,894576000000,10782755257,5121401000000,-397664000000,0.829,5.316,1172587000000,410361000000,762226000000,14133755700,0,366270000000,1761137000000,0.015,0.31,-115516000000,250754000000,0.039,3022458697,-1392369967,-138285000000,-453.42,-453.42,-5.465,2028891000000,2288439000000,24455200114,22099684066,-15,7.312,156417000000,143.883,82.964,1371682000000,0.211,1080457000000,22769000000,7963240000000,7920055000000,707052000000,7000389000000,680913000000,6319476000000,10785546000000,4529981000000,6255565000000,22579322408,-119836000000,-63413000000,0,78686000000,-25078000000,260570000000,-882886000000,-488540000000,516305000000,-13825000000,-455038000000,-455038000000,-5484792110,0,57374000000,-0.07,1315648000000,56034000000,1831921000000,-0.057,0.923,-4.117,-3.8,930998000000,0,20.77,0.289,0.289,971959000000,1084462000000,6493083000000,78264255755,0,-0.035,-0.199,-0.015,-0.018,1952000000,1375242000000,1.0,1087112297,1087112297,,71.993,12215210000000,137229000000,316753000000,347895000000,11236.383,-775019000000
SNE,MRY,2013-12-31,2013-03-31,2013-03-31,2017-06-16,-639495000000,14211033000000,13753350000000,3646533000000,10564500000000,0.494,2045.824,-80732000000,826361000000,8772455118,5339646000000,101686000000,0.845,5.262,1182610000000,244182000000,938428000000,12554311188,0,376735000000,1857448000000,0.016,0.27,208595000000,585330000000,0.086,6213726391,2214395736,181938000000,41.32,38.79,0.439,2192262000000,2110576500000,23272540697,22186470027,10,3.571,395433000000,369.019,94.2,1455858000000,0.214,1337864000000,26657000000,8914329000000,8438784500000,710054000000,8014722000000,697597000000,7317125000000,11536032000000,4315089000000,7220943000000,18645471955,-68215000000,52756000000,0,-46066000000,-25057000000,88528000000,-705280000000,-660464000000,476165000000,72372000000,41540000000,41540000000,440978925,0,60146000000,0.006,1222407000000,233451000000,1669355000000,0.616,0.801,42.282,39.668,861550000000,0,17.4,0.258,0.258,924634000000,1094775000000,6795504000000,72139481230,0,0.003,0.02,0.025,0.031,0,1457626000000,1.0,1071578848,1071578848,,67.321,12873169000000,152303000000,140398000000,444999000000,12013.273,-668556000000
SNE,MRY,2014-12-31,2014-03-31,2014-03-31,2017-06-16,-451585000000,15333720000000,14772376500000,4204886000000,11128834000000,0.526,2114.429,-183763000000,1046466000000,10171299482,5956211000000,-68841000000,0.879,5.556,1294402000000,377754000000,916648000000,12581154468,0,376695000000,1890023000000,0.012,0.22,-10327000000,366368000000,0.047,3560974411,-100374985,-33787000000,-124.99,-124.99,-1.215,2258137000000,2225199500000,21948336303,24065704168,-239,6.758,480353000000,449.783,102.884,1811055000000,0.233,1367466000000,23460000000,9430576000000,9172452500000,733943000000,8751577000000,832566000000,7919011000000,12546464000000,4783614000000,7762850000000,20419495503,220105000000,15016000000,0,39578000000,-25643000000,207877000000,-710502000000,-545448000000,664116000000,58614000000,-128369000000,-128369000000,-1247703741,0,59528000000,-0.017,1777186000000,33869000000,1888242000000,-0.181,0.93,-16.366,-15.738,750010000000,0,19.12,0.27,0.27,1095670000000,940262000000,7767266000000,75495227406,0,-0.009,-0.058,-0.001,-0.001,0,1728520000000,1.0,1067965246,1067965246,,70.691,13966254000000,158510000000,94582000000,492738000000,13077.442,-578728000000
SNE,MRY,2015-12-31,2015-03-31,2015-03-31,2017-06-16,-385283000000,15834331000000,15584025500000,4197901000000,11636430000000,0.527,2036.559,-179139000000,949413000000,7917693475,6158134000000,-49004000000,0.885,5.568,933612000000,221525000000,712087000000,7785919975,0,354624000000,1872965000000,0.0,0.0,-13647000000,340977000000,0.042,2843600591,-113810073,-37247000000,-113.04,-113.04,-0.943,2317077000000,2287607000000,19323419255,32902968507,-289,11.571,575501000000,505.828,119.91,2057746000000,0.25,1203616000000,23600000000,9869324000000,9649950000000,665432000000,9468084000000,936731000000,8531353000000,12900614000000,4745590000000,8155024000000,30468708050,-97053000000,93000000,0,-290608000000,-13160000000,-263195000000,-639636000000,-448058000000,754640000000,51138000000,-125980000000,-125980000000,-1050618670,0,76976000000,-0.015,1993119000000,64627000000,1996314000000,0.0,1.577,-29.001,-28.408,739285000000,0,26.78,0.445,0.445,1131849000000,813765000000,8215880000000,68516883036,0,-0.008,-0.055,-0.001,-0.002,0,1811461000000,1.0,1137741152,1137741152,,60.222,14630715000000,137425000000,88733000000,544290000000,12859.441,-547689000000
SNE,MRY,2016-12-31,2016-03-31,2016-03-31,2017-06-16,-653318000000,16673390000000,16253860500000,4196727000000,12476663000000,0.499,1899.923,-348939000000,983612000000,8759077625,6074652000000,209715000000,0.869,5.497,893545000000,336940000000,556605000000,7957029821,0,397091000000,1912673000000,0.0,0.0,267866000000,664957000000,0.082,5921450714,2385350206,242580000000,119.4,117.49,1.063,2463340000000,2390208500000,21936074669,33218975264,13,5.61,400150000000,308.627,112.296,2031060000000,0.251,1222044000000,25286000000,10530529000000,10199926500000,683146000000,10180480000000,946397000000,9234083000000,13541502000000,4830750000000,8710752000000,33347192878,34199000000,17790000000,301708000000,-39440000000,-12751000000,380122000000,-1030403000000,-626316000000,749089000000,-64609000000,147791000000,147791000000,1316080773,0,61924000000,0.018,1739101000000,291959000000,1918079000000,0.0,1.52,25.338,24.19,820818000000,0,25.72,0.462,0.462,1059650000000,936331000000,8105712000000,72181470557,0,0.009,0.062,0.026,0.033,0,1691930000000,1.0,1296547157,1296547157,,55.672,15451346000000,138579000000,94789000000,539791000000,11917.304,-634023000000
SNE,MRY,2017-12-31,2017-03-31,2017-03-31,2017-06-16,-618769000000,17660556000000,17166973000000,4355722000000,13304834000000,0.443,1819.125,-320411000000,960142000000,8566042449,5663154000000,127561000000,0.834,5.812,1199541000000,518079000000,681462000000,10701874436,0,327048000000,2071091000000,0.004,0.14,211891000000,538939000000,0.071,4808220400,1890415480,197347000000,58.07,56.89,0.518,2497246000000,2480293000000,22279532862,45440107164,24,9.451,488851000000,356.105,112.087,1940096000000,0.255,1106723000000,14544000000,11571493000000,11051011000000,640835000000,11163234000000,1051441000000,10111793000000,14513076000000,5221739000000,9291337000000,46303645028,-23470000000,3262000000,0,311223000000,-25301000000,452302000000,-1253973000000,-944519000000,809262000000,-31061000000,73289000000,73289000000,653858163,0,54272000000,0.01,1654957000000,285139000000,1934658000000,0.27,2.078,70.816,65.106,758199000000,0,33.73,0.683,0.683,1177443000000,984368000000,7603250000000,67833468644,0,0.004,0.03,0.019,0.028,0,1505956000000,1.0,1372773348,1372773348,,49.413,16553833000000,98958000000,124058000000,538861000000,12058.679,-866017000000
