ticker,dimension,calendardate,datekey,reportperiod,lastupdated,accoci,assets,assetsavg,assetsc,assetsnc,assetturnover,bvps,capex,cashneq,cashnequsd,cor,consolinc,currentratio,de,debt,debtc,debtnc,debtusd,deferredrev,depamor,deposits,divyield,dps,ebit,ebitda,ebitdamargin,ebitdausd,ebitusd,ebt,eps,epsdil,epsusd,equity,equityavg,equityusd,ev,evebit,evebitda,fcf,fcfps,fxusd,gp,grossmargin,intangibles,intexp,invcap,invcapavg,inventory,investments,investmentsc,investmentsnc,liabilities,liabilitiesc,liabilitiesnc,marketcap,ncf,ncfbus,ncfcommon,ncfdebt,ncfdiv,ncff,ncfi,ncfinv,ncfo,ncfx,netinc,netinccmn,netinccmnusd,netincdis,netincnci,netmargin,opex,opinc,payables,payoutratio,pb,pe,pe1,ppnenet,prefdivis,price,ps,ps1,receivables,retearn,revenue,revenueusd,rnd,roa,roe,roic,ros,sbcomp,sgna,sharefactor,sharesbas,shareswa,shareswadil,sps,tangibles,taxassets,taxexp,taxliabilities,tbvps,workingcapital
SOL,MRY,2011-12-31,2011-12-31,2011-12-31,2018-04-30,71645808,1948975578,1771460495,832921798,1116053780,0.556,3.464,-152803284,437373886,437373886,889226223,331175,0.842,2.243,827178536,570893649,256284887,827178536,135430034,82730940,0,0.0,0.0,32671781,115402721,0.117,115402721,32671781,-4518515,0.0,0.0,0.0,600986007,593725251,600986007,331537495,10,2.873,-174861580,-1.008,1.0,96053144,0.097,5646522,37190296,1343756654,1176051111,154181613,880917,880917,0,1347834122,989377052,358457070,133566637,88337447,-1172824,-1795078,306547264,0,273913653,-177466536,-6331995,-22058296,13948626,332964,332964,332964,0,-1789,0.0,84510678,11542466,240727005,,0.222,401.144,,1016532857,0,7.65,0.136,1.347,135842639,104859324,985279367,985279367,47055271,0.0,0.001,0.028,0.033,4359540,55782608,0.1,174596912,173496901,173870162,5.679,1943329056,87680564,-4851479,4331535,11.201,-156455254
SOL,MRY,2012-12-31,2012-12-31,2012-12-31,2018-04-30,74836221,2058325011,2003650294,873779415,1184545596,0.484,2.107,-136233416,268111479,268111479,1007268534,-242562132,0.606,4.655,901814551,733618423,168196128,901814551,102549621,93501714,0,0.0,0.0,-170534342,-77032628,-0.079,-77032628,-170534342,-221163049,-14.0,-14.0,-14.0,363891066,482438536,363891066,522717171,-3,-6.786,-230964702,-1.338,1.0,-38136638,-0.039,0,50628707,1249798766,1296777710,254879734,660463,660463,0,1693921526,1442229317,251692209,132912521,-285755833,0,0,59495340,0,59907682,-249218537,9344,-94731286,-1713692,-242515539,-242515539,-242515539,0,-46593,-0.25,140894224,-179030862,501850369,0.0,0.365,-0.548,-0.55,1113425021,0,7.7,0.137,1.372,227639125,-137656215,969131896,969131896,44101917,-0.121,-0.503,-0.132,-0.176,2221406,82085008,0.1,172613664,172671369,172671369,5.613,2058325011,53018208,21352490,2664391,11.92,-568449902
SOL,MRY,2013-12-31,2013-12-31,2013-12-31,2018-04-30,83613660,2139750677,2099037844,1206798493,932952184,0.724,0.927,-125795903,348899946,348899946,1406529772,-258919494,0.705,11.674,854201227,673096148,181105079,854201227,154386250,112894150,0,0.0,0.0,-209529763,-96635613,-0.064,-96635613,-209529763,-261638254,-14.2,-14.2,-14.2,168807898,266349482,168807898,931737642,-4,-9.642,-7234619,-0.04,1.0,113105100,0.074,0,52108491,932078966,1090938866,359577034,1502578,1502578,0,1970734133,1712972992,257761141,298034570,-6510605,0,70527829,1680465,0,67620092,-189602269,290341,118561284,-3089712,-258915539,-258915539,-258915539,0,-3955,-0.17,334550499,-221445399,665452686,0.0,1.766,-1.151,-1.215,863093184,0,17.25,0.196,2.068,236984228,-396571754,1519634872,1519634872,46452032,-0.123,-0.972,-0.192,-0.138,1626560,131226772,0.1,172773664,182167908,182167908,8.342,2139750677,51656738,-2722715,5305606,11.746,-506174499
SOL,MRY,2014-12-31,2014-12-31,2014-12-31,2018-04-30,81080032,1669007526,1904379101,859531237,809476289,0.82,0.664,-35739350,221709731,221709731,1352213743,-33633793,0.643,11.349,792726195,654675368,138050827,792726195,85347702,90223634,0,0.0,0.0,15035901,105259535,0.067,105259535,15035901,-33979901,-1.7,-1.7,-1.7,135156319,151982108,135156319,648675343,43,6.163,-157428309,-0.773,1.0,209283285,0.134,0,49015802,903231547,917655256,357361169,15425178,15425178,0,1533851207,1336792443,197058764,143374062,13074926,0,993329,8055337,0,13048666,115460987,4397504,-121688959,6254232,-33630021,-33630021,-33630021,0,-3772,-0.022,201065790,8217495,469068691,0.0,1.061,-4.263,-4.147,750297544,0,7.05,0.092,0.919,112458511,-430201775,1561497028,1561497028,52575143,-0.018,-0.221,0.016,0.01,2240126,160361050,0.1,203367464,203550049,203550049,7.671,1669007526,51591250,-349880,123492,8.199,-477261206
SOL,MRY,2015-12-31,2015-12-31,2015-12-31,2018-04-30,61576757,1346319585,1507663555,637750306,708569279,0.077,0.548,0,178382756,178382756,93295780,-5075122,0.578,11.028,733709239,694932546,38776693,733709239,60477569,3548898,0,0.0,0.0,-3098859,450039,0.004,450039,-3098859,-5098313,-0.2,-0.2,-0.2,111933912,123545115,111933912,744227308,-240,1653.695,2209607,0.011,1.0,23035156,0.198,0,1999454,797784179,850507863,193171119,43669738,43669738,0,1234385673,1103861889,130523784,173210844,-61802379,0,-171503,-55615745,0,-11157751,-40027473,0,2209607,-12826762,-5075122,-5075122,-5075122,25288392,0,-0.044,6716730,16318426,302853031,0.0,1.547,-34.129,-42.5,630462070,0,8.5,1.489,14.912,117663317,-435276897,116330936,116330936,0,-0.003,-0.041,-0.004,-0.027,1527494,7627473,0.1,203777464,204085041,204222541,0.57,1346319585,44361125,-23191,129845,6.597,-466111583
SOL,MRY,2016-12-31,2016-12-31,2016-12-31,2018-04-30,51233248,1088405688,1217362636,507494021,580911667,0.066,0.327,0,3964896,3964896,73271853,-34698251,0.561,15.455,28835700,0,28835700,28835700,32747648,2400522,0,0.0,0.0,-32723932,-30323410,-0.377,-30323410,-32723932,-34566159,-1.7,-1.7,-1.7,66145780,89039846,66145780,620321822,-18,-20.457,27533879,0.136,1.0,7232881,0.09,0,1842227,208844371,503314275,0,0,0,0,1022259908,904432121,117827787,64995339,-708843,3190678,-1493350,-27059946,0,-62373714,42159931,0,27533879,-8028939,-34698251,-34698251,-34698251,34792733,0,-0.431,4884218,2348663,0,0.0,0.983,-1.873,-1.881,20158589,0,3.199,0.807,8.035,85948,-469975148,80504734,80504734,0,-0.029,-0.39,-0.065,-0.406,746980,7378116,0.1,203205688,202229767,202403904,0.398,1088405688,5100835,132092,93473,5.382,-396938100
SOL,MRY,2017-12-31,2017-12-31,2017-12-31,2018-04-30,-2238218,335698792,712052240,170074745,165624047,0.145,0.366,-80314313,13429301,13429301,88842244,34457538,1.171,2.71,106625263,6605894,100019369,106625263,21028525,4475823,0,0.0,0.0,38715908,43191731,0.419,43191731,38715908,34779606,1.4,1.4,1.4,90482470,78314125,90482470,544411110,14,12.605,-61884199,-0.251,1.0,14131755,0.137,0,3936302,283697801,246271086,0,0,0,0,245216322,145196953,100019369,53343347,-23907081,375739,0,52897833,0,102403715,-156353701,0,18430114,11612791,34457538,34457538,34457538,-31257707,0,0.335,7576145,6555610,86157751,0.0,0.59,1.548,1.9,154659077,0,2.66,0.518,6.378,23312086,-435517610,102973999,102973999,0,0.048,0.44,0.157,0.376,870618,7889298,0.1,200538902,246899286,246905289,0.417,335698792,15287892,322068,330132,1.36,24877792
