ticker,dimension,calendardate,datekey,reportperiod,lastupdated,accoci,assets,assetsavg,assetsc,assetsnc,assetturnover,bvps,capex,cashneq,cashnequsd,cor,consolinc,currentratio,de,debt,debtc,debtnc,debtusd,deferredrev,depamor,deposits,divyield,dps,ebit,ebitda,ebitdamargin,ebitdausd,ebitusd,ebt,eps,epsdil,epsusd,equity,equityavg,equityusd,ev,evebit,evebitda,fcf,fcfps,fxusd,gp,grossmargin,intangibles,intexp,invcap,invcapavg,inventory,investments,investmentsc,investmentsnc,liabilities,liabilitiesc,liabilitiesnc,marketcap,ncf,ncfbus,ncfcommon,ncfdebt,ncfdiv,ncff,ncfi,ncfinv,ncfo,ncfx,netinc,netinccmn,netinccmnusd,netincdis,netincnci,netmargin,opex,opinc,payables,payoutratio,pb,pe,pe1,ppnenet,prefdivis,price,ps,ps1,receivables,retearn,revenue,revenueusd,rnd,roa,roe,roic,ros,sbcomp,sgna,sharefactor,sharesbas,shareswa,shareswadil,sps,tangibles,taxassets,taxexp,taxliabilities,tbvps,workingcapital
SONC,MRY,2011-12-31,2011-08-31,2011-08-31,2018-04-04,0,679742000,690195250,93457000,586285000,0.791,0.835,-21200000,42359000,42359000,356236000,19225000,1.311,12.149,531077000,18940000,512137000,531077000,0,41225000,2897000,0.0,0.0,83308000,124533000,0.228,124533000,83308000,28379000,0.31,0.31,0.31,51696000,39542250,51696000,1093128645,13,8.778,62902000,1.016,1.0,189715000,0.347,81625000,54929000,1015556000,997085750,3503000,19194000,0,19194000,628046000,71279000,556767000,574138645,-56527000,0,2130000,-89171000,0,-124556000,-16073000,0,84102000,0,19225000,19225000,19225000,0,0,0.035,106407000,83308000,11135000,0.0,11.106,29.864,29.903,464875000,0,9.27,1.052,1.052,24558000,687431000,545951000,545951000,0,0.028,0.486,0.084,0.153,5644000,64943000,1.0,61935129,61935129,,8.815,598117000,12776000,9154000,32003000,9.657,22178000
SONC,MRY,2012-12-31,2012-08-31,2012-08-31,2018-04-04,0,680760000,668403250,107151000,573609000,0.813,1.02,-24175000,62847000,62847000,347470000,36085000,1.331,10.49,513470000,19480000,493990000,513470000,0,41914000,3055000,0.0,0.0,88940000,130854000,0.241,130854000,88940000,57962000,0.6,0.6,0.6,59247000,51004750,59247000,1010730692,11,7.724,70953000,1.222,1.0,196260000,0.361,76997000,30978000,973870000,993533750,3289000,19544000,0,19544000,621513000,80516000,540997000,544006692,23138000,0,-29720000,-15220000,0,-47881000,-24109000,0,95128000,0,36085000,36085000,36085000,0,0,0.066,107320000,88940000,11048000,0.0,9.182,15.076,15.617,443008000,0,9.37,1.001,1.001,27073000,722614000,543730000,543730000,0,0.054,0.707,0.09,0.164,4295000,65173000,1.0,58058345,58058345,,9.365,603763000,0,21877000,44103000,10.399,26635000
SONC,MRY,2013-12-31,2013-08-31,2013-08-31,2018-04-04,0,660794000,646192000,140722000,520072000,0.84,1.386,-41338000,89719000,89719000,343209000,36701000,1.93,7.53,474158000,14320000,459838000,474158000,0,40387000,4048000,0.0,0.0,89248000,129635000,0.239,129635000,89248000,56299000,0.65,0.64,0.65,77464000,58825250,77464000,1308464362,14,10.093,46501000,0.832,1.0,199376000,0.367,77093000,32949000,895210000,922603750,3678000,16804000,0,16804000,583330000,72930000,510400000,891936362,25249000,0,-20239000,-34499000,0,-61406000,-1184000,0,87839000,0,36701000,36701000,36701000,0,0,0.068,110128000,89248000,13100000,0.0,11.514,24.303,24.554,399661000,0,15.96,1.644,1.644,29142000,758138000,542585000,542585000,0,0.057,0.624,0.097,0.164,3630000,66022000,1.0,55885737,55885737,,9.709,583701000,7728000,19598000,39156000,10.445,67792000
SONC,MRY,2014-12-31,2014-08-31,2014-08-31,2018-04-04,0,650972000,641883750,95712000,555260000,0.861,1.159,-79008000,48902000,48902000,342109000,47916000,1.204,9.386,464061000,13484000,450577000,464061000,0,42210000,2678000,0.0,0.0,98677000,140887000,0.255,140887000,98677000,73764000,0.87,0.85,0.87,62675000,62951250,62675000,1564240542,15,11.103,24540000,0.454,1.0,210240000,0.381,77093000,24913000,909527000,904475250,3349000,14807000,0,14807000,588297000,79511000,508786000,1141545542,-42202000,0,-62379000,-9976000,0,-75227000,-70523000,0,103548000,0,47916000,47916000,47916000,0,0,0.087,111563000,98677000,17207000,0.0,18.214,23.824,24.264,441969000,0,21.11,2.067,2.067,32833000,801202000,552349000,552349000,0,0.075,0.761,0.109,0.179,3742000,69415000,1.0,54076056,54076056,,10.214,573879000,1887000,25848000,40072000,10.612,16201000
SONC,MRY,2015-12-31,2015-08-31,2015-08-31,2018-04-04,0,620024000,627609500,85438000,534586000,0.966,0.336,-42153000,40437000,40437000,363938000,64485000,0.973,34.566,462468000,13467000,449001000,462468000,0,45892000,870000,0.013,0.36,116428000,162320000,0.268,162320000,116428000,91722000,1.23,1.2,1.23,17433000,24294750,17433000,1835362057,15,11.307,94209000,1.815,1.0,242151000,0.4,77076000,24706000,877158000,906947500,3824000,13740000,0,13740000,602591000,87821000,514770000,1401837057,-8503000,0,-101731000,710000,-18808000,-119545000,-25320000,0,136362000,0,64485000,64485000,64485000,0,0,0.106,125723000,116428000,13860000,0.293,80.413,21.739,21.951,421406000,0,27.0,2.313,2.313,31577000,851715000,606089000,606089000,0,0.103,2.654,0.128,0.192,3520000,79336000,1.0,51919891,51919891,,11.674,542948000,0,27237000,52459000,10.457,-2383000
SONC,MRY,2016-12-31,2016-08-31,2016-08-31,2018-04-04,0,648661000,637797750,137657000,511004000,0.951,-1.591,-46553000,87965000,87965000,356820000,64067000,1.844,-9.575,588668000,5090000,583578000,588668000,0,44418000,720000,0.015,0.44,127452000,171870000,0.283,171870000,127452000,92504000,1.32,1.29,1.32,-75643000,-47015000,-75643000,1856006332,14,10.799,69656000,1.465,1.0,249500000,0.411,76734000,34948000,997967000,968824750,3321000,22561000,0,22561000,724304000,74663000,649641000,1364051332,44901000,0,-146602000,140910000,-21309000,-37248000,-34060000,0,116209000,0,64067000,64067000,64067000,0,0,0.106,122048000,127452000,14372000,0.333,-18.033,21.291,21.735,397679000,0,28.69,2.25,2.25,35437000,894442000,606320000,606320000,0,0.1,-1.363,0.132,0.21,3766000,82089000,1.0,47544487,47544487,,12.753,571927000,0,28437000,45098000,12.029,62994000
SONC,MRY,2017-12-31,2017-08-31,2017-08-31,2018-04-04,0,561744000,572639500,89184000,472560000,0.833,-4.826,-46528000,42076000,42076000,249911000,63663000,1.521,-3.784,647747000,3464000,644283000,647747000,0,39248000,1093000,0.024,0.56,123275000,162523000,0.341,162523000,123275000,95467000,1.47,1.45,1.47,-201758000,-162685000,-201758000,1536321064,12,9.453,28344000,0.678,1.0,227356000,0.476,75756000,27808000,1033043000,1005353500,0,51921000,0,51921000,763502000,58616000,704886000,978756064,-49752000,8357000,-168880000,58584000,-24062000,-185112000,60488000,0,74872000,0,63663000,63663000,63663000,0,0,0.133,104081000,123275000,9213000,0.381,-4.851,15.374,15.925,312380000,0,23.41,2.051,2.051,33758000,934017000,477267000,477267000,0,0.111,-0.391,0.123,0.258,3942000,78687000,1.0,41809315,41809315,,11.415,485988000,0,31804000,40101000,11.624,30568000
