ticker,dimension,calendardate,datekey,reportperiod,lastupdated,accoci,assets,assetsavg,assetsc,assetsnc,assetturnover,bvps,capex,cashneq,cashnequsd,cor,consolinc,currentratio,de,debt,debtc,debtnc,debtusd,deferredrev,depamor,deposits,divyield,dps,ebit,ebitda,ebitdamargin,ebitdausd,ebitusd,ebt,eps,epsdil,epsusd,equity,equityavg,equityusd,ev,evebit,evebitda,fcf,fcfps,fxusd,gp,grossmargin,intangibles,intexp,invcap,invcapavg,inventory,investments,investmentsc,investmentsnc,liabilities,liabilitiesc,liabilitiesnc,marketcap,ncf,ncfbus,ncfcommon,ncfdebt,ncfdiv,ncff,ncfi,ncfinv,ncfo,ncfx,netinc,netinccmn,netinccmnusd,netincdis,netincnci,netmargin,opex,opinc,payables,payoutratio,pb,pe,pe1,ppnenet,prefdivis,price,ps,ps1,receivables,retearn,revenue,revenueusd,rnd,roa,roe,roic,ros,sbcomp,sgna,sharefactor,sharesbas,shareswa,shareswadil,sps,tangibles,taxassets,taxexp,taxliabilities,tbvps,workingcapital
SPAN,MRY,2011-12-31,2011-10-01,2011-10-01,2017-06-26,0,30596000,28600362,20916648,9679352,1.838,8.667,-191209,2124406,2124406,34433918,3699066,3.732,0.263,0,0,0,0,0,809696,0,0.031,0.42,5494066,6303762,0.12,6303762,5494066,5494066,1.33,1.3,1.33,24221123,23117986,24221123,37334392,6,5.923,2806167,1.01,1.0,18144454,0.345,2234420,0,20632289,20716315,7669741,4001831,4001831,0,6374877,5604885,769992,38228883,1343211,-102665,106498,0,-1166789,-1060291,-593874,-300000,2997376,0,3699066,3699066,3699066,0,0,0.07,12669281,5475173,3233597,0.316,1.578,10.335,10.286,5155528,0,13.68,0.727,0.723,6350360,22343429,52578372,52578372,643433,0.129,0.16,0.265,0.104,69497,12025848,1.0,2794509,2777820,2839292,18.928,28361580,468000,1795000,161000,10.149,15311763
SPAN,MRY,2012-12-31,2012-09-29,2012-09-29,2017-06-26,284396,37647766,36711948,21250742,16397024,2.074,10.304,-684327,2665302,2665302,52624293,5214973,3.162,0.252,0,0,0,0,0,1209326,0,0.028,0.47,7486834,8696160,0.114,8696160,7486834,7465973,1.8,1.77,1.8,30079984,28357111,30079984,47137230,6,5.42,6180987,2.137,1.0,23522130,0.309,8601502,20861,19660616,23222393,9418842,0,0,0,7567782,6720346,847436,48926630,540896,-8359359,68946,0,-1358425,-1289479,-5043686,4000000,6865314,8747,5214973,5214973,5214973,0,0,0.068,16012065,7510065,3360859,0.261,1.627,9.382,9.311,5390675,0,16.76,0.643,0.637,8238266,26199977,76146423,76146423,1100420,0.142,0.184,0.322,0.098,72264,14911645,1.0,2919250,2892956,2946603,26.321,29046264,613420,2251000,293149,9.95,14530396
SPAN,MRY,2013-12-31,2013-09-28,2013-09-28,2017-06-26,-213251,36376628,35980189,20705261,15671367,2.052,10.237,-550013,5424521,5424521,50269657,5067417,3.742,0.208,0,0,0,0,0,1285014,0,0.071,1.52,7300613,8585627,0.116,8585627,7300613,7285417,1.72,1.69,1.72,30113781,29160719,30113781,59613159,8,6.943,7668838,2.609,1.0,23563892,0.319,7917895,15196,17500487,18282433,6445950,0,0,0,6262847,5533725,729122,63211226,2759219,-110586,-297353,0,-4439382,-4736735,-660599,0,8218851,-62298,5067417,5067417,5067417,0,0,0.069,16269453,7294439,2658125,0.884,2.099,12.474,12.448,5136535,0,21.41,0.856,0.852,7787837,26828012,73833549,73833549,1224174,0.141,0.174,0.399,0.099,34242,15045279,1.0,2952416,2939684,2994239,25.116,28458733,348950,2218000,194883,9.675,15171536
SPAN,MRY,2014-12-31,2014-09-27,2014-09-27,2017-06-26,-1007428,35846834,35620363,21146503,14700331,1.568,10.365,-669931,6865931,6865931,37067737,2590767,4.669,0.168,0,0,0,0,0,1288525,0,0.03,0.57,3641406,4929931,0.088,4929931,3641406,3628767,0.88,0.87,0.88,30699832,30544841,30699832,49507645,13,10.042,2987078,1.013,1.0,18789638,0.336,7152103,12639,17299940,17559663,7395955,0,0,0,5147002,4528860,618142,56396613,1441410,-80593,273397,0,-1683011,-1409614,-750524,0,3657009,-55461,2590767,2590767,2590767,0,0,0.046,15179058,3610580,2477198,0.648,1.837,21.768,21.636,4888096,0,19.04,1.01,1.005,5851822,27735768,55857375,55857375,1071583,0.073,0.085,0.207,0.065,26637,14107475,1.0,2962007,2948992,2993333,18.941,28694731,271828,1038000,160685,9.688,16617643
SPAN,MRY,2015-12-31,2015-10-03,2015-10-03,2017-06-26,-2546539,32181622,34206743,18546818,13634804,1.88,8.151,-607120,1224026,1224026,42679013,3993398,2.592,0.324,0,0,0,0,0,1221778,0,0.091,1.61,5671683,6893461,0.107,6893461,5671683,5665398,1.34,1.33,1.34,24301760,27114422,24301760,46439954,8,6.737,3654560,1.227,1.0,21635983,0.336,6145044,6285,17657108,16457158,8746039,0,0,0,7879862,7155444,724418,52599641,-5641905,-82280,-4256543,0,-4780572,-9037115,-689400,0,4261680,-177070,3993398,3993398,3993398,0,0,0.062,16378531,5257452,4035333,1.201,2.164,13.172,13.134,4536104,0,17.6,0.818,0.815,7813773,26848299,64314996,64314996,1137334,0.117,0.147,0.345,0.088,9041,15241197,1.0,2988633,2978107,3006082,21.596,26036578,351452,1672000,348479,8.733,11391374
SPAN,MRY,2016-12-31,2016-10-01,2016-10-01,2017-06-26,-2501977,33561539,31977340,20608154,12953385,2.115,9.822,-439693,3752945,3752945,45345994,4247331,3.438,0.242,0,0,0,0,0,1180032,0,0.035,0.64,6079475,7259507,0.107,7259507,6079475,6074331,1.55,1.54,1.55,27011597,25685855,27011597,47445335,7,6.536,4386283,1.604,1.0,22281176,0.329,5927575,5144,17887186,18345592,7437442,0,0,0,6549942,5993833,556109,50676770,2528919,-99074,-5457,0,-1752004,-1757461,-538767,0,4825976,-829,4247331,4247331,4247331,0,0,0.063,16198912,6082264,2410376,0.413,1.876,11.931,11.865,4116070,0,18.39,0.749,0.744,8079500,29133746,67627170,67627170,1134547,0.133,0.165,0.331,0.09,0,15064365,1.0,2755625,2734862,2758119,24.728,27633964,459159,1827000,266715,10.048,14614321
