ticker,dimension,calendardate,datekey,reportperiod,lastupdated,accoci,assets,assetsavg,assetsc,assetsnc,assetturnover,bvps,capex,cashneq,cashnequsd,cor,consolinc,currentratio,de,debt,debtc,debtnc,debtusd,deferredrev,depamor,deposits,divyield,dps,ebit,ebitda,ebitdamargin,ebitdausd,ebitusd,ebt,eps,epsdil,epsusd,equity,equityavg,equityusd,ev,evebit,evebitda,fcf,fcfps,fxusd,gp,grossmargin,intangibles,intexp,invcap,invcapavg,inventory,investments,investmentsc,investmentsnc,liabilities,liabilitiesc,liabilitiesnc,marketcap,ncf,ncfbus,ncfcommon,ncfdebt,ncfdiv,ncff,ncfi,ncfinv,ncfo,ncfx,netinc,netinccmn,netinccmnusd,netincdis,netincnci,netmargin,opex,opinc,payables,payoutratio,pb,pe,pe1,ppnenet,prefdivis,price,ps,ps1,receivables,retearn,revenue,revenueusd,rnd,roa,roe,roic,ros,sbcomp,sgna,sharefactor,sharesbas,shareswa,shareswadil,sps,tangibles,taxassets,taxexp,taxliabilities,tbvps,workingcapital
SPH,MRY,2011-12-31,2011-09-24,2011-09-24,2018-05-10,-59916000,956459000,988060250,297822000,658637000,1.205,10.077,-16310000,149553000,149553000,960048000,114966000,1.966,1.67,348169000,0,348169000,348169000,57476000,35628000,0,0.073,3.4,143228000,178856000,0.15,178856000,143228000,115850000,3.24,3.22,3.24,358218000,403159000,358218000,1830649430,12,10.235,116476000,3.279,1.0,230504000,0.194,293729000,27378000,709832000,766543750,65907000,0,0,0,598241000,151514000,446727000,1643981430,-7355000,-3195000,0,0,-120636000,-120636000,-19505000,0,132786000,0,114966000,114966000,114966000,0,0,0.097,87276000,143228000,37456000,1.049,4.589,14.3,14.324,338125000,0,46.41,1.381,1.385,66630000,,1190552000,1190552000,0,0.116,0.285,0.187,0.12,0,51648000,1.0,35423000,35525000,35723000,33.513,662730000,0,884000,0,18.643,146308000
SPH,MRY,2012-12-31,2012-09-29,2012-09-29,2018-05-10,-61107000,2883850000,1415880500,337515000,2546335000,0.751,28.071,-16027000,134317000,134317000,897831000,638000,1.33,1.645,1422078000,0,1422078000,1422078000,124297000,47034000,0,0.082,3.4,39408000,86442000,0.081,86442000,39408000,775000,0.02,0.02,0.02,1090499000,539724250,1090499000,1702668200,43,19.697,94946000,2.444,1.0,165627000,0.156,1562047000,38633000,2355849000,1167549000,88176000,0,0,0,1793351000,253715000,1539636000,1470141200,-15236000,-223731000,259842000,-25199000,-121094000,113549000,-239758000,0,110973000,0,638000,638000,638000,0,0,0.001,123970000,41657000,53141000,170.0,1.348,2304.297,2068.0,936228000,0,41.36,1.382,1.511,88944000,,1063458000,1063458000,0,0.0,0.001,0.034,0.037,0,59020000,1.0,35545000,38848000,38990000,27.375,1321803000,0,137000,0,34.025,83800000
SPH,MRY,2013-12-31,2013-09-28,2013-09-28,2018-05-10,-47353000,2727987000,2898059750,293322000,2434665000,0.588,18.707,-20513000,107232000,107232000,1331401000,78798000,1.254,1.416,1245237000,0,1245237000,1245237000,107562000,130384000,0,0.075,3.49,174832000,305216000,0.179,305216000,174832000,79405000,1.35,1.34,1.35,1129126000,1165817250,1129126000,3886563230,22,12.734,193793000,3.32,1.0,372205000,0.218,1504200000,95427000,2127898000,2342075750,77623000,0,0,0,1598861000,233894000,1364967000,2790502230,-27085000,5850000,143444000,-168915000,-201257000,-226728000,-14663000,0,214306000,0,78798000,78798000,78798000,0,0,0.046,195229000,176976000,52766000,2.585,2.471,35.413,34.319,888232000,0,46.33,1.638,1.588,94854000,,1703606000,1703606000,0,0.027,0.068,0.075,0.103,0,64845000,1.0,60231000,58378000,58600000,29.182,1223787000,0,607000,0,20.275,59428000
SPH,MRY,2014-12-31,2014-09-27,2014-09-27,2018-05-10,-45905000,2609363000,2722212250,294865000,2314498000,0.712,16.861,-16532000,92639000,92639000,1547139000,94509000,1.327,1.555,1242685000,0,1242685000,1242685000,107386000,136399000,0,0.079,3.52,178537000,314936000,0.162,314936000,178537000,95276000,1.56,1.56,1.56,1021453000,1131536250,1021453000,3871132640,21,12.292,209019000,3.456,1.0,391118000,0.202,1446722000,83261000,2090421000,2223698250,90965000,0,0,0,1587910000,222266000,1365644000,2697152640,-14593000,0,0,-3077000,-211020000,-223612000,-16532000,0,225551000,0,94509000,94509000,94509000,0,0,0.049,200992000,190126000,49253000,2.256,2.641,28.539,28.667,826826000,0,44.72,1.392,1.395,96915000,,1938257000,1938257000,0,0.035,0.084,0.08,0.092,0,64593000,1.0,60312000,60481000,60751000,32.047,1162641000,0,767000,0,19.192,72599000
SPH,MRY,2015-12-31,2015-09-26,2015-09-26,2018-05-10,-48883000,2485730000,2575022250,273413000,2212317000,0.55,14.798,-29472000,152338000,152338000,1037631000,84352000,1.3,1.767,1241107000,0,1241107000,1241107000,105147000,133294000,0,0.105,3.524,162686000,295980000,0.209,295980000,162686000,85052000,1.39,1.38,1.39,898320000,1016540000,898320000,3129255262,19,10.573,294737000,4.86,1.0,379348000,0.268,1395218000,77634000,1968935000,2090794000,47686000,0,0,0,1587410000,210346000,1377064000,2034449262,59699000,-6500000,0,-10852000,-213118000,-228538000,-35972000,0,324209000,0,84352000,84352000,84352000,0,0,0.06,201590000,177758000,34922000,2.535,2.265,24.119,24.18,781058000,0,33.61,1.436,1.439,59929000,,1416979000,1416979000,0,0.033,0.083,0.078,0.115,0,68296000,1.0,60531070,60650000,60907000,23.363,1090512000,0,700000,0,17.964,63067000
SPH,MRY,2016-12-31,2016-09-24,2016-09-24,2018-05-10,-45832000,2282299000,2384098000,147299000,2135000000,0.439,11.614,-32425000,37341000,37341000,774709000,14440000,0.718,2.223,1224502000,0,1224502000,1224502000,106155000,129616000,0,0.104,3.55,90114000,219730000,0.21,219730000,90114000,15028000,0.24,0.24,0.24,708231000,823679250,708231000,3249927697,36,14.791,124683000,2.045,1.0,271402000,0.259,1370964000,75086000,1893442000,1977739000,45352000,0,0,0,1574068000,205054000,1369014000,2078388697,-114997000,-21480000,0,0,-215522000,-218200000,-53905000,0,157108000,0,14440000,14440000,14440000,0,0,0.014,190765000,80637000,32286000,14.792,2.935,143.933,142.458,742129000,0,34.19,1.987,1.992,53802000,,1046111000,1046111000,0,0.006,0.018,0.046,0.086,0,61149000,1.0,60789374,60956000,61176000,17.162,911335000,0,588000,0,14.944,-57755000
SPH,MRY,2017-12-31,2017-09-30,2017-09-30,2018-05-10,-28812000,2171283000,2235173250,139493000,2031790000,0.531,9.033,-22988000,2789000,2789000,887326000,37995000,0.663,2.926,1272164000,0,1272164000,1272164000,97023000,127938000,0,0.136,3.548,113717000,241655000,0.203,241655000,113717000,38454000,0.62,0.62,0.62,552982000,653477250,552982000,2841123965,24,11.757,137374000,2.244,1.0,300560000,0.253,1314511000,75263000,1915781000,1947502250,53220000,0,0,0,1618301000,210366000,1407935000,1594175965,-34552000,0,0,51714000,-216576000,-171926000,-22988000,0,160362000,0,37995000,37995000,37995000,0,0,0.032,185276000,115284000,38652000,5.723,2.883,41.958,42.081,692627000,0,26.09,1.342,1.345,65683000,,1187886000,1187886000,0,0.017,0.058,0.058,0.096,0,57338000,1.0,61102950,61224000,61542000,19.402,856772000,0,459000,0,13.996,-70873000
