ticker,dimension,calendardate,datekey,reportperiod,lastupdated,accoci,assets,assetsavg,assetsc,assetsnc,assetturnover,bvps,capex,cashneq,cashnequsd,cor,consolinc,currentratio,de,debt,debtc,debtnc,debtusd,deferredrev,depamor,deposits,divyield,dps,ebit,ebitda,ebitdamargin,ebitdausd,ebitusd,ebt,eps,epsdil,epsusd,equity,equityavg,equityusd,ev,evebit,evebitda,fcf,fcfps,fxusd,gp,grossmargin,intangibles,intexp,invcap,invcapavg,inventory,investments,investmentsc,investmentsnc,liabilities,liabilitiesc,liabilitiesnc,marketcap,ncf,ncfbus,ncfcommon,ncfdebt,ncfdiv,ncff,ncfi,ncfinv,ncfo,ncfx,netinc,netinccmn,netinccmnusd,netincdis,netincnci,netmargin,opex,opinc,payables,payoutratio,pb,pe,pe1,ppnenet,prefdivis,price,ps,ps1,receivables,retearn,revenue,revenueusd,rnd,roa,roe,roic,ros,sbcomp,sgna,sharefactor,sharesbas,shareswa,shareswadil,sps,tangibles,taxassets,taxexp,taxliabilities,tbvps,workingcapital
SPWR,MRY,2011-12-31,2012-01-01,2012-01-01,2018-05-09,7142000,3519130000,3366465500,2272037000,1247093000,0.705,12.938,-142629000,777897000,777897000,2148158000,-613737000,2.049,1.761,986373000,198832000,787541000,986373000,170828000,130472000,48073000,0.0,0.0,-529276000,-398804000,-0.168,-398804000,-529276000,-596529000,-6.28,-6.28,-6.28,1274725000,1391829750,1274725000,1214305675,-2,-3.045,-236933000,-2.425,1.0,226218000,0.095,70977000,67253000,2547837000,2526961250,445501000,36421000,0,36421000,2244405000,1108792000,1135613000,624099675,120198000,0,-7693000,112097000,0,157108000,64040000,206669000,-94304000,-6646000,-613737000,-613737000,-613737000,0,0,-0.258,760316000,-534098000,441655000,0.0,0.49,-1.017,-0.992,702739000,0,6.23,0.263,0.256,493487000,-550065000,2374376000,2374376000,57775000,-0.182,-0.441,-0.209,-0.223,46736000,331380000,1.0,100176513,97724000,97724000,24.297,3448153000,0,17208000,0,34.997,1163245000
SPWR,MRY,2012-12-31,2012-12-30,2012-12-30,2018-05-09,-2521000,3340948000,3233394750,1938232000,1402716000,0.748,8.337,-254808000,473055000,473055000,2171103000,-352020000,2.016,2.363,828990000,14700000,814290000,828990000,225550000,117770000,59648000,0.0,0.0,-246058000,-128288000,-0.053,-128288000,-246058000,-330178000,-3.01,-3.01,-3.01,993352000,1130737500,993352000,1092609458,-4,-8.517,-225905000,-1.929,1.0,246398000,0.102,0,84120000,2735278000,2690332750,291386000,42281000,0,42281000,2347596000,961605000,1385991000,653568458,-268131000,0,157976000,-175069000,0,-75708000,-220067000,34741000,28903000,-1259000,-352020000,-352020000,-352020000,0,0,-0.146,534106000,-287708000,414335000,0.0,0.658,-1.857,-1.824,858416000,0,5.49,0.27,0.266,502287000,-902085000,2417501000,2417501000,63456000,-0.109,-0.311,-0.091,-0.102,42439000,310246000,1.0,119047078,117093000,117093000,20.646,3340948000,0,21842000,0,28.04,976627000
SPWR,MRY,2013-12-31,2013-12-29,2013-12-29,2018-05-09,-4318000,3898690000,3623513500,2188478000,1710212000,0.692,9.189,-151901000,776437000,776437000,2016131000,33550000,1.318,2.459,905975000,512801000,393174000,905975000,308650000,98191000,36883000,0.0,0.0,216237000,314428000,0.125,314428000,216237000,107498000,0.79,0.7,0.79,1116153000,1022859500,1116153000,3672746930,16,11.681,10528000,0.087,1.0,491072000,0.196,0,108739000,2367768000,2477939250,245575000,26465000,0,26465000,2744907000,1660460000,1084447000,3509550930,305024000,0,-19673000,161330000,0,294068000,-153178000,-1277000,162429000,1705000,95593000,95593000,95593000,0,-62043000,0.038,332163000,158909000,443969000,0.0,3.144,36.713,36.595,954498000,0,28.91,1.4,1.393,567654000,-806492000,2507203000,2507203000,58080000,0.026,0.093,0.087,0.086,45678000,271481000,1.0,121395743,120819000,138980000,20.752,3898690000,0,11905000,0,32.097,528018000
SPWR,MRY,2014-12-31,2014-12-28,2014-12-28,2018-05-09,-13455000,4345582000,4225608250,2402847000,1942735000,0.716,11.676,-166936000,974716000,974716000,2402138000,183095000,2.127,1.787,1170566000,263430000,907136000,1170566000,83440000,108795000,31788000,0.0,0.0,324312000,433107000,0.143,433107000,324312000,254654000,1.91,1.55,1.91,1534174000,1353720000,1534174000,3624604892,11,8.369,-158576000,-1.233,1.0,625127000,0.206,37981000,69658000,3373840000,3006145250,208573000,31678000,0,31678000,2740987000,1129611000,1611376000,3456621892,193664000,-35078000,-56496000,509869000,0,498566000,-309239000,-107225000,8360000,-4023000,245894000,245894000,245894000,0,-62799000,0.081,373887000,251240000,419919000,0.0,2.253,14.057,13.78,1092913000,0,26.32,1.142,1.118,960990000,-560598000,3027265000,3027265000,73343000,0.058,0.182,0.108,0.107,53213000,288321000,1.0,131330619,128635000,162751000,23.534,4307601000,0,8760000,0,32.784,1273236000
SPWR,MRY,2015-12-31,2016-01-03,2016-01-03,2018-05-09,-8023000,4856993000,4425745500,2514520000,2342473000,0.356,10.605,-328433000,979016000,979016000,1331827000,-299436000,2.518,2.263,1610949000,21041000,1589908000,1610949000,115739000,138007000,33671000,0.0,0.0,-76529000,61478000,0.039,61478000,-76529000,-120325000,-1.39,-1.39,-1.39,1449149000,1502159750,1449149000,4549943451,-59,74.009,-1054664000,-7.819,1.0,244646000,0.155,119577000,43796000,4370747000,3771175000,382390000,48223000,0,48223000,3279250000,998602000,2280648000,4099161451,21528000,475035000,-43263000,337501000,0,619967000,132574000,-4092000,-726231000,-4782000,-187019000,-187019000,-187019000,0,-112417000,-0.119,450940000,-206294000,514654000,0.0,2.829,-21.918,-21.59,1747274000,0,30.01,2.6,2.568,563924000,-747617000,1576473000,1576473000,99063000,-0.042,-0.125,-0.02,-0.049,19585000,345486000,1.0,136593184,134884000,134884000,11.688,4737416000,0,66694000,0,34.667,1515918000
SPWR,MRY,2016-12-31,2017-01-01,2017-01-01,2018-05-09,-7238000,4567167000,4924964000,1914699000,2652468000,0.52,7.28,-310129000,458966000,458966000,2369596000,-543844000,1.756,3.35,1636097000,71376000,1564721000,1636097000,77140000,174209000,10138000,0.0,0.0,-403010000,-228801000,-0.089,-228801000,-403010000,-463745000,-3.41,-3.41,-3.41,1007832000,1235435250,1007832000,2607407720,-6,-11.396,-622412000,-4.511,1.0,189966000,0.074,44218000,60735000,4609905000,4954061250,401707000,60217000,0,60217000,3376226000,1090175000,2286051000,914943720,-506552000,-33841000,-21517000,59715000,0,159779000,-354783000,-10292000,-312283000,735000,-471064000,-471064000,-471064000,0,-72780000,-0.184,652380000,-462414000,540295000,0.0,0.908,-1.942,-1.938,2056363000,0,6.61,0.357,0.356,759751000,-1218681000,2559562000,2559562000,116130000,-0.096,-0.381,-0.081,-0.157,58688000,329061000,1.0,138418112,137985000,137985000,18.55,4522949000,0,7319000,0,32.67,824524000
SPWR,MRY,2017-12-31,2017-12-31,2017-12-31,2018-05-09,-3008000,4028656000,4255102500,1351636000,2677020000,0.44,4.213,-282878000,478806000,478806000,1887084000,-1092910000,1.231,5.646,1604904000,357816000,1247088000,1604904000,0,188698000,0,0.0,0.0,-765352000,-576654000,-0.308,-576654000,-765352000,-855106000,-6.11,-6.11,-6.11,588209000,716264250,588209000,2633841551,-3,-4.567,-550290000,-3.948,1.0,-15271000,-0.008,25519000,89754000,4031023000,4516370250,352829000,71769000,0,71769000,3321032000,1098212000,2222820000,1176587551,30125000,5954000,-4756000,415488000,0,589932000,-293084000,-16160000,-267412000,689000,-851163000,-851163000,-851163000,0,-241747000,-0.455,1003198000,-1018469000,406902000,0.0,2.0,-1.382,-1.38,1620126000,0,8.43,0.629,0.628,535638000,-1669897000,1871813000,1871813000,80785000,-0.2,-1.188,-0.169,-0.409,34674000,277033000,1.0,139571477,139370000,139370000,13.431,4003137000,0,-3943000,0,28.673,253424000
