ticker,dimension,calendardate,datekey,reportperiod,lastupdated,accoci,assets,assetsavg,assetsc,assetsnc,assetturnover,bvps,capex,cashneq,cashnequsd,cor,consolinc,currentratio,de,debt,debtc,debtnc,debtusd,deferredrev,depamor,deposits,divyield,dps,ebit,ebitda,ebitdamargin,ebitdausd,ebitusd,ebt,eps,epsdil,epsusd,equity,equityavg,equityusd,ev,evebit,evebitda,fcf,fcfps,fxusd,gp,grossmargin,intangibles,intexp,invcap,invcapavg,inventory,investments,investmentsc,investmentsnc,liabilities,liabilitiesc,liabilitiesnc,marketcap,ncf,ncfbus,ncfcommon,ncfdebt,ncfdiv,ncff,ncfi,ncfinv,ncfo,ncfx,netinc,netinccmn,netinccmnusd,netincdis,netincnci,netmargin,opex,opinc,payables,payoutratio,pb,pe,pe1,ppnenet,prefdivis,price,ps,ps1,receivables,retearn,revenue,revenueusd,rnd,roa,roe,roic,ros,sbcomp,sgna,sharefactor,sharesbas,shareswa,shareswadil,sps,tangibles,taxassets,taxexp,taxliabilities,tbvps,workingcapital
SRDX,MRY,2011-12-31,2011-09-30,2011-09-30,2018-05-05,-153000,156782000,168309000,54587000,102195000,0.313,8.001,-1551000,23217000,23217000,6750000,-18506000,4.944,0.123,0,0,0,0,275000,3159000,0,0.0,0.0,-12902000,-9743000,-0.185,-9743000,-12902000,-12902000,-1.06,-1.06,-1.06,139608000,149878000,139608000,141036923,-10,-14.476,18404000,1.057,1.0,46006000,0.872,13209000,0,109316000,119564500,3181000,44980000,15226000,29754000,17174000,11040000,6134000,159473923,11826000,-10491000,534000,0,0,5383000,-13512000,438000,19955000,0,-18506000,-18506000,-18506000,29431000,0,-0.351,30483000,15523000,1572000,0.0,1.142,-8.617,-8.585,14586000,0,9.1,3.023,3.005,4385000,64394000,52756000,52756000,14005000,-0.11,-0.123,-0.108,-0.245,3654000,14862000,1.0,17524607,17419000,17462000,3.029,143573000,9159000,5604000,0,8.228,43547000
SRDX,MRY,2012-12-31,2012-09-30,2012-09-30,2018-05-05,40000,104319000,142096000,39955000,64364000,0.365,5.669,-763000,15540000,15540000,7418000,10231000,5.791,0.098,0,0,0,0,232000,2929000,0,0.0,0.0,16408000,19337000,0.372,19337000,16408000,16408000,0.59,0.59,0.59,94988000,133377500,94988000,288874834,17,14.939,15349000,0.886,1.0,44510000,0.857,12440000,0,69440000,75460750,3524000,42550000,14117000,28433000,9331000,6899000,2432000,354742834,-7677000,27665000,-54883000,0,0,-83224000,59435000,2716000,16112000,0,10231000,10231000,10231000,-102000,0,0.197,28168000,16342000,1657000,0.0,3.735,34.673,34.271,13610000,0,20.22,6.831,6.743,5069000,75869000,51928000,51928000,14143000,0.072,0.077,0.217,0.316,2709000,14025000,1.0,17544156,17318000,17431000,2.998,91879000,6025000,6177000,0,5.483,33056000
SRDX,MRY,2013-12-31,2013-09-30,2013-09-30,2018-05-05,58000,101923000,105314500,35779000,66144000,0.533,6.622,-1842000,15495000,15495000,7898000,15167000,5.987,0.086,0,0,0,0,203000,2886000,0,0.0,0.0,20948000,23834000,0.425,23834000,20948000,20948000,1.05,1.03,1.05,93817000,98135750,93817000,321703817,15,13.498,15823000,1.094,1.0,48234000,0.859,11698000,0,68754000,69491250,3328000,42609000,10212000,32397000,8106000,5976000,2130000,339414817,-45000,-116000,-17427000,0,0,-17788000,78000,2036000,17665000,0,15167000,15167000,15167000,-588000,0,0.27,29414000,18820000,954000,0.0,3.618,22.379,22.648,12845000,0,23.78,6.047,6.128,5332000,91036000,56132000,56132000,15079000,0.144,0.155,0.301,0.373,3029000,13859000,1.0,14273121,14464000,14731000,3.881,90225000,6544000,5781000,0,6.369,29803000
SRDX,MRY,2014-12-31,2014-09-30,2014-09-30,2018-05-05,1528000,104889000,99086000,55280000,49609000,0.58,7.255,-2278000,43511000,43511000,8016000,12031000,13.592,0.062,0,0,0,0,278000,2715000,0,0.0,0.0,18296000,21011000,0.366,21011000,18296000,18296000,0.88,0.87,0.88,98751000,93250750,98751000,207187871,11,9.861,15905000,1.167,1.0,49423000,0.86,10956000,0,46355000,58364500,2817000,19863000,3040000,16823000,6138000,4067000,2071000,246916871,28016000,-354000,-13144000,0,0,-12554000,22387000,25019000,18183000,0,12031000,12031000,12031000,352000,0,0.209,30847000,18576000,1028000,0.0,2.5,20.523,20.636,13133000,0,18.16,4.299,4.31,4751000,93881000,57439000,57439000,15550000,0.121,0.129,0.313,0.319,3101000,14691000,1.0,13596744,13632000,13876000,4.214,93933000,7112000,6265000,0,6.901,51213000
SRDX,MRY,2015-12-31,2015-09-30,2015-09-30,2018-05-05,5000,98710000,93128500,67789000,30921000,0.665,7.097,-1835000,55588000,55588000,8619000,11947000,14.423,0.074,0,0,0,0,265000,2805000,0,0.0,0.0,18241000,21046000,0.34,21046000,18241000,18241000,0.92,0.9,0.92,91873000,87108000,91873000,228327491,12,10.849,13186000,1.012,1.0,53279000,0.861,10770000,0,27652000,36918250,2979000,0,0,0,6837000,4700000,2137000,282435491,12077000,-315000,-20115000,0,0,-19638000,16694000,18844000,15021000,0,11947000,11947000,11947000,0,0,0.193,34190000,19089000,860000,0.0,3.074,23.641,23.739,12968000,0,21.84,4.563,4.597,7478000,88161000,61898000,61898000,16165000,0.128,0.137,0.494,0.295,1949000,14906000,1.0,12932028,13029000,13289000,4.751,87940000,7250000,6294000,0,6.793,63089000
SRDX,MRY,2016-12-31,2016-09-30,2016-09-30,2018-05-05,1273000,132894000,123627000,58558000,74336000,0.577,8.165,-8103000,24987000,24987000,10908000,9985000,5.778,0.244,0,0,0,0,0,4873000,0,0.0,0.0,16948000,21821000,0.306,21821000,16948000,16948000,0.77,0.76,0.77,106833000,100935750,106833000,357889534,21,16.401,17063000,1.313,1.0,60458000,0.847,49080000,0,48692000,32904500,3579000,21954000,21954000,0,26061000,10135000,15926000,392545534,-30601000,-25859000,106000,0,0,-199000,-55468000,-21506000,25166000,-100000,9985000,9985000,9985000,0,0,0.14,43599000,16859000,1622000,0.0,3.674,39.314,39.078,19601000,0,30.09,5.5,5.48,6869000,98146000,71366000,71366000,18498000,0.081,0.099,0.515,0.237,3844000,18000000,1.0,13045714,12998000,13219000,5.491,83814000,5724000,6963000,0,6.405,48423000
SRDX,MRY,2017-12-31,2017-09-30,2017-09-30,2018-05-05,3417000,136593000,132100250,60883000,75710000,0.553,8.554,-6432000,16534000,16534000,11422000,3926000,6.211,0.224,0,0,0,0,243000,5555000,0,0.0,0.0,7033000,12588000,0.172,12588000,7033000,7033000,0.3,0.29,0.3,111557000,109375250,111557000,395058791,56,31.384,7621000,0.579,1.0,61690000,0.844,47844000,0,62412000,62967500,3516000,31802000,31802000,0,25036000,9803000,15233000,406408791,-8453000,0,-6414000,-96000,0,-6510000,-16189000,-9757000,14053000,193000,3926000,3926000,3926000,0,0,0.054,54587000,7103000,2396000,0.0,3.643,103.517,103.333,22942000,0,31.0,5.559,5.577,7211000,102072000,73112000,73112000,31817000,0.03,0.036,0.112,0.096,3472000,20478000,1.0,13109961,13153000,13389000,5.559,88749000,4626000,3107000,0,6.805,51080000
