ticker,dimension,calendardate,datekey,reportperiod,lastupdated,accoci,assets,assetsavg,assetsc,assetsnc,assetturnover,bvps,capex,cashneq,cashnequsd,cor,consolinc,currentratio,de,debt,debtc,debtnc,debtusd,deferredrev,depamor,deposits,divyield,dps,ebit,ebitda,ebitdamargin,ebitdausd,ebitusd,ebt,eps,epsdil,epsusd,equity,equityavg,equityusd,ev,evebit,evebitda,fcf,fcfps,fxusd,gp,grossmargin,intangibles,intexp,invcap,invcapavg,inventory,investments,investmentsc,investmentsnc,liabilities,liabilitiesc,liabilitiesnc,marketcap,ncf,ncfbus,ncfcommon,ncfdebt,ncfdiv,ncff,ncfi,ncfinv,ncfo,ncfx,netinc,netinccmn,netinccmnusd,netincdis,netincnci,netmargin,opex,opinc,payables,payoutratio,pb,pe,pe1,ppnenet,prefdivis,price,ps,ps1,receivables,retearn,revenue,revenueusd,rnd,roa,roe,roic,ros,sbcomp,sgna,sharefactor,sharesbas,shareswa,shareswadil,sps,tangibles,taxassets,taxexp,taxliabilities,tbvps,workingcapital
SSI,MRY,2011-12-31,2012-01-28,2012-01-28,2018-04-10,-4748000,735339000,791182500,399999000,335340000,1.911,13.563,-45731000,18621000,18621000,1101319000,30960000,2.147,0.782,49503000,13782000,35721000,49503000,0,61680000,0,0.022,0.34,51096000,112776000,0.075,112776000,51096000,47275000,0.93,0.92,0.93,412706000,425930000,412706000,560306408,10,4.968,32324000,0.979,1.0,410600000,0.272,14910000,3821000,565012000,585310000,347944000,0,0,0,322633000,186299000,136334000,480798408,-70728000,0,-102699000,9862000,-11033000,-103465000,-45318000,0,78055000,0,30960000,30960000,30960000,0,0,0.02,359504000,51096000,106022000,0.366,1.165,15.53,16.989,300717000,0,15.8,0.318,0.345,0,68619000,1511919000,1511919000,0,0.039,0.073,0.087,0.034,7089000,353834000,1.0,30430279,33021000,33278000,45.787,720429000,0,16315000,24017000,23.676,213700000
SSI,MRY,2012-12-31,2013-02-02,2013-02-02,2018-04-10,-6135000,794871000,811955750,467332000,327539000,2.005,14.524,-49489000,17937000,17937000,1168907000,38179000,2.246,0.71,12329000,744000,11585000,12329000,0,60426000,0,0.017,0.38,65563000,125989000,0.077,125989000,65563000,62552000,1.2,1.19,1.2,464870000,433532750,464870000,729205272,11,5.788,26492000,0.847,1.0,458795000,0.282,14910000,3011000,566281000,565908000,413928000,0,0,0,330001000,208072000,121929000,732621272,-684000,0,21245000,-37174000,-11995000,-27226000,-49439000,0,75981000,0,38179000,38179000,38179000,3737000,0,0.023,389495000,69300000,110826000,0.317,1.576,19.189,19.133,290701000,0,22.96,0.45,0.441,0,94771000,1627702000,1627702000,0,0.047,0.088,0.116,0.04,5468000,387332000,1.0,31908592,31278000,31600000,52.04,779961000,0,24373000,34390000,24.368,259260000
SSI,MRY,2013-12-31,2014-02-01,2014-02-01,2018-04-10,-4616000,810837000,867460500,489251000,321586000,1.855,14.559,-61263000,14762000,14762000,1172995000,16642000,2.506,0.784,63225000,2354000,60871000,63225000,0,69925000,0,0.025,0.49,34786000,104711000,0.065,104711000,34786000,32042000,0.51,0.51,0.51,454444000,456251000,454444000,730606682,21,6.977,-14736000,-0.46,1.0,436486000,0.271,14910000,2744000,649134000,688282000,434407000,0,0,0,356393000,195256000,161137000,611775682,-3175000,0,-21218000,48523000,-15466000,11534000,-61236000,0,46527000,0,16642000,16642000,16642000,8574000,0,0.01,393126000,43360000,125707000,0.961,1.346,36.761,38.431,282534000,0,19.6,0.38,0.39,0,75420000,1609481000,1609481000,0,0.019,0.036,0.051,0.022,8102000,393126000,1.0,31213045,32034000,32311000,50.243,795927000,0,15400000,20989000,25.498,293995000
SSI,MRY,2014-12-31,2015-01-31,2015-01-31,2018-04-10,-6874000,824677000,869515500,504061000,320616000,1.884,15.034,-70580000,17165000,17165000,1188763000,30850000,2.461,0.733,47388000,1715000,45673000,47388000,0,63447000,0,0.027,0.54,56699000,120146000,0.073,120146000,56699000,53697000,0.96,0.96,0.96,475930000,449620250,475930000,739757600,13,6.157,31634000,0.999,1.0,449806000,0.275,14910000,3002000,635208000,696305250,441452000,0,0,0,348747000,204782000,143965000,632588600,2403000,0,2285000,-16500000,-16970000,-32177000,-67634000,0,102214000,0,30850000,30850000,30850000,7003000,0,0.019,386104000,63702000,121778000,0.563,1.329,20.505,20.833,285450000,0,20.0,0.386,0.387,0,87693000,1638569000,1638569000,0,0.035,0.069,0.081,0.035,8876000,386104000,1.0,31629430,31675000,31763000,51.731,809767000,0,22847000,33929000,25.579,299279000
SSI,MRY,2015-12-31,2016-01-30,2016-01-30,2018-04-10,-6353000,848099000,913165500,500762000,347337000,1.757,14.907,-90695000,16487000,16487000,1208002000,3780000,3.212,0.973,165723000,2847000,162876000,165723000,0,77599000,0,0.07,0.58,8572000,86171000,0.054,86171000,8572000,5595000,0.12,0.12,0.12,429753000,452139000,429753000,402258324,46,4.668,-50395000,-1.618,1.0,396431000,0.247,15235000,2977000,826218000,773273750,435996000,0,0,0,418346000,155882000,262464000,253650324,-678000,0,-41044000,113216000,-18653000,49999000,-90977000,0,40300000,0,3780000,3780000,3780000,0,0,0.002,387859000,8572000,84019000,4.833,0.59,67.103,69.167,311717000,0,8.3,0.158,0.161,0,72820000,1604433000,1604433000,0,0.004,0.008,0.011,0.005,11858000,387859000,1.0,30560280,31145000,31188000,51.515,832864000,0,1815000,22127000,28.89,344880000
SSI,MRY,2016-12-31,2017-01-28,2017-01-28,2018-04-10,-5648000,786989000,898815250,464761000,322228000,1.605,13.996,-74257000,13803000,13803000,1144666000,-37897000,2.755,1.07,170163000,6414000,163749000,170163000,0,91656000,0,0.218,0.6,-58012000,33644000,0.023,33644000,-58012000,-63063000,-1.4,-1.4,-1.4,380160000,397251250,380160000,292394577,-5,8.691,10027000,0.37,1.0,298052000,0.207,15235000,5051000,759444000,855528750,409384000,0,0,0,406829000,168670000,238159000,74704577,-2684000,0,0,3625000,-16656000,-13890000,-73078000,0,84284000,0,-37897000,-37897000,-37897000,0,0,-0.026,356064000,-58012000,101985000,-0.429,0.197,-1.971,-1.964,284110000,0,2.75,0.052,0.052,0,18267000,1442718000,1442718000,0,-0.042,-0.095,-0.068,-0.04,4896000,356064000,1.0,27165301,27090000,27090000,53.256,771754000,0,-25166000,873000,28.413,296091000
SSI,MRY,2017-12-31,2018-02-03,2018-02-03,2018-04-10,-5177000,806406000,873883250,512034000,294372000,1.822,12.452,-38630000,21250000,21250000,1228780000,-37323000,2.399,1.343,183335000,2985000,180350000,183335000,0,67161000,0,0.183,0.3,-42711000,24450000,0.015,24450000,-42711000,-50391000,-1.37,-1.37,-1.37,344114000,348372500,344114000,283947906,-6,11.613,36831000,1.339,1.0,363495000,0.228,17135000,7680000,737938000,828437500,439735000,0,0,0,462292000,213418000,248874000,45308906,7447000,-36144000,0,13138000,-8540000,4347000,-72361000,0,75461000,0,-37323000,-37323000,-37323000,0,0,-0.023,406206000,-42711000,145991000,-0.219,0.132,-1.214,-1.197,252788000,0,1.64,0.028,0.028,0,-26397000,1592275000,1592275000,0,-0.043,-0.107,-0.052,-0.027,8386000,406206000,1.0,27627382,27510000,27510000,57.88,789271000,0,-13068000,176000,28.56,298616000
