ticker,dimension,calendardate,datekey,reportperiod,lastupdated,accoci,assets,assetsavg,assetsc,assetsnc,assetturnover,bvps,capex,cashneq,cashnequsd,cor,consolinc,currentratio,de,debt,debtc,debtnc,debtusd,deferredrev,depamor,deposits,divyield,dps,ebit,ebitda,ebitdamargin,ebitdausd,ebitusd,ebt,eps,epsdil,epsusd,equity,equityavg,equityusd,ev,evebit,evebitda,fcf,fcfps,fxusd,gp,grossmargin,intangibles,intexp,invcap,invcapavg,inventory,investments,investmentsc,investmentsnc,liabilities,liabilitiesc,liabilitiesnc,marketcap,ncf,ncfbus,ncfcommon,ncfdebt,ncfdiv,ncff,ncfi,ncfinv,ncfo,ncfx,netinc,netinccmn,netinccmnusd,netincdis,netincnci,netmargin,opex,opinc,payables,payoutratio,pb,pe,pe1,ppnenet,prefdivis,price,ps,ps1,receivables,retearn,revenue,revenueusd,rnd,roa,roe,roic,ros,sbcomp,sgna,sharefactor,sharesbas,shareswa,shareswadil,sps,tangibles,taxassets,taxexp,taxliabilities,tbvps,workingcapital
SSY,MRY,2011-12-31,2011-06-30,2011-06-30,2018-05-11,-278000,91830000,95775750,43365000,48465000,1.257,3.211,-2640000,7250000,7250000,46133000,-16103000,1.384,2.523,37052000,7414000,29638000,37052000,0,5344000,0,0.0,0.0,-17742000,-12398000,-0.103,-12398000,-17742000,-25175000,-1.99,-1.99,-1.99,26068000,35370750,26068000,51679540,-2,-4.168,2139000,0.264,1.0,74215000,0.617,4869000,7433000,85431000,66772000,4371000,0,0,0,65762000,31332000,34430000,15426540,5546000,0,65000,3342000,0,3407000,-2640000,0,4779000,0,-16103000,-16103000,-16103000,-173000,0,-0.134,92135000,-17920000,7509000,0.0,0.592,-0.958,-0.955,33684000,0,1.9,0.128,0.128,16302000,10462000,120348000,120348000,0,-0.168,-0.455,-0.266,-0.147,6000,70083000,1.0,8119232,8094000,8094000,14.869,86961000,13158000,-9072000,0,10.712,12033000
SSY,MRY,2012-12-31,2012-06-30,2012-06-30,2018-05-11,-497000,79172000,81054000,30618000,48554000,1.397,3.1,-2014000,2057000,2057000,42459000,1081000,0.962,1.703,29021000,15281000,13740000,29021000,0,4365000,0,0.0,0.0,4893000,9258000,0.082,9258000,4893000,516000,0.12,0.12,0.12,29291000,25007000,29291000,40410538,8,4.365,1068000,0.114,1.0,70757000,0.625,3781000,4377000,70541000,69434250,3884000,0,0,0,49881000,31814000,18067000,11337538,-5193000,0,2342000,-8603000,0,-6261000,-2014000,0,3082000,0,1081000,1081000,1081000,-2757000,0,0.01,67969000,2788000,6934000,0.0,0.387,10.488,10.0,30082000,0,1.2,0.1,0.099,13228000,11543000,113216000,113216000,0,0.013,0.043,0.07,0.043,92000,67776000,1.0,9447949,9350000,9350000,12.109,75391000,11263000,-565000,0,7.979,-1196000
SSY,MRY,2013-12-31,2013-06-30,2013-06-30,2018-05-11,-406000,68003000,71914750,28093000,39910000,1.323,3.574,-5020000,2657000,2657000,36388000,4488000,1.263,1.015,18270000,9542000,8728000,18270000,0,4048000,0,0.0,0.0,4500000,8548000,0.09,8548000,4500000,2967000,0.48,0.48,0.48,33743000,31239250,33743000,23256028,5,2.721,-7036000,-0.745,1.0,58731000,0.617,3636000,1533000,57734000,59391000,3798000,0,0,0,34260000,22246000,12014000,7838028,440000,18280000,-213000,-10751000,0,-10964000,13420000,0,-2016000,0,4488000,4488000,4488000,-6356000,0,0.047,60073000,-1342000,6030000,0.0,0.232,1.746,1.729,30574000,0,0.83,0.082,0.082,12356000,16031000,95119000,95119000,0,0.062,0.144,0.076,0.047,86000,58043000,1.0,9443408,9445000,9445000,10.071,64367000,9890000,-1521000,0,6.817,5847000
SSY,MRY,2014-12-31,2014-06-30,2014-06-30,2018-05-11,-334000,63847000,66263250,25775000,38072000,1.113,3.528,-1723000,3587000,3587000,29634000,-545000,1.562,0.916,12509000,561000,11948000,12509000,0,3662000,0,0.0,0.0,940000,4602000,0.062,4602000,940000,-4000,-0.06,-0.06,-0.06,33318000,32662750,33318000,25348957,26,5.508,2169000,0.23,1.0,44135000,0.598,3440000,944000,52823000,55564000,3757000,0,0,0,30529000,16506000,14023000,11520957,1090000,0,0,-919000,0,-919000,-1883000,0,3892000,0,-545000,-545000,-545000,61000,0,-0.007,43093000,1042000,4530000,0.0,0.346,-21.139,-20.333,23326000,0,1.22,0.156,0.156,12636000,15486000,73769000,73769000,0,-0.008,-0.017,0.017,0.013,48000,41913000,1.0,9443408,9443000,9456000,7.812,60407000,7410000,541000,73000,6.397,9269000
SSY,MRY,2015-12-31,2015-06-30,2015-06-30,2018-05-11,-374000,57128000,59502750,25092000,32036000,1.239,3.554,-1279000,5974000,5974000,29024000,245000,2.331,0.702,12045000,816000,11229000,12045000,0,2681000,0,0.0,0.0,1999000,4680000,0.063,4680000,1999000,1138000,0.03,0.03,0.03,33560000,33469750,33560000,21688546,10,4.634,1659000,0.176,1.0,44722000,0.606,3298000,861000,49137000,52655500,3148000,0,0,0,23568000,10764000,12804000,14259546,2387000,6090000,0,-5362000,0,-5362000,4811000,0,2938000,0,245000,245000,245000,242000,0,0.003,42502000,2220000,2688000,0.0,0.425,58.202,50.333,14243000,0,1.51,0.193,0.193,8805000,15731000,73746000,73746000,0,0.004,0.007,0.038,0.027,37000,40513000,1.0,9443408,9443000,9496000,7.81,53830000,6852000,893000,64000,5.701,14328000
SSY,MRY,2016-12-31,2016-06-30,2016-06-30,2018-05-11,-420000,44105000,47506500,17892000,26213000,1.335,2.064,-1430000,3261000,3261000,26978000,-14083000,0.892,1.263,10452000,7473000,2979000,10452000,0,2436000,0,0.0,0.0,-8682000,-6246000,-0.098,-6246000,-8682000,-9525000,-1.49,-1.49,-1.49,19489000,23689000,19489000,12275759,-1,-1.965,-1856000,-0.197,1.0,36455000,0.575,3156000,843000,28089000,32944500,2612000,0,0,0,24616000,20051000,4565000,4720759,-2713000,0,0,-857000,0,-857000,-1430000,0,-426000,0,-14083000,-14083000,-14083000,2169000,0,-0.222,42978000,-6523000,5274000,0.0,0.242,-0.335,-0.336,12994000,0,0.5,0.074,0.074,6166000,1648000,63433000,63433000,0,-0.296,-0.594,-0.264,-0.137,58000,38814000,1.0,9443408,9443000,9443000,6.717,40949000,2322000,4558000,0,4.336,-2159000
SSY,MRY,2017-12-31,2017-06-30,2017-06-30,2018-05-11,-327000,35336000,38693750,22621000,12715000,1.377,2.368,3848000,11494000,11494000,24528000,2688000,1.837,0.629,6710000,6710000,0,6710000,0,1987000,0,0.0,0.0,2811000,4798000,0.09,4798000,2811000,2176000,0.29,0.29,0.29,21693000,23480500,21693000,9802929,3,2.043,-1762000,-0.189,1.0,28760000,0.54,1587000,635000,16651000,20464000,2159000,0,0,0,13643000,12314000,1329000,15209929,7233000,14621000,-641000,-3985000,0,-5626000,18469000,0,-5610000,0,2688000,2688000,2688000,-4647000,0,0.05,33270000,-4510000,2229000,0.0,0.701,5.658,5.724,10290000,0,1.66,0.285,0.291,5906000,4336000,53288000,53288000,0,0.069,0.114,0.137,0.053,64000,28994000,1.0,9162608,9346000,9346000,5.702,33749000,0,-512000,0,3.684,10307000
