ticker,dimension,calendardate,datekey,reportperiod,lastupdated,accoci,assets,assetsavg,assetsc,assetsnc,assetturnover,bvps,capex,cashneq,cashnequsd,cor,consolinc,currentratio,de,debt,debtc,debtnc,debtusd,deferredrev,depamor,deposits,divyield,dps,ebit,ebitda,ebitdamargin,ebitdausd,ebitusd,ebt,eps,epsdil,epsusd,equity,equityavg,equityusd,ev,evebit,evebitda,fcf,fcfps,fxusd,gp,grossmargin,intangibles,intexp,invcap,invcapavg,inventory,investments,investmentsc,investmentsnc,liabilities,liabilitiesc,liabilitiesnc,marketcap,ncf,ncfbus,ncfcommon,ncfdebt,ncfdiv,ncff,ncfi,ncfinv,ncfo,ncfx,netinc,netinccmn,netinccmnusd,netincdis,netincnci,netmargin,opex,opinc,payables,payoutratio,pb,pe,pe1,ppnenet,prefdivis,price,ps,ps1,receivables,retearn,revenue,revenueusd,rnd,roa,roe,roic,ros,sbcomp,sgna,sharefactor,sharesbas,shareswa,shareswadil,sps,tangibles,taxassets,taxexp,taxliabilities,tbvps,workingcapital
STE,MRY,2014-12-31,2014-03-31,2014-03-31,2018-02-09,,,,,,,,-81593000,,,972630000,129442000,,,,,,,,75649000,,0.017,0.82,207146000,282795000,0.174,282795000,207146000,188376000,2.2,2.17,2.2,,,,,,,128038000,,1.0,649622000,0.4,,18770000,,,,,,,,,,,10794000,-67059000,-9809000,1190000,-48385000,-54206000,-148652000,0,209631000,4021000,129442000,129442000,129442000,0,0,0.08,442815000,206807000,,0.373,,,21.705,,0,47.75,,,,,1622252000,1622252000,48641000,,,,0.128,8259000,380970000,,,,,,,,58934000,,,
STE,MRY,2015-12-31,2015-03-31,2015-03-31,2018-02-09,-66669000,2097291000,,720432000,1376859000,,,-84426000,167689000,167689000,1075962000,135064000,2.543,0.955,621075000,0,621075000,621075000,0,91541000,0,0.013,0.9,228007000,319548000,0.173,319548000,228007000,208820000,2.27,2.25,2.27,1071632000,,1071632000,,,,161614000,,1.0,774301000,0.418,860645000,19187000,1406701000,,160818000,0,0,0,1023645000,283331000,740314000,,14887000,-194662000,-2413000,129770000,-53513000,69750000,-283769000,-4681000,246040000,-17134000,135064000,135064000,135064000,0,0,0.073,547090000,227211000,99340000,0.396,,,30.956,493053000,0,70.27,,,325289000,1193791000,1850263000,1850263000,54139000,,,,0.123,3395000,493342000,1.0,,,,,1236646000,31629000,73756000,79059000,,437101000
STE,MRY,2016-12-31,2016-03-31,2016-03-31,2018-02-09,-68159000,5346416000,3721853500,972525000,4373891000,0.602,35.193,-125563000,248841000,248841000,1343283000,111585000,2.428,0.763,1567796000,0,1567796000,1567796000,0,143740000,0,0.014,0.98,213770000,357510000,0.16,357510000,213770000,171062000,1.57,1.56,1.57,3023034000,2047333000,3023034000,7511188288,35,21.01,129112000,1.503,1.0,895481000,0.4,3279942000,42708000,2984823000,2195762000,192792000,0,0,0,2307524000,400606000,1906918000,6103087288,81152000,-604021000,-3129000,626884000,-65203000,560289000,-729584000,0,254675000,-4228000,110763000,110763000,110763000,0,822000,0.049,682554000,212927000,139572000,0.624,2.019,55.1,45.255,1064319000,0,71.05,2.726,2.726,471523000,939459000,2238764000,2238764000,56664000,0.03,0.054,0.097,0.095,9866000,626710000,1.0,85898484,85898484,,26.063,2066474000,0,60299000,268507000,24.057,571919000
STE,MRY,2017-12-31,2017-03-31,2017-03-31,2018-02-09,-240702000,4924455000,5078799250,1017802000,3906653000,0.514,32.951,-168055000,282918000,282918000,1587124000,110631000,2.667,0.756,1478361000,0,1478361000,1478361000,0,188142000,0,0.016,1.09,228500000,416642000,0.159,416642000,228500000,183980000,1.29,1.28,1.29,2798602000,2898270750,2798602000,7141626235,31,17.141,256031000,3.015,1.0,1025632000,0.393,2956190000,44520000,2782125000,2878126000,197837000,0,0,0,2114422000,381583000,1732839000,5899444235,34077000,70156000,-92554000,-75383000,-93193000,-267099000,-104255000,-6356000,424086000,-18655000,109965000,109965000,109965000,0,666000,0.042,798037000,227595000,133479000,0.845,2.108,53.648,53.845,915908000,0,69.46,2.258,2.258,483451000,954155000,2612756000,2612756000,59397000,0.022,0.038,0.079,0.087,18794000,680069000,1.0,84932972,84932972,,30.763,1968265000,0,74015000,186445000,23.174,636219000
