ticker,dimension,calendardate,datekey,reportperiod,lastupdated,accoci,assets,assetsavg,assetsc,assetsnc,assetturnover,bvps,capex,cashneq,cashnequsd,cor,consolinc,currentratio,de,debt,debtc,debtnc,debtusd,deferredrev,depamor,deposits,divyield,dps,ebit,ebitda,ebitdamargin,ebitdausd,ebitusd,ebt,eps,epsdil,epsusd,equity,equityavg,equityusd,ev,evebit,evebitda,fcf,fcfps,fxusd,gp,grossmargin,intangibles,intexp,invcap,invcapavg,inventory,investments,investmentsc,investmentsnc,liabilities,liabilitiesc,liabilitiesnc,marketcap,ncf,ncfbus,ncfcommon,ncfdebt,ncfdiv,ncff,ncfi,ncfinv,ncfo,ncfx,netinc,netinccmn,netinccmnusd,netincdis,netincnci,netmargin,opex,opinc,payables,payoutratio,pb,pe,pe1,ppnenet,prefdivis,price,ps,ps1,receivables,retearn,revenue,revenueusd,rnd,roa,roe,roic,ros,sbcomp,sgna,sharefactor,sharesbas,shareswa,shareswadil,sps,tangibles,taxassets,taxexp,taxliabilities,tbvps,workingcapital
STND,MRY,2011-12-31,2011-09-30,2011-09-30,2018-05-11,1600000,434619000,434869000,,,0.033,24.498,-452000,12658000,12658000,0,2424000,,4.521,32005000,,,32005000,0,834000,320322000,0.0,0.0,3362000,4196000,0.295,4196000,3362000,3362000,0.76,0.76,0.76,78716000,76587000,78716000,79442579,23,18.933,5503000,1.716,1.0,14201000,1.0,9456000,0,444510000,453334500,0,393806000,,,355903000,,,51059579,-26330000,0,-711000,-9337000,0,-4742000,-27543000,-27499000,5955000,0,2424000,2424000,2424000,0,0,0.171,10839000,3362000,0,0.0,0.649,21.064,19.316,3903000,0,14.68,3.595,3.316,0,46475000,14201000,14201000,0,0.006,0.032,0.007,0.237,216000,6896000,1.0,3478173,3207711,3207711,4.427,425163000,0,938000,0,132.319,
STND,MRY,2012-12-31,2012-09-30,2012-09-30,2018-05-11,2065000,443432000,443184000,,,0.032,25.561,-282000,18774000,18774000,0,2956000,,4.535,30716000,,,30716000,0,827000,330299000,0.011,0.18,4144000,4971000,0.351,4971000,4144000,4144000,0.93,0.93,0.93,80117000,79372500,80117000,83119265,20,16.721,4189000,1.324,1.0,14166000,1.0,9288000,0,446086000,451886250,0,397378000,,,363315000,,,59163265,6116000,0,-1715000,-1289000,-609000,6364000,-4719000,-5342000,4471000,0,2956000,2956000,2956000,0,0,0.209,10022000,4144000,0,0.194,0.738,20.015,18.118,3840000,0,16.85,4.176,3.763,0,48822000,14166000,14166000,0,0.007,0.037,0.009,0.293,304000,7358000,1.0,3511173,3163773,3163773,4.478,434144000,0,1188000,0,138.513,
STND,MRY,2013-12-31,2013-09-30,2013-09-30,2018-05-11,502000,436871000,436489250,,,0.033,26.309,-86000,15991000,15991000,0,2882000,,4.86,33633000,,,33633000,0,875000,326125000,0.01,0.18,3859000,4734000,0.33,4734000,3859000,3859000,0.97,0.97,0.97,74557000,76708000,74557000,74785420,19,15.798,5873000,1.98,1.0,14344000,1.0,9120000,0,445393000,445509500,0,390174000,,,362314000,,,57383420,-3783000,0,-7104000,2917000,-517000,-8856000,-886000,1040000,5959000,0,2882000,2882000,2882000,0,0,0.201,10485000,3859000,0,0.186,0.77,19.911,18.814,3586000,0,18.25,4.001,3.774,0,51187000,14344000,14344000,0,0.007,0.038,0.009,0.269,720000,7789000,1.0,3144297,2966107,2975372,4.836,427751000,0,977000,0,150.94,
STND,MRY,2016-12-31,2016-09-30,2016-09-30,2018-05-11,136000,495219000,,,,,32.471,-199000,18161000,18161000,0,3034000,,5.783,50830000,,,50830000,0,253000,368634000,0.018,0.415,4227000,4480000,0.294,4480000,4227000,4227000,1.26,1.26,1.26,73012000,,73012000,86431811,20,19.293,2890000,1.197,1.0,15233000,1.0,8769000,0,519119000,,0,445878000,,,422207000,,,68789811,3113000,0,-4111000,-6992000,-1016000,25296000,-25272000,-25344000,3089000,0,3034000,3034000,3034000,0,0,0.199,11006000,4227000,0,0.329,0.942,22.673,18.095,3279000,0,22.8,4.516,3.614,0,58810000,15233000,15233000,0,,,,0.277,749000,8230000,1.0,3017097,2414449,2493256,6.309,486450000,0,1193000,0,216.341,
STND,MRY,2017-12-31,2017-12-31,2017-12-31,2018-05-11,528000,972600000,856998000,,,0.033,29.014,-1206000,16265000,16265000,0,4325000,,6.26,139695000,,,139695000,0,1701000,694846000,0.018,0.552,6787000,8488000,0.297,8488000,6787000,6787000,1.08,1.08,1.08,133972000,118389500,133972000,258675735,38,30.475,7702000,1.915,1.0,28610000,1.0,29180000,0,1066850000,927103500,0,890441000,,,838628000,,,143949735,5745000,9611000,150000,25033000,-3312000,20586000,-23749000,-32335000,8908000,0,4325000,4325000,4325000,0,0,0.151,21823000,6787000,0,0.511,1.074,33.283,27.852,8191000,0,30.08,5.031,4.229,0,60172000,28610000,28610000,0,0.005,0.037,0.007,0.237,932000,13301000,1.0,4785563,4021942,4127318,7.113,943420000,0,2462000,0,204.316,
