ticker,dimension,calendardate,datekey,reportperiod,lastupdated,accoci,assets,assetsavg,assetsc,assetsnc,assetturnover,bvps,capex,cashneq,cashnequsd,cor,consolinc,currentratio,de,debt,debtc,debtnc,debtusd,deferredrev,depamor,deposits,divyield,dps,ebit,ebitda,ebitdamargin,ebitdausd,ebitusd,ebt,eps,epsdil,epsusd,equity,equityavg,equityusd,ev,evebit,evebitda,fcf,fcfps,fxusd,gp,grossmargin,intangibles,intexp,invcap,invcapavg,inventory,investments,investmentsc,investmentsnc,liabilities,liabilitiesc,liabilitiesnc,marketcap,ncf,ncfbus,ncfcommon,ncfdebt,ncfdiv,ncff,ncfi,ncfinv,ncfo,ncfx,netinc,netinccmn,netinccmnusd,netincdis,netincnci,netmargin,opex,opinc,payables,payoutratio,pb,pe,pe1,ppnenet,prefdivis,price,ps,ps1,receivables,retearn,revenue,revenueusd,rnd,roa,roe,roic,ros,sbcomp,sgna,sharefactor,sharesbas,shareswa,shareswadil,sps,tangibles,taxassets,taxexp,taxliabilities,tbvps,workingcapital
STRM,MRY,2011-12-31,2012-01-31,2012-01-31,2018-04-25,0,25141058,17321559,8408243,16732815,0.988,0.794,-3008064,2243054,2243054,8884002,12574,0.962,2.143,7120000,0,7120000,7120000,6496938,2703017,0,0.0,0.0,215413,2918430,0.171,2918430,215413,36889,0.0,0.0,0.0,7998524,7132158,7998524,18070373,83,6.192,-111989,-0.011,1.0,8232206,0.481,14308345,178524,6967038,2917607,0,0,0,0,17142534,8742621,8399913,16593794,839105,-2124479,496710,2578863,0,3075573,-5132543,0,2896075,0,12574,12574,12574,0,0,0.001,7985850,246356,879027,,2.075,1319.691,,1215669,0,1.65,0.969,0.953,5136571,-30466794,17116208,17116208,1408749,0.001,0.002,0.074,0.013,894800,6577101,1.0,10056845,9887841,9899073,1.731,10832713,167000,24315,0,1.075,-334378
STRM,MRY,2012-12-31,2013-01-31,2013-01-31,2018-04-25,0,55266578,39477306,19877778,35388800,0.602,1.077,-2576412,7500256,7500256,11592952,-5378729,1.147,2.529,13687501,1250000,12437501,13687501,9810442,3969306,0,0.0,0.0,-6310256,-2340950,-0.098,-2340950,-6310256,-8267266,-0.48,-0.48,-0.48,13459302,12532865,13459302,75983761,-12,-32.459,-2691544,-0.231,1.0,12173851,0.512,33137921,1957010,10990480,8394305,0,0,0,0,34041560,17325422,16716138,68635134,5257202,-12161614,12282628,8295638,0,20110360,-14738026,0,-115132,0,-5378729,-5554777,-5554777,0,0,-0.234,13008782,-834931,1495913,0.0,5.099,-12.356,-11.313,1198805,176048,5.43,2.888,2.658,10293462,-35845523,23766803,23766803,2948313,-0.141,-0.443,-0.752,-0.266,956144,10060469,1.0,12639988,11634540,11634540,2.043,22128657,0,-2888537,565328,1.77,2552356
STRM,MRY,2013-12-31,2014-01-31,2014-01-31,2018-04-25,-111086,65578874,55882304,29688229,35890645,0.51,1.805,-766311,17924886,17924886,13178322,-11717190,1.926,1.034,9312709,1619853,7692856,9312709,9658232,5251988,0,0.0,0.0,-10051835,-4799847,-0.168,-4799847,-10051835,-11817648,-0.94,-0.94,-0.94,29491047,14054214,29491047,113536370,-11,-23.654,-553598,-0.04,1.0,15316381,0.538,34347674,1765813,7207044,7211249,0,0,0,0,30488159,15411979,15076180,105050361,10424630,-3000000,21942679,-5540172,0,13978228,-3766311,0,212713,0,-11717190,-12898094,-12898094,0,0,-0.453,21634412,-6318031,1796418,0.0,3.562,-8.145,-6.426,919044,1180904,6.04,3.687,2.914,9259572,-47562713,28494703,28494703,7088077,-0.231,-0.918,-1.394,-0.353,1660598,14546335,1.0,17392444,13747700,13747700,2.073,31231200,95498,-100458,816079,1.912,14276250
STRM,MRY,2014-12-31,2015-01-31,2015-01-31,2018-04-25,0,55779115,59073908,16505723,39273392,0.468,1.032,-2744992,6522600,6522600,13003724,-12011457,1.154,1.586,11364872,1281961,10082911,11364872,10254009,6079591,0,0.0,0.0,-12149497,-6069906,-0.22,-6069906,-12149497,-12898466,-0.71,-0.71,-0.71,19001788,23591371,19001788,77570966,-6,-12.78,-5756636,-0.315,1.0,14621683,0.529,34882102,748969,11439694,9832202,0,0,0,0,30139349,14299591,15839758,74245962,-11402286,-6058225,551583,433994,0,412575,-8803217,0,-3011644,0,-12011457,-13049767,-13049767,0,0,-0.472,27933780,-13312097,2298851,0.0,3.907,-5.689,-5.662,3136815,1038310,4.02,2.688,2.657,7170288,-59574170,27625407,27625407,9756206,-0.221,-0.553,-1.236,-0.44,1934298,16225574,1.0,18469145,18261800,18261800,1.513,20897013,220004,-887009,229579,1.135,2206132
STRM,MRY,2015-12-31,2016-01-31,2016-01-31,2018-04-25,0,49875871,51389229,16203437,33672434,0.551,0.853,-518254,9882136,9882136,11400615,-4290115,1.148,1.615,8950643,1266449,7684194,8950643,11659989,5663871,0,0.0,0.0,-3397886,2265985,0.08,2265985,-3397886,-4282112,-0.3,-0.3,-0.3,16024128,17094677,16024128,32221464,-9,14.22,5362321,0.287,1.0,16913843,0.597,30463630,884226,4366365,8098807,0,0,0,0,25877693,14114383,11763310,31180676,3359536,0,276039,-2280935,0,-2002785,-518254,0,5880575,0,-4290115,-5626187,-5626187,0,0,-0.199,22536152,-5622309,1136779,0.0,1.946,-5.542,-5.533,2454075,1336072,1.66,1.101,1.096,4327723,-63864285,28314458,28314458,9093353,-0.109,-0.329,-0.42,-0.12,2386490,13442799,1.0,18783540,18689854,18689854,1.515,19412241,0,8003,0,1.033,2089054
STRM,MRY,2016-12-31,2017-01-31,2017-01-31,2018-04-25,0,41638498,42936087,11944731,29693767,0.63,0.602,-2484986,5654093,5654093,11527111,-5161566,0.936,1.77,5630427,747141,4883286,5630427,10484969,5216374,0,0.0,0.0,-4664731,551643,0.02,551643,-4664731,-5173590,-0.31,-0.31,-0.31,11838874,13218921,11838874,32594387,-6,59.086,-1476684,-0.076,1.0,15532794,0.574,27118125,508859,1735490,3317508,0,0,0,0,20949639,12761217,8188422,28935897,-4228043,600000,14420,-3365779,0,-3351359,-1884986,0,1008302,0,-5161566,-6037501,-6037501,0,0,-0.223,20541712,-5008918,1116525,0.0,2.444,-4.793,-4.742,1903509,875935,1.47,1.069,1.061,4956212,-69025851,27059905,27059905,7453638,-0.141,-0.457,-1.406,-0.172,1787367,13088074,1.0,19684284,19528341,19528341,1.386,14520373,0,-12024,0,0.738,-816486
STRM,MRY,2017-12-31,2018-01-31,2018-01-31,2018-04-25,0,37131054,36797860,9646681,27484373,0.661,0.493,-1865148,4619834,4619834,10173262,-3099214,0.842,1.871,4498337,596984,3901353,4498337,9814452,4048907,0,0.0,0.0,-2708387,1340520,0.055,1340520,-2708387,-3183044,-0.16,-0.16,-0.16,9851601,9657845,9851601,38310509,-14,28.579,166067,0.008,1.0,14164813,0.582,25679783,474657,-122375,1388715,0,0,0,0,18429468,11452149,6977319,35572842,-1034259,0,2700,-1203026,0,-1200326,-1865148,0,2031215,0,-3099214,-3099214,-3099214,0,0,-0.127,16786465,-2621652,421425,0.0,3.611,-11.478,-11.125,1162364,0,1.78,1.462,1.454,3224961,-72125065,24338075,24338075,5352189,-0.084,-0.321,-1.95,-0.111,1109241,11434276,1.0,19984743,19876383,19876383,1.224,11451271,0,-83830,0,0.573,-1805468
