ticker,dimension,calendardate,datekey,reportperiod,lastupdated,accoci,assets,assetsavg,assetsc,assetsnc,assetturnover,bvps,capex,cashneq,cashnequsd,cor,consolinc,currentratio,de,debt,debtc,debtnc,debtusd,deferredrev,depamor,deposits,divyield,dps,ebit,ebitda,ebitdamargin,ebitdausd,ebitusd,ebt,eps,epsdil,epsusd,equity,equityavg,equityusd,ev,evebit,evebitda,fcf,fcfps,fxusd,gp,grossmargin,intangibles,intexp,invcap,invcapavg,inventory,investments,investmentsc,investmentsnc,liabilities,liabilitiesc,liabilitiesnc,marketcap,ncf,ncfbus,ncfcommon,ncfdebt,ncfdiv,ncff,ncfi,ncfinv,ncfo,ncfx,netinc,netinccmn,netinccmnusd,netincdis,netincnci,netmargin,opex,opinc,payables,payoutratio,pb,pe,pe1,ppnenet,prefdivis,price,ps,ps1,receivables,retearn,revenue,revenueusd,rnd,roa,roe,roic,ros,sbcomp,sgna,sharefactor,sharesbas,shareswa,shareswadil,sps,tangibles,taxassets,taxexp,taxliabilities,tbvps,workingcapital
SVM,MRY,2011-12-31,2011-03-31,2011-03-31,2017-09-03,19362000,506615000,383534500,214153000,292462000,0.436,2.387,-35808000,147224000,147224000,41884000,89717000,5.873,0.132,3447000,3447000,0,3447000,0,7081000,13278000,0.0,0.0,88247000,95328000,0.57,95328000,88247000,88498000,0.4,0.4,0.4,400617000,304547000,400617000,2346520175,26,24.615,68225000,0.407,1.0,125443000,0.75,0,-251000,326373000,258390000,3895000,121145000,59037000,62108000,52938000,36465000,16473000,2395751175,96606000,-54216000,115818000,-1473000,-13113000,90817000,-103527000,-13503000,104033000,5283000,67655000,67655000,67655000,0,22062000,0.404,22332000,103111000,16370000,0.0,5.98,35.411,36.425,228315000,0,14.57,14.318,14.612,1254000,87326000,167327000,167327000,0,0.176,0.222,0.342,0.527,2291000,17395000,1.0,164430417,167806101,169192836,0.997,506615000,1146000,20843000,16611000,3.019,177688000
SVM,MRY,2012-12-31,2012-03-31,2012-03-31,2017-09-03,25285000,575434000,541024500,180310000,395124000,0.44,2.515,-70705000,109960000,109960000,61149000,101228000,4.484,0.149,0,0,0,0,0,13704000,7268000,0.0,0.0,119392000,133096000,0.559,133096000,119392000,119486000,0.43,0.43,0.43,433812000,417214500,433812000,1061461135,8,7.975,42573000,0.247,1.0,176813000,0.743,0,-94000,425263000,375818000,7006000,106180000,44551000,61629000,64602000,40211000,24391000,1205238135,-37264000,-36176000,1304000,0,-14891000,-61327000,-90888000,15993000,113278000,1673000,73838000,73838000,73838000,0,27390000,0.31,35485000,141328000,27861000,0.0,2.778,16.323,16.023,327309000,0,6.89,5.065,4.994,13583000,145580000,237962000,237962000,0,0.136,0.177,0.318,0.502,3094000,27124000,1.0,174925709,172487486,173214711,1.38,575434000,171000,45648000,25073000,3.336,140099000
SVM,MRY,2013-12-31,2013-03-31,2013-03-31,2017-09-03,-1495000,576222000,575828000,132111000,444111000,0.315,2.463,-91198000,72283000,72283000,73089000,42043000,2.779,0.186,0,0,0,0,0,14588000,11497000,0.0,0.0,56504000,71092000,0.391,71092000,56504000,56412000,0.16,0.16,0.16,420435000,427123500,420435000,560820157,9,7.889,-6019000,-0.035,1.0,108533000,0.598,0,92000,456397000,440830000,7522000,67662000,45623000,22039000,78119000,47542000,30577000,670780157,-37677000,1235000,273000,1207000,-17111000,-30879000,-91147000,-1184000,85179000,-830000,27211000,27211000,27211000,0,14832000,0.15,32133000,76400000,34696000,0.0,1.595,24.651,24.563,420195000,0,3.93,3.693,3.694,1565000,155817000,181622000,181622000,0,0.047,0.064,0.128,0.311,2893000,25734000,1.0,170681974,170733504,171059482,1.064,576222000,0,29201000,25952000,3.375,84569000
SVM,MRY,2014-12-31,2014-03-31,2014-03-31,2017-09-03,-20141000,467319000,521770500,89077000,378242000,0.208,2.05,-75167000,60614000,60614000,59996000,-48356000,2.749,0.156,0,0,0,0,0,13536000,7031000,0.0,0.0,-41019000,-27483000,-0.254,-27483000,-41019000,-41151000,-0.24,-0.24,-0.24,350266000,385350500,350266000,260740063,-6,-9.487,-39049000,-0.229,1.0,48404000,0.447,0,132000,374303000,415350000,5362000,18972000,12864000,6108000,54757000,32402000,22355000,333023063,-11669000,22927000,287000,0,-16331000,-23772000,-20490000,31750000,36118000,-3525000,-41017000,-41017000,-41017000,0,7339000,-0.378,95627000,-47223000,24856000,0.0,0.951,-8.119,-8.125,368134000,0,1.95,3.072,3.073,4072000,100993000,108400000,108400000,0,-0.079,-0.106,-0.099,-0.378,2322000,24424000,1.0,170781058,170830620,170830620,0.635,467319000,0,-134000,17051000,2.736,56675000
SVM,MRY,2015-12-31,2015-03-31,2015-03-31,2017-09-03,-26697000,372446000,419882500,83477000,288969000,0.306,1.398,-46083000,60179000,60179000,73747000,-108740000,2.338,0.335,0,0,0,0,0,22276000,8303000,0.008,0.01,-89674000,-67398000,-0.525,-67398000,-89674000,-90142000,-0.6,-0.6,-0.6,238877000,294571500,238877000,140969893,-1,-2.092,8062000,0.047,1.0,54718000,0.426,0,468000,276568000,325435500,6899000,13684000,9343000,4341000,79935000,35699000,44236000,201583893,-435000,394000,0,0,-3004000,-6218000,-44289000,2194000,54145000,-4073000,-103109000,-103109000,-103109000,0,5631000,-0.803,150946000,-96228000,22442000,-0.017,0.844,-1.955,-1.967,279571000,0,1.18,1.569,1.57,1311000,-5089000,128465000,128465000,0,-0.246,-0.35,-0.276,-0.698,1249000,20603000,1.0,170833808,170883808,170883808,0.752,372446000,0,12967000,22254000,2.18,47778000
SVM,MRY,2016-12-31,2016-03-31,2016-03-31,2017-09-03,-35994000,372019000,372232500,77317000,294702000,0.29,1.379,-36800000,41963000,41963000,71925000,9939000,1.836,0.366,4657000,4657000,0,4657000,0,18926000,5849000,0.015,0.01,10169000,29095000,0.27,29095000,10169000,9085000,0.04,0.04,0.04,233538000,236207500,233538000,50895475,5,1.749,-4919000,-0.029,1.0,36015000,0.334,0,1084000,292601000,284584500,8857000,23419000,19999000,3420000,85460000,42112000,43348000,111074475,-18216000,720000,-2580000,1589000,-1323000,-943000,-47109000,-10753000,31881000,-2045000,6336000,6336000,6336000,0,3603000,0.059,17494000,18521000,27636000,0.25,0.476,17.531,16.25,287125000,0,0.65,1.029,1.02,2144000,562000,107940000,107940000,0,0.017,0.027,0.036,0.094,887000,17394000,1.0,170883808,169377066,169763096,0.637,372019000,394000,2749000,23224000,2.196,35205000
SVM,MRY,2017-12-31,2017-03-31,2017-03-31,2017-09-03,-50419000,397970000,384994500,110832000,287138000,0.425,1.574,-35801000,73003000,73003000,75285000,55498000,2.76,0.304,0,0,0,0,0,18913000,6798000,0.0,0.0,63671000,82584000,0.505,82584000,63671000,62911000,0.26,0.25,0.26,263121000,248329500,263121000,71144131,1,0.861,44636000,0.267,1.0,88186000,0.539,0,760000,284810000,288705500,8710000,33190000,23466000,9724000,80035000,40157000,39878000,108450131,31040000,-698000,904000,0,-1585000,-7228000,-43560000,-4094000,80437000,1391000,43674000,43674000,43674000,0,11824000,0.267,17537000,70649000,30374000,0.0,0.412,2.483,2.5,271401000,0,0.65,0.663,0.665,1403000,42651000,163471000,163471000,0,0.113,0.176,0.221,0.389,1015000,16818000,1.0,166846356,167185234,171350024,0.978,397970000,0,19237000,30677000,2.38,70675000
