ticker,dimension,calendardate,datekey,reportperiod,lastupdated,accoci,assets,assetsavg,assetsc,assetsnc,assetturnover,bvps,capex,cashneq,cashnequsd,cor,consolinc,currentratio,de,debt,debtc,debtnc,debtusd,deferredrev,depamor,deposits,divyield,dps,ebit,ebitda,ebitdamargin,ebitdausd,ebitusd,ebt,eps,epsdil,epsusd,equity,equityavg,equityusd,ev,evebit,evebitda,fcf,fcfps,fxusd,gp,grossmargin,intangibles,intexp,invcap,invcapavg,inventory,investments,investmentsc,investmentsnc,liabilities,liabilitiesc,liabilitiesnc,marketcap,ncf,ncfbus,ncfcommon,ncfdebt,ncfdiv,ncff,ncfi,ncfinv,ncfo,ncfx,netinc,netinccmn,netinccmnusd,netincdis,netincnci,netmargin,opex,opinc,payables,payoutratio,pb,pe,pe1,ppnenet,prefdivis,price,ps,ps1,receivables,retearn,revenue,revenueusd,rnd,roa,roe,roic,ros,sbcomp,sgna,sharefactor,sharesbas,shareswa,shareswadil,sps,tangibles,taxassets,taxexp,taxliabilities,tbvps,workingcapital
TGT,MRY,2011-12-31,2012-01-28,2012-01-28,2018-03-14,-57000000,46630000000,45893000000,16449000000,30181000000,1.522,23.62,-4331000000,794000000,794000000,48306000000,2929000000,1.151,1.947,17483000000,3786000000,13697000000,17483000000,0,2131000000,0,0.022,1.1,5322000000,7453000000,0.107,7453000000,5322000000,4456000000,4.31,4.28,4.31,15821000000,15355250000,15821000000,51761426146,9,6.945,1103000000,1.624,1.0,21559000000,0.309,0,866000000,49032000000,49620000000,7918000000,0,0,0,30809000000,14287000000,16522000000,33613426146,-918000000,0,-1842000000,369000000,-750000000,-2140000000,-4180000000,-108000000,5434000000,-32000000,2929000000,2929000000,2929000000,0,0,0.042,16237000000,5322000000,6857000000,0.255,2.125,11.476,11.613,29149000000,0,50.05,0.481,0.486,5927000000,12959000000,69865000000,69865000000,0,0.064,0.191,0.107,0.076,90000000,14106000000,1.0,671596926,679100000,683900000,102.879,46630000000,0,1527000000,1191000000,69.618,2162000000
TGT,MRY,2012-12-31,2013-02-02,2013-02-02,2018-03-14,-44000000,48163000000,47810500000,16388000000,31775000000,1.533,25.517,-2280000000,784000000,784000000,51035000000,2999000000,1.168,1.909,17648000000,2994000000,14654000000,17648000000,0,2044000000,0,0.022,1.32,5424000000,7468000000,0.102,7468000000,5424000000,4740000000,4.57,4.52,4.57,16558000000,16167500000,16558000000,56881079149,10,7.617,3045000000,4.637,1.0,22266000000,0.304,0,684000000,50996000000,50880750000,7903000000,0,0,0,31605000000,14031000000,17574000000,39796079149,-10000000,0,-1875000000,-88000000,-869000000,-2488000000,-2855000000,102000000,5325000000,8000000,2999000000,2999000000,2999000000,316000000,0,0.041,16526000000,5740000000,7056000000,0.289,2.403,13.27,13.381,30653000000,0,61.15,0.543,0.548,5841000000,13155000000,73301000000,73301000000,0,0.063,0.185,0.107,0.074,102000000,14643000000,1.0,650794426,656700000,663300000,111.62,48163000000,0,1741000000,1311000000,74.223,2357000000
TGT,MRY,2013-12-31,2014-02-01,2014-02-01,2018-03-14,-469000000,44553000000,44830500000,11573000000,32980000000,1.59,25.666,-1816000000,670000000,670000000,50039000000,1971000000,0.906,1.745,12572000000,1143000000,11429000000,12572000000,0,1996000000,0,0.028,1.58,4447000000,6443000000,0.09,6443000000,4447000000,3398000000,3.1,3.07,3.1,16231000000,16231750000,16231000000,49882447271,11,7.742,4704000000,7.407,1.0,21240000000,0.298,0,1049000000,43678000000,45016750000,8278000000,0,0,0,28322000000,12777000000,15545000000,35801447271,-89000000,-157000000,-1461000000,-4353000000,-1006000000,-6364000000,-271000000,3132000000,6520000000,26000000,1971000000,1971000000,1971000000,723000000,0,0.028,16070000000,5170000000,7335000000,0.51,2.206,18.164,18.271,26412000000,0,56.64,0.502,0.505,0,12599000000,71279000000,71279000000,0,0.044,0.121,0.099,0.062,106000000,14465000000,1.0,632087699,635100000,641800000,112.233,44553000000,0,1427000000,1349000000,70.451,-1204000000
TGT,MRY,2014-12-31,2015-01-31,2015-01-31,2018-03-14,-38000000,41172000000,44032500000,13624000000,27548000000,1.649,21.939,-1691000000,2210000000,2210000000,51278000000,-1636000000,1.161,1.941,12725000000,91000000,12634000000,12725000000,0,2129000000,0,0.026,1.9,450000000,2579000000,0.036,2579000000,450000000,-432000000,-2.58,-2.56,-2.58,13997000000,15822250000,13997000000,60410948379,134,23.424,2748000000,4.33,1.0,21340000000,0.294,0,882000000,39951000000,43682250000,8282000000,0,0,0,27175000000,11736000000,15439000000,46886948379,1515000000,-20000000,0,-166000000,-1205000000,-998000000,-1926000000,106000000,4439000000,0,-1636000000,-1636000000,-1636000000,4085000000,0,-0.023,16805000000,4535000000,7759000000,-0.736,3.35,-28.66,-28.531,25952000000,0,73.61,0.646,0.643,0,9644000000,72618000000,72618000000,0,-0.037,-0.103,0.01,0.006,71000000,14676000000,1.0,636964385,634700000,640100000,114.413,41172000000,0,1204000000,1160000000,64.533,1888000000
TGT,MRY,2015-12-31,2016-01-30,2016-01-30,2018-03-14,-41000000,40262000000,40543500000,14130000000,26132000000,1.82,21.231,-1410000000,4046000000,4046000000,51997000000,3363000000,1.119,2.107,12760000000,815000000,11945000000,12760000000,0,2213000000,0,0.03,2.16,5572000000,7785000000,0.106,7785000000,5572000000,4965000000,5.35,5.31,5.35,12957000000,13582250000,12957000000,55413457596,9,7.118,4434000000,7.064,1.0,21788000000,0.295,0,607000000,36354000000,38181500000,8601000000,0,0,0,27305000000,12622000000,14683000000,44614457596,1836000000,1875000000,-3438000000,-85000000,-1362000000,-4516000000,508000000,24000000,5844000000,0,3363000000,3363000000,3363000000,-42000000,0,0.046,16878000000,4910000000,7418000000,0.404,3.443,13.266,13.536,25217000000,0,72.42,0.605,0.616,0,8188000000,73785000000,73785000000,0,0.083,0.248,0.146,0.076,115000000,14665000000,1.0,616051610,627700000,632900000,117.548,40262000000,0,1602000000,823000000,65.971,1508000000
TGT,MRY,2016-12-31,2017-01-28,2017-01-28,2018-03-14,-638000000,37431000000,38307500000,11990000000,25441000000,1.814,19.562,-1501000000,2512000000,2512000000,48872000000,2737000000,0.944,2.417,12749000000,1718000000,11031000000,12749000000,0,2298000000,0,0.036,2.32,5037000000,7335000000,0.106,7335000000,5037000000,4033000000,4.74,4.7,4.74,10953000000,11536000000,10953000000,47375001056,9,6.459,3935000000,6.813,1.0,20623000000,0.297,0,1004000000,34961000000,37027250000,8309000000,0,0,0,26478000000,12707000000,13771000000,35780001056,-1534000000,0,-3706000000,-664000000,-1348000000,-5497000000,-1473000000,28000000,5436000000,0,2737000000,2737000000,2737000000,-68000000,0,0.039,15654000000,4969000000,7252000000,0.489,3.267,13.073,13.439,24658000000,0,63.7,0.515,0.529,0,5884000000,69495000000,69495000000,0,0.071,0.237,0.136,0.072,113000000,13356000000,1.0,561695464,577600000,582500000,120.317,37431000000,0,1296000000,861000000,66.853,-717000000
TGT,MRY,2017-12-31,2018-02-03,2018-02-03,2018-03-14,-747000000,38999000000,38572750000,12564000000,26435000000,1.863,21.639,-2502000000,2643000000,2643000000,51125000000,2934000000,0.952,2.331,11587000000,270000000,11317000000,11587000000,0,2445000000,0,0.033,2.44,4318000000,6763000000,0.094,6763000000,4318000000,3652000000,5.36,5.33,5.36,11709000000,11241250000,11709000000,49559624744,11,7.328,4421000000,8.085,1.0,20754000000,0.289,0,666000000,34742000000,34880250000,8657000000,0,0,0,27290000000,13201000000,14089000000,39653624744,131000000,-518000000,-1046000000,-1441000000,-1338000000,-3717000000,-3075000000,-55000000,6923000000,0,2934000000,2934000000,2934000000,-6000000,0,0.041,16442000000,4312000000,8677000000,0.455,3.387,13.515,13.61,25018000000,0,72.95,0.552,0.555,0,6553000000,71879000000,71879000000,0,0.076,0.261,0.124,0.06,112000000,14248000000,1.0,543572649,546800000,550300000,131.454,38999000000,0,718000000,713000000,72.074,-637000000
