ticker,dimension,calendardate,datekey,reportperiod,lastupdated,accoci,assets,assetsavg,assetsc,assetsnc,assetturnover,bvps,capex,cashneq,cashnequsd,cor,consolinc,currentratio,de,debt,debtc,debtnc,debtusd,deferredrev,depamor,deposits,divyield,dps,ebit,ebitda,ebitdamargin,ebitdausd,ebitusd,ebt,eps,epsdil,epsusd,equity,equityavg,equityusd,ev,evebit,evebitda,fcf,fcfps,fxusd,gp,grossmargin,intangibles,intexp,invcap,invcapavg,inventory,investments,investmentsc,investmentsnc,liabilities,liabilitiesc,liabilitiesnc,marketcap,ncf,ncfbus,ncfcommon,ncfdebt,ncfdiv,ncff,ncfi,ncfinv,ncfo,ncfx,netinc,netinccmn,netinccmnusd,netincdis,netincnci,netmargin,opex,opinc,payables,payoutratio,pb,pe,pe1,ppnenet,prefdivis,price,ps,ps1,receivables,retearn,revenue,revenueusd,rnd,roa,roe,roic,ros,sbcomp,sgna,sharefactor,sharesbas,shareswa,shareswadil,sps,tangibles,taxassets,taxexp,taxliabilities,tbvps,workingcapital
THM,MRY,2011-12-31,2011-05-31,2011-05-31,2018-05-05,-6767665,183638545,139555009,112391851,71246694,0.0,2.316,-105172,111165126,111165126,0,-10491842,27.837,0.022,0,0,0,0,0,42081,0,0.037,0.305,-10491842,-10449761,,-10449761,-10491842,-10491842,-0.13,-0.13,-0.13,179601117,136899815,179601117,501351353,-47,-47.977,-42045838,-0.542,1.0,0,,0,0,68435991,59587090,0,662500,662500,0,4037428,4037428,0,544811677,73118848,0,117694796,0,0,109545546,-135387,0,-41940666,5649355,-10491842,-10491842,-10491842,934157,0,,10224441,-10224441,4037428,-2.346,3.033,-51.927,-63.385,71246694,0,8.24,,,185733,-42464394,0,0,0,-0.075,-0.077,-0.176,,3450477,9731947,1.0,66117922,77550644,,0.0,183638545,0,0,0,2.368,108354423
THM,MRY,2012-12-31,2012-12-31,2012-12-31,2018-05-05,4101968,86687344,97995714,31424066,55263278,0.0,0.617,3635,30170905,30170905,0,-56643462,8.386,0.432,0,0,0,0,0,31660,0,0.0,0.0,-56643462,-56611802,,-56611802,-56643462,-56643462,-0.62,-0.62,-0.62,60540075,69362272,60540075,132461925,-2,-2.34,-52396016,-0.575,1.0,0,,0,0,52769170,48520783,0,180415,180415,0,26147269,3747269,22400000,188104104,-24541168,0,29768529,0,0,29214249,-2124058,0,-52399651,768292,-56643462,-56643462,-56643462,0,0,,55585380,-55585380,1198771,0.0,3.107,-3.321,-3.5,89714,0,2.17,,,262516,-208552580,0,0,36253519,-0.578,-0.817,-1.167,,9206975,18664672,1.0,86683919,91112934,91112934,0.0,86687344,0,0,0,0.883,27676797
THM,MRY,2013-12-31,2013-12-31,2013-12-31,2018-05-05,3021281,69464877,74714559,14192923,55271954,0.0,0.542,0,13956078,13956078,0,-9852480,9.502,0.306,0,0,0,0,0,21800,0,0.0,0.0,-9852480,-9830680,,-9830680,-9852480,-9852480,-0.1,-0.1,-0.1,53171181,55753377,53171181,23597102,-2,-2.4,-14820347,-0.151,1.0,0,,0,0,54015103,54248981,0,0,0,0,16293696,1493696,14800000,40208141,-16245304,0,0,0,0,0,-30477,0,-14820347,-1394480,-9852480,-9852480,-9852480,0,0,,18174771,-18174771,42469,0.0,0.756,-4.081,-4.1,67913,0,0.41,,,0,-218405060,0,0,8188995,-0.132,-0.177,-0.182,,3564273,9399988,1.0,98068638,98068638,98068638,0.0,69464877,0,0,0,0.708,12699227
THM,MRY,2014-12-31,2014-12-31,2014-12-31,2018-05-05,2196252,69004700,66070667,13763531,55241169,0.0,0.521,0,13521473,13521473,0,-7767096,11.977,0.298,0,0,0,0,0,15779,0,0.0,0.0,-7767096,-7751317,,-7751317,-7767096,-7767096,-0.08,-0.08,-0.08,53155530,49909934,53155530,36269284,-4,-4.679,-6843578,-0.069,1.0,0,,0,0,54334057,54804802,0,0,0,0,15849170,1149170,14700000,44130887,-404128,0,7315917,0,0,7291089,0,0,-6843578,-851639,-7767096,-7767096,-7767096,0,0,,8373288,-8373288,270488,0.0,0.83,-5.682,-5.625,37128,0,0.45,,,0,-226172156,0,0,2631974,-0.118,-0.156,-0.142,,1285385,5200614,1.0,98068638,99068364,99068364,0.0,69004700,0,0,0,0.676,12614361
THM,MRY,2015-12-31,2015-12-31,2015-12-31,2018-05-05,816435,61919836,64284775,6685712,55234124,0.0,0.408,0,6493486,6493486,0,-4812824,12.945,0.303,0,0,0,0,0,7047,0,0.0,0.0,-4812824,-4805777,,-4805777,-4812824,-4812824,-0.04,-0.04,-0.04,47503357,49432965,47503357,14772554,-3,-3.074,-5339788,-0.046,1.0,0,,0,0,54909871,54926235,0,0,0,0,14416479,516479,13900000,22681159,-7027987,0,0,0,0,0,0,0,-5339788,-1688199,-4812824,-4812824,-4812824,0,0,,6450176,-6450176,122043,0.0,0.477,-4.713,-4.875,30083,0,0.195,,,0,-230984980,0,0,2381868,-0.075,-0.097,-0.088,,540468,3628541,1.0,116313638,116313638,116313638,0.0,61919836,0,0,0,0.532,6169233
THM,MRY,2016-12-31,2016-12-31,2016-12-31,2018-05-05,1344219,77901555,63525503,22672714,55228841,0.0,0.533,0,22466493,22466493,0,-7190628,1.503,0.24,0,0,0,0,0,5283,0,0.0,0.0,-7190628,-7185345,,-7185345,-7190628,-7190628,-0.06,-0.06,-0.06,62817708,48346682,62817708,61653609,-8,-8.58,-6364945,-0.055,1.0,0,,0,0,40351215,40295517,0,0,0,0,15083847,15083847,0,63412732,15973007,0,22015404,0,0,21868669,0,0,-6364945,469283,-7190628,-7190628,-7190628,0,0,,6113888,-6113888,179496,0.0,1.009,-8.819,-9.083,24800,0,0.545,,,0,-238175608,0,0,2648631,-0.113,-0.149,-0.178,,108526,3031691,1.0,116353638,116708228,116708228,0.0,77901555,0,0,0,0.661,7588867
THM,MRY,2017-12-31,2017-12-31,2017-12-31,2018-05-05,1686359,57647031,59664073,2422196,55224835,0.0,0.352,0,2244466,2244466,0,-6432057,5.648,0.007,0,0,0,0,0,4006,0,0.0,0.0,-6432057,-6428051,,-6428051,-6432057,-6432057,-0.04,-0.04,-0.04,57218193,59139964,57218193,66393701,-10,-10.329,-5825369,-0.036,1.0,0,,0,0,54973727,54931854,0,0,0,0,428838,428838,0,69828988,-20222027,0,0,0,0,-14746815,0,0,-5825369,350157,-6432057,-6432057,-6432057,0,0,,6117464,-6117464,82269,0.0,1.22,-10.856,-10.75,20794,0,0.43,,,0,-244607665,0,0,2446934,-0.108,-0.109,-0.117,,443556,3226604,1.0,162392996,162283493,162283493,0.0,57647031,0,0,0,0.355,1993358
