ticker,dimension,calendardate,datekey,reportperiod,lastupdated,accoci,assets,assetsavg,assetsc,assetsnc,assetturnover,bvps,capex,cashneq,cashnequsd,cor,consolinc,currentratio,de,debt,debtc,debtnc,debtusd,deferredrev,depamor,deposits,divyield,dps,ebit,ebitda,ebitdamargin,ebitdausd,ebitusd,ebt,eps,epsdil,epsusd,equity,equityavg,equityusd,ev,evebit,evebitda,fcf,fcfps,fxusd,gp,grossmargin,intangibles,intexp,invcap,invcapavg,inventory,investments,investmentsc,investmentsnc,liabilities,liabilitiesc,liabilitiesnc,marketcap,ncf,ncfbus,ncfcommon,ncfdebt,ncfdiv,ncff,ncfi,ncfinv,ncfo,ncfx,netinc,netinccmn,netinccmnusd,netincdis,netincnci,netmargin,opex,opinc,payables,payoutratio,pb,pe,pe1,ppnenet,prefdivis,price,ps,ps1,receivables,retearn,revenue,revenueusd,rnd,roa,roe,roic,ros,sbcomp,sgna,sharefactor,sharesbas,shareswa,shareswadil,sps,tangibles,taxassets,taxexp,taxliabilities,tbvps,workingcapital
THO,MRY,2011-12-31,2011-07-31,2011-07-31,2018-03-07,-67000,1198070000,1150202500,623767000,574303000,2.035,14.976,-33059000,215435000,215435000,2041506000,106273000,2.239,0.433,0,0,0,0,0,24009000,0,0.016,0.4,146964000,170973000,0.073,170973000,146964000,146963000,1.92,1.92,1.92,836274000,794373500,836274000,1320676447,8,7.724,81743000,1.464,1.0,298936000,0.128,369707000,1000,334330000,373233000,184498000,33104000,7562000,25542000,361796000,278598000,83198000,1380923447,-32316000,-99562000,1047000,0,-22329000,-20766000,-126352000,3700000,114802000,0,106273000,106273000,106273000,-14626000,0,0.045,172163000,126773000,119494000,0.208,1.651,12.994,12.88,168214000,0,24.73,0.59,0.59,162188000,829148000,2340442000,2340442000,0,0.092,0.134,0.394,0.063,2191000,160532000,1.0,55840010,55840010,,41.913,828363000,41588000,40690000,81920000,14.835,345169000
THO,MRY,2012-12-31,2012-07-31,2012-07-31,2018-03-07,-60000,1243054000,1202752000,684886000,558168000,2.195,16.084,-9434000,218642000,218642000,2320268000,121739000,2.202,0.461,0,0,0,0,0,24978000,0,0.021,0.6,175739000,200717000,0.076,200717000,175739000,175692000,2.26,2.26,2.26,850827000,818661250,850827000,1371773827,7,6.834,109407000,2.068,1.0,319530000,0.121,359436000,47000,353886000,355478750,186083000,23160000,1000000,22160000,392227000,311090000,81137000,1519759827,3207000,-170000,-75559000,0,-32322000,-107780000,-7854000,1150000,118841000,0,121739000,121739000,121739000,-10304000,0,0.046,158911000,160619000,143139000,0.265,1.786,12.484,12.712,164394000,0,28.73,0.576,0.576,221655000,918565000,2639798000,2639798000,0,0.101,0.149,0.494,0.067,587000,148260000,1.0,52898010,52898010,,49.904,883618000,40897000,53953000,81579000,16.704,373796000
THO,MRY,2013-12-31,2013-07-31,2013-07-31,2018-03-07,-22000,1328268000,1273543750,830704000,497564000,2.545,16.827,-23944000,236601000,236601000,2817256000,152862000,2.297,0.488,0,0,0,0,0,24987000,0,0.038,2.04,223164000,248151000,0.077,248151000,223164000,223158000,2.88,2.88,2.88,892614000,852207500,892614000,2729605816,12,11.0,121122000,2.283,1.0,424539000,0.131,335856000,6000,394139000,404755500,153036000,16192000,6426000,9766000,435654000,361672000,73982000,2867099816,17959000,1333000,3836000,0,-117687000,-113111000,-13996000,7800000,145066000,0,152862000,152862000,152862000,-1186000,0,0.047,207110000,217429000,135040000,0.708,3.212,18.756,18.767,143809000,0,54.05,0.884,0.884,246379000,953740000,3241795000,3241795000,0,0.12,0.179,0.551,0.069,2076000,194650000,1.0,53045325,53045325,,61.114,992412000,46518000,70296000,81129000,18.709,469032000
THO,MRY,2014-12-31,2014-07-31,2014-07-31,2018-03-07,0,1408718000,1337110750,844049000,564669000,2.637,18.341,-21707000,289336000,289336000,3055060000,179002000,2.277,0.441,0,0,0,0,0,25834000,0,0.036,1.92,256315000,282149000,0.08,282149000,256315000,256305000,3.36,3.35,3.36,977697000,912150000,977697000,2649250911,10,9.39,127554000,2.393,1.0,470396000,0.133,376362000,10000,372305000,375241250,216354000,10421000,1429000,8992000,431021000,370715000,60306000,2823591911,52735000,18951000,3206000,0,-102314000,-99454000,2928000,7125000,149261000,0,179002000,179002000,179002000,-3486000,0,0.051,222342000,248054000,164619000,0.571,2.888,15.774,15.765,169862000,0,52.97,0.801,0.801,279793000,1030428000,3525456000,3525456000,0,0.134,0.196,0.683,0.073,4271000,208712000,1.0,53305492,53305492,,66.137,1032356000,51397000,77303000,61545000,19.367,473334000
THO,MRY,2015-12-31,2015-07-31,2015-07-31,2018-03-07,0,1503248000,1479535500,775841000,727407000,2.708,20.33,-41902000,183478000,183478000,3449274000,199385000,2.051,0.411,0,0,0,0,0,31381000,0,0.019,1.08,290451000,321832000,0.08,321832000,290451000,290271000,3.75,3.74,3.75,1065187000,1038847500,1065187000,2668390180,9,8.291,205958000,3.931,1.0,557545000,0.139,481640000,180000,459795000,433581250,246115000,8367000,8367000,0,438061000,378335000,59726000,2927808180,-105858000,-194486000,-59859000,-83000,-57381000,-118750000,-234968000,1400000,247860000,0,199385000,199385000,199385000,2624000,0,0.05,266906000,290639000,162587000,0.288,2.749,14.684,14.901,234045000,0,55.88,0.731,0.731,269694000,1172432000,4006819000,4006819000,0,0.135,0.192,0.67,0.072,6641000,250891000,1.0,52394563,52394563,,76.474,1021608000,59864000,90886000,43508000,19.498,397506000
THO,MRY,2016-12-31,2016-07-31,2016-07-31,2018-03-07,0,2325464000,1795522500,1016858000,1308606000,2.552,24.107,-51629000,209902000,209902000,3855787000,256519000,1.56,0.838,360000000,0,360000000,360000000,0,52575000,0,0.016,1.2,383402000,435977000,0.095,435977000,383402000,381810000,4.89,4.88,4.89,1265222000,1173295250,1265222000,3769722352,9,8.647,289580000,5.518,1.0,726325000,0.159,885084000,1592000,938826000,635774250,403869000,0,0,0,1060242000,651652000,408590000,4017019352,26424000,-557651000,0,351822000,-62970000,286688000,-601473000,8367000,341209000,0,256519000,256519000,256519000,1503000,0,0.056,343344000,382981000,263774000,0.245,3.175,15.66,15.652,344267000,0,76.54,0.877,0.877,392539000,1365981000,4582112000,4582112000,0,0.143,0.219,0.603,0.084,9067000,306269000,1.0,52482615,52482615,,87.307,1440380000,53417000,125291000,35506000,27.445,365206000
THO,MRY,2017-12-31,2017-07-31,2017-07-31,2018-03-07,0,2557931000,2493047500,1180167000,1377764000,2.907,29.98,-110345000,223258000,223258000,6203369000,374254000,1.511,0.622,145000000,0,145000000,145000000,0,98258000,0,0.013,1.32,566116000,664374000,0.092,664374000,566116000,556386000,7.12,7.09,7.12,1576540000,1437428000,1576540000,5645528419,9,8.498,308988000,5.876,1.0,1043583000,0.144,821159000,9730000,877468000,1021789000,460488000,0,0,0,981391000,781046000,200345000,5539939419,13356000,-5039000,0,-215341000,-69409000,-289322000,-116655000,0,419333000,0,374254000,374254000,374254000,0,0,0.052,483772000,559811000,328601000,0.185,3.514,14.803,14.796,425238000,0,105.35,0.764,0.764,484844000,1670826000,7246952000,7246952000,0,0.15,0.26,0.554,0.078,12500000,419847000,1.0,52586041,52586041,,137.811,1736772000,92969000,182132000,61474000,33.027,399121000
