ticker,dimension,calendardate,datekey,reportperiod,lastupdated,accoci,assets,assetsavg,assetsc,assetsnc,assetturnover,bvps,capex,cashneq,cashnequsd,cor,consolinc,currentratio,de,debt,debtc,debtnc,debtusd,deferredrev,depamor,deposits,divyield,dps,ebit,ebitda,ebitdamargin,ebitdausd,ebitusd,ebt,eps,epsdil,epsusd,equity,equityavg,equityusd,ev,evebit,evebitda,fcf,fcfps,fxusd,gp,grossmargin,intangibles,intexp,invcap,invcapavg,inventory,investments,investmentsc,investmentsnc,liabilities,liabilitiesc,liabilitiesnc,marketcap,ncf,ncfbus,ncfcommon,ncfdebt,ncfdiv,ncff,ncfi,ncfinv,ncfo,ncfx,netinc,netinccmn,netinccmnusd,netincdis,netincnci,netmargin,opex,opinc,payables,payoutratio,pb,pe,pe1,ppnenet,prefdivis,price,ps,ps1,receivables,retearn,revenue,revenueusd,rnd,roa,roe,roic,ros,sbcomp,sgna,sharefactor,sharesbas,shareswa,shareswadil,sps,tangibles,taxassets,taxexp,taxliabilities,tbvps,workingcapital
TISI,MRY,2011-12-31,2011-05-31,2011-05-31,2018-05-10,2931000,355486000,310812750,190274000,165212000,1.634,10.455,-13158000,14078000,14078000,350877000,26624000,3.185,0.714,76080000,212000,75868000,76080000,0,14584000,0,0.0,0.0,42289000,56873000,0.112,56873000,42289000,40133000,1.38,1.32,1.38,204463000,186336250,204463000,496451474,11,8.729,15322000,0.783,1.0,157143000,0.309,104339000,2156000,253408000,220856500,21335000,0,0,0,146040000,59741000,86299000,449816474,1468000,-40626000,886000,25094000,0,26098000,-53942000,0,28480000,832000,26585000,26585000,26585000,0,39000,0.052,115698000,41445000,24371000,0.0,2.2,16.92,16.667,58567000,0,23.0,0.885,0.885,143120000,119138000,508020000,508020000,0,0.086,0.143,0.191,0.083,4993000,115698000,1.0,19557238,19557238,,25.976,251147000,3912000,13548000,13078000,12.842,130533000
TISI,MRY,2012-12-31,2012-05-31,2012-05-31,2018-05-10,-2587000,403788000,374530250,218675000,185113000,1.665,12.052,-23924000,22477000,22477000,428689000,33068000,3.547,0.662,85872000,0,85872000,85872000,0,17469000,0,0.0,0.0,54713000,72182000,0.116,72182000,54713000,52333000,1.67,1.59,1.67,239904000,225309000,239904000,591728308,10,8.198,12728000,0.639,1.0,195051000,0.313,113510000,2380000,292017000,270036250,24986000,0,0,0,158787000,61656000,97131000,531095308,8399000,-18551000,2997000,11673000,0,15335000,-42264000,0,36652000,-1324000,32911000,32911000,32911000,0,157000,0.053,139737000,55314000,18427000,0.0,2.214,16.137,15.976,62041000,0,26.68,0.851,0.851,157625000,152049000,623740000,623740000,0,0.088,0.146,0.203,0.088,4386000,139737000,1.0,19906121,19906121,,31.334,290278000,5808000,19422000,15996000,14.582,157019000
TISI,MRY,2013-12-31,2013-05-31,2013-05-31,2018-05-10,-1789000,460203000,445846750,246918000,213285000,1.602,13.931,-26068000,34201000,34201000,501346000,32714000,3.392,0.586,72946000,0,72946000,72946000,0,19664000,0,0.0,0.0,54381000,74045000,0.104,74045000,54381000,51647000,1.61,1.53,1.61,286806000,271003000,286806000,795243234,14,10.74,32575000,1.582,1.0,212965000,0.298,129416000,2734000,296728000,313338000,26507000,0,0,0,168013000,72804000,95209000,742602234,11724000,-17589000,8275000,-13600000,0,-3863000,-42899000,0,58643000,-157000,32436000,32436000,32436000,0,278000,0.045,158355000,54610000,22411000,0.0,2.589,22.894,22.404,74939000,0,36.07,1.04,1.04,172108000,184485000,714311000,714311000,0,0.073,0.12,0.174,0.076,3931000,158355000,1.0,20587808,20587808,,34.696,330787000,6137000,19211000,18394000,16.067,174114000
TISI,MRY,2014-12-31,2014-05-31,2014-05-31,2018-05-10,-2679000,484941000,476448500,248814000,236127000,1.573,15.23,-33016000,34656000,34656000,527611000,30149000,3.311,0.539,73721000,0,73721000,73721000,0,21468000,0,0.0,0.0,48942000,70410000,0.094,70410000,48942000,46091000,1.46,1.4,1.46,311367000,298956750,311367000,901142865,18,12.799,19845000,0.971,1.0,221916000,0.296,137276000,2851000,311587000,320053250,25537000,0,0,0,167896000,75143000,92753000,857041865,455000,-7952000,-8064000,0,0,-9643000,-40609000,0,52861000,-2154000,29855000,29855000,29855000,0,294000,0.04,171455000,50461000,21755000,0.0,2.753,28.707,28.712,89961000,0,41.92,1.143,1.143,175601000,202032000,749527000,749527000,0,0.063,0.1,0.153,0.065,4239000,171455000,1.0,20444701,20444701,,36.661,347665000,7152000,16236000,20652000,17.005,173671000
TISI,MRY,2015-12-31,2015-05-31,2015-05-31,2018-05-10,-13538000,523833000,504387000,288696000,235137000,1.669,15.842,-28636000,33211000,33211000,584054000,40497000,3.165,0.572,78484000,0,78484000,78484000,0,22787000,0,0.0,0.0,65352000,88139000,0.105,88139000,65352000,62863000,1.95,1.85,1.95,329341000,320354000,329341000,878268603,13,9.965,14835000,0.714,1.0,257993000,0.306,128041000,2489000,349841000,330714000,26005000,0,0,0,188458000,91224000,97234000,827393603,-1445000,-3075000,-17334000,8000000,0,-10075000,-31781000,0,43471000,-3060000,40070000,40070000,40070000,0,427000,0.048,189528000,68465000,32854000,0.0,2.512,20.649,20.41,97926000,0,39.8,0.983,0.983,212934000,242102000,842047000,842047000,0,0.079,0.125,0.198,0.078,4838000,189528000,1.0,20788784,20788784,,40.505,395792000,9422000,22793000,19816000,19.039,197472000
TISI,MRY,2016-12-31,2016-12-31,2016-12-31,2018-05-10,-29000000,1147418000,1183354500,401357000,746061000,1.011,18.16,-41580000,46216000,46216000,868144000,-12676000,2.717,1.142,366911000,20000000,346911000,366911000,0,48673000,0,0.0,0.0,-3102000,45571000,0.038,45571000,-3102000,-15769000,-0.45,-0.45,-0.45,535637000,545753750,535637000,1508342897,-486,33.099,37984000,1.288,1.0,328552000,0.275,531890000,12667000,788502000,865506750,49571000,0,0,0,611781000,147721000,464060000,1157712897,1391000,-35087000,3553000,-4004000,0,-6006000,-70840000,0,79564000,-1327000,-12676000,-12676000,-12676000,111000,0,-0.011,329486000,-934000,47817000,0.0,2.161,-91.331,-87.222,203130000,0,39.25,0.967,0.967,262773000,218947000,1196696000,1196696000,0,-0.011,-0.023,-0.004,-0.003,7313000,323973000,1.0,29495870,29495870,,40.572,615528000,23248000,-3093000,93318000,20.868,253636000
TISI,MRY,2017-12-31,2017-12-31,2017-12-31,2018-05-10,-19796000,1055835000,1085955000,397060000,658775000,1.105,15.293,-33539000,26552000,26552000,890212000,-104161000,2.687,1.308,387749000,0,387749000,387749000,0,52143000,0,0.0,0.0,-116046000,-63903000,-0.053,-63903000,-116046000,-137533000,-3.49,-3.49,-3.49,457468000,491572000,457468000,785064285,-6,-12.285,-47267000,-1.58,1.0,309999000,0.258,444965000,21487000,824283000,797411000,49703000,0,0,0,598367000,147784000,450583000,445719285,-19664000,0,450000,29305000,0,25592000,-33996000,0,-13728000,2468000,-104161000,-104161000,-104161000,0,0,-0.087,426283000,-116284000,55312000,0.0,0.974,-4.279,-4.269,203219000,0,14.9,0.371,0.371,301963000,115780000,1200211000,1200211000,0,-0.096,-0.212,-0.146,-0.097,7876000,348391000,1.0,29914046,29914046,,40.122,610870000,5685000,-33372000,38100000,20.421,249276000
