ticker,dimension,calendardate,datekey,reportperiod,lastupdated,accoci,assets,assetsavg,assetsc,assetsnc,assetturnover,bvps,capex,cashneq,cashnequsd,cor,consolinc,currentratio,de,debt,debtc,debtnc,debtusd,deferredrev,depamor,deposits,divyield,dps,ebit,ebitda,ebitdamargin,ebitdausd,ebitusd,ebt,eps,epsdil,epsusd,equity,equityavg,equityusd,ev,evebit,evebitda,fcf,fcfps,fxusd,gp,grossmargin,intangibles,intexp,invcap,invcapavg,inventory,investments,investmentsc,investmentsnc,liabilities,liabilitiesc,liabilitiesnc,marketcap,ncf,ncfbus,ncfcommon,ncfdebt,ncfdiv,ncff,ncfi,ncfinv,ncfo,ncfx,netinc,netinccmn,netinccmnusd,netincdis,netincnci,netmargin,opex,opinc,payables,payoutratio,pb,pe,pe1,ppnenet,prefdivis,price,ps,ps1,receivables,retearn,revenue,revenueusd,rnd,roa,roe,roic,ros,sbcomp,sgna,sharefactor,sharesbas,shareswa,shareswadil,sps,tangibles,taxassets,taxexp,taxliabilities,tbvps,workingcapital
TNP,MRY,2011-12-31,2011-12-31,2011-12-31,2018-04-28,-35030000,2535337000,2618798500,287633000,2247704000,0.151,19.885,-66687000,181692000,181692000,257040000,-88950000,1.028,1.762,1515663000,196996000,1318667000,1515663000,7469000,101050000,0,0.126,0.6,-35925000,65125000,0.165,65125000,-35925000,-89496000,-1.94,-1.94,-1.94,917059000,966618500,917059000,1499808507,-41,23.03,-21100000,-0.458,1.0,138122000,0.35,0,53571000,3589596000,3677075500,19835000,3534000,2534000,1000000,1616179000,279712000,1336467000,220269507,-100929000,0,0,-46804000,-27670000,-77329000,-69187000,-2500000,45587000,0,-89496000,-89496000,-89496000,0,546000,-0.226,175361000,-37239000,24770000,-0.309,0.24,-2.461,-2.464,2273423000,0,4.78,0.557,0.558,25062000,554314000,395162000,395162000,0,-0.034,-0.093,-0.01,-0.091,820000,19890000,1.0,46081487,46118534,46118534,8.568,2535337000,0,0,0,54.974,7921000
TNP,MRY,2012-12-31,2012-12-31,2012-12-31,2018-04-28,-14728000,2450884000,2493110500,224029000,2226855000,0.158,17.346,-44083000,160489000,160489000,245048000,-49056000,0.865,1.648,1442427000,186651000,1255776000,1442427000,4907000,94340000,0,0.133,0.5,2313000,96653000,0.245,96653000,2313000,-49263000,-0.92,-0.92,-0.92,924534000,920796500,924534000,1507253763,651,15.594,16779000,0.315,1.0,148941000,0.378,0,51576000,3473915000,3531755500,14356000,2664000,1664000,1000000,1524044000,258907000,1265137000,173282763,-31411000,0,62329000,-73236000,-26623000,-49288000,-42985000,1098000,60862000,0,-49263000,-49263000,-49263000,0,207000,-0.125,147621000,1320000,36984000,-0.543,0.187,-3.518,-4.076,2207842000,0,3.75,0.44,0.507,30509000,478428000,393989000,393989000,0,-0.02,-0.054,0.001,0.006,730000,19980000,1.0,46208737,53301039,53301039,7.392,2450884000,0,0,0,45.982,-34878000
TNP,MRY,2013-12-31,2013-12-31,2013-12-31,2018-04-28,-6789000,2483899000,2467391500,232541000,2251358000,0.17,17.398,-146022000,171764000,171764000,264052000,-38570000,1.019,1.507,1380298000,126361000,1253937000,1380298000,14014000,95349000,0,0.025,0.15,3455000,98804000,0.236,98804000,3455000,-37462000,-0.73,-0.73,-0.73,986465000,955499500,986465000,1621161854,469,16.408,-28099000,-0.496,1.0,154327000,0.369,0,40917000,3464161000,3469038000,19660000,1000000,0,1000000,1486236000,228272000,1257964000,339223854,17940000,0,7045000,-62129000,-10418000,44454000,-144437000,1585000,117923000,0,-37462000,-41138000,-41138000,0,-1108000,-0.098,149434000,4893000,59249000,-0.205,0.344,-8.246,-8.233,2231589000,3676000,6.01,0.811,0.814,22957000,430548000,418379000,418379000,0,-0.017,-0.043,0.001,0.008,469000,20731000,1.0,56443237,56698955,56698955,7.379,2483899000,0,0,0,43.809,4269000
TNP,MRY,2014-12-31,2014-12-31,2014-12-31,2018-04-28,-10290000,2699097000,2591498000,289799000,2409298000,0.193,14.745,-254307000,214441000,214441000,301045000,33718000,0.885,1.304,1418336000,228492000,1189844000,1418336000,9897000,97938000,0,0.021,0.15,76601000,174539000,0.348,174539000,76601000,33527000,0.32,0.32,0.32,1166523000,1076494000,1166523000,1613160747,21,9.242,-147336000,-1.862,1.0,199968000,0.399,0,43074000,3575710000,3519935500,15941000,1000000,0,1000000,1521185000,327282000,1193903000,404626747,39870000,0,176400000,38038000,-21427000,187206000,-254307000,0,106971000,0,33527000,25089000,25089000,0,191000,0.05,123920000,76048000,43188000,0.469,0.347,16.128,21.813,2388108000,8438000,6.98,0.808,1.102,43942000,437565000,501013000,501013000,0,0.01,0.023,0.022,0.153,142000,21029000,1.0,57969448,79114401,79114401,6.333,2699097000,0,0,0,34.116,-37483000
TNP,MRY,2015-12-31,2015-12-31,2015-12-31,2018-04-28,-10727000,2893166000,2796131500,452226000,2440940000,0.21,16.352,-174754000,305006000,305006000,273995000,158423000,1.129,1.053,1392563000,318224000,1074339000,1392563000,12277000,99571000,0,0.03,0.24,188236000,287807000,0.49,287807000,188236000,158217000,1.69,1.69,1.69,1403477000,1285000000,1403477000,1874816376,9,6.514,59655000,0.695,1.0,313720000,0.534,0,30019000,3580149000,3577929500,14410000,1000000,0,1000000,1478094000,400574000,1077520000,670921376,87569000,0,0,-14930000,-33401000,27914000,-174754000,0,234409000,0,158217000,144780000,144780000,0,206000,0.246,125640000,188080000,35004000,0.142,0.478,4.634,4.686,2491779000,13437000,7.92,1.142,1.157,49630000,567464000,587715000,587715000,0,0.052,0.113,0.053,0.32,0,21787000,1.0,84712295,85827597,85827597,6.848,2893166000,0,0,0,33.709,51652000
TNP,MRY,2016-12-31,2016-12-31,2016-12-31,2018-04-28,-4313000,3277575000,3085370500,358311000,2919264000,0.156,16.55,-576075000,197773000,197773000,252949000,56495000,0.911,1.324,1753855000,288135000,1465720000,1753855000,8428000,107089000,0,0.062,0.29,91656000,198745000,0.413,198745000,91656000,55783000,0.47,0.47,0.47,1405143000,1404310000,1405143000,1504706277,16,7.571,-405721000,-4.779,1.0,228841000,0.475,0,35873000,4440371000,4010260000,18756000,1000000,0,1000000,1860125000,393286000,1466839000,409618277,-101899000,0,-20683000,365949000,-40358000,303822000,-576075000,0,170354000,0,55783000,39908000,39908000,0,712000,0.083,139031000,89810000,58403000,0.617,0.292,10.264,9.979,2962002000,15875000,4.69,0.85,0.827,44982000,582889000,481790000,481790000,0,0.013,0.028,0.023,0.19,510000,25611000,1.0,87338652,84905078,84905078,5.674,3277575000,0,0,0,38.603,-34975000
TNP,MRY,2017-12-31,2017-12-31,2017-12-31,2018-04-28,-5305000,3373636000,3325605500,304393000,3069243000,0.159,17.639,-241797000,202673000,202673000,287578000,9185000,0.898,1.248,1751869000,225883000,1525986000,1751869000,13611000,131873000,0,0.051,0.2,64451000,196324000,0.371,196324000,64451000,7612000,-0.19,-0.19,-0.19,1494258000,1449700500,1494258000,1883430586,29,9.593,-70970000,-0.838,1.0,241604000,0.457,0,56839000,4583909000,4512140000,16293000,1000000,0,1000000,1865498000,338923000,1526575000,327348586,1986000,0,10853000,-2961000,-39874000,72956000,-241797000,0,170827000,0,7612000,-16164000,-16164000,0,1573000,-0.031,178126000,63478000,54358000,-1.053,0.219,-20.252,-20.579,3047554000,23776000,3.91,0.619,0.626,54574000,547937000,529182000,529182000,0,-0.005,-0.011,0.014,0.122,487000,26324000,1.0,83720866,84713572,84713572,6.247,3373636000,0,0,0,39.824,-34530000
