ticker,dimension,calendardate,datekey,reportperiod,lastupdated,accoci,assets,assetsavg,assetsc,assetsnc,assetturnover,bvps,capex,cashneq,cashnequsd,cor,consolinc,currentratio,de,debt,debtc,debtnc,debtusd,deferredrev,depamor,deposits,divyield,dps,ebit,ebitda,ebitdamargin,ebitdausd,ebitusd,ebt,eps,epsdil,epsusd,equity,equityavg,equityusd,ev,evebit,evebitda,fcf,fcfps,fxusd,gp,grossmargin,intangibles,intexp,invcap,invcapavg,inventory,investments,investmentsc,investmentsnc,liabilities,liabilitiesc,liabilitiesnc,marketcap,ncf,ncfbus,ncfcommon,ncfdebt,ncfdiv,ncff,ncfi,ncfinv,ncfo,ncfx,netinc,netinccmn,netinccmnusd,netincdis,netincnci,netmargin,opex,opinc,payables,payoutratio,pb,pe,pe1,ppnenet,prefdivis,price,ps,ps1,receivables,retearn,revenue,revenueusd,rnd,roa,roe,roic,ros,sbcomp,sgna,sharefactor,sharesbas,shareswa,shareswadil,sps,tangibles,taxassets,taxexp,taxliabilities,tbvps,workingcapital
TOL,MRY,2011-12-31,2011-10-31,2011-10-31,2018-03-08,-2902000,5055246000,5069293000,,,0.291,15.497,-15456000,926100000,926100000,1260770000,39795000,,0.952,1654937000,,,1654937000,0,23142000,83824000,0.0,0.0,-27862000,-4720000,-0.003,-4720000,-27862000,-29366000,0.24,0.24,0.24,2586353000,2578380000,2586353000,3645470840,-130,-772.346,43297000,0.259,1.0,215111000,0.146,0,1504000,5784083000,5789804000,3416723000,492276000,,,2462695000,,,2914851840,-132720000,43177000,-23571000,-90207000,0,-111100000,-80373000,-108094000,58753000,0,39795000,39795000,39795000,0,0,0.027,261355000,-46244000,96817000,0.0,1.127,73.247,72.667,99712000,0,17.44,1.975,1.975,105576000,2234251000,1475881000,1475881000,0,0.008,0.015,-0.005,-0.019,12494000,261355000,1.0,167136000,167140000,168381000,8.83,5055246000,0,-69161000,106066000,30.29,
TOL,MRY,2012-12-31,2012-10-31,2012-10-31,2018-03-08,-4819000,6181044000,5494325750,,,0.343,18.536,-11920000,826100000,826100000,1532095000,487146000,,0.978,2252944000,,,2252944000,0,22586000,142977000,0.0,0.0,112942000,135528000,0.072,135528000,112942000,112942000,2.91,2.86,2.91,3121700000,2760187750,3121700000,6865869020,60,50.66,-183457000,-1.096,1.0,350686000,0.186,0,0,7607888000,6723775250,3732703000,951593000,,,3053173000,,,5552348020,-127516000,-323538000,33242000,565549000,0,604567000,-560546000,-225088000,-171537000,0,487146000,487146000,487146000,0,0,0.259,287257000,63429000,99911000,0.0,1.779,11.398,11.344,109971000,0,33.01,2.949,2.934,173042000,2721397000,1882781000,1882781000,0,0.089,0.176,0.017,0.06,9799000,287257000,1.0,168202000,167346000,170154000,11.251,6181044000,358056000,-374204000,80991000,36.701,
TOL,MRY,2013-12-31,2013-10-31,2013-10-31,2018-03-08,-2387000,6827459000,6572964500,,,0.407,19.67,-26567000,805008000,805008000,2133300000,170606000,,1.047,2503664000,,,2503664000,0,25210000,212669000,0.0,0.0,267697000,292907000,0.11,292907000,267697000,267697000,1.01,0.97,1.01,3332987000,3211036000,3332987000,7209419440,26,24.613,-595530000,-3.518,1.0,540999000,0.202,0,0,8526115000,8285912750,4650412000,678504000,,,3488295000,,,5553037440,-5852000,-23589000,421000,205537000,0,230408000,332703000,382859000,-568963000,0,170606000,170606000,170606000,0,0,0.064,339932000,201067000,167787000,0.0,1.666,32.549,32.554,131320000,0,32.88,2.076,2.081,229295000,2892003000,2674299000,2674299000,0,0.026,0.053,0.032,0.1,-5376000,339932000,1.0,168888000,169288000,177963000,15.797,6827459000,286032000,97091000,81188000,40.294,
TOL,MRY,2014-12-31,2014-10-31,2014-10-31,2018-03-08,-2838000,8398457000,8183923500,,,0.478,21.71,-15074000,604657000,604657000,3081837000,340032000,,1.177,3381141000,,,3381141000,0,22999000,223799000,0.0,0.0,504582000,527581000,0.135,527581000,504582000,504582000,1.91,1.84,1.91,3854376000,3743219750,3854376000,8665892350,17,16.426,298126000,1.679,1.0,829765000,0.212,0,0,11174941000,10871754500,6490321000,634848000,,,4537760000,,,5684320350,-186657000,-1528300000,157975000,794296000,0,952234000,-1452091000,91283000,313200000,0,340032000,340032000,340032000,0,0,0.087,432516000,397249000,225347000,0.0,1.475,16.717,16.728,143010000,0,31.95,1.453,1.45,233127000,3232035000,3911602000,3911602000,0,0.042,0.091,0.046,0.129,14063000,432516000,1.0,177913000,177578000,185875000,22.028,8398457000,250421000,164550000,125996000,47.305,
TOL,MRY,2015-12-31,2015-10-31,2015-10-31,2018-03-08,-2509000,9206515000,8711677500,,,0.479,23.941,-9447000,935788000,935788000,3269270000,363167000,,1.179,3790240000,,,3790240000,0,23557000,284309000,0.0,0.0,535562000,559119000,0.134,559119000,535562000,535562000,2.06,1.97,2.06,4222557000,4086533500,4222557000,9249964470,17,16.544,50735000,0.288,1.0,901978000,0.216,0,0,12060967000,11577799000,6997516000,546036000,,,4978436000,,,6339748470,332678000,-80326000,-17374000,341799000,0,325268000,-52772000,37001000,60182000,0,363167000,363167000,363167000,0,0,0.087,455108000,446870000,236953000,0.0,1.501,17.457,17.461,136755000,0,35.97,1.52,1.521,335860000,3595202000,4171248000,4171248000,0,0.042,0.089,0.046,0.128,21275000,455108000,1.0,176251000,176425000,184703000,23.643,9206515000,198455000,172395000,58868000,52.2,
TOL,MRY,2016-12-31,2016-10-31,2016-10-31,2018-03-08,-3336000,9736789000,9217537500,,,0.561,25.793,-28426000,665006000,665006000,4144065000,382095000,,1.301,3775451000,,,3775451000,0,23121000,309099000,0.0,0.0,589027000,612148000,0.118,612148000,589027000,589027000,2.27,2.18,2.27,4229292000,4178182750,4229292000,7981835360,13,13.039,120345000,0.715,1.0,1025443000,0.198,0,0,12847234000,12379553500,7353967000,745012000,,,5501587000,,,4499995360,-285278000,-21849000,-385786000,-58992000,0,-442260000,8211000,58486000,148771000,0,382095000,382095000,382095000,0,0,0.074,535382000,490061000,281955000,0.0,1.064,11.777,12.088,169576000,0,27.44,0.87,0.893,582758000,3977297000,5169508000,5169508000,0,0.041,0.091,0.048,0.114,24565000,535382000,1.0,163994000,168261000,175973000,30.723,9736789000,167413000,206932000,62782000,59.382,
TOL,MRY,2017-12-31,2017-10-31,2017-10-31,2018-03-08,-1910000,9445225000,9739481250,,,0.597,28.439,-28872000,715311000,715311000,4562303000,535495000,,1.083,3220024000,,,3220024000,0,25361000,396026000,0.005,0.24,814311000,839672000,0.144,839672000,814311000,814311000,3.3,3.17,3.3,4531194000,4456777500,4531194000,10165484200,12,12.106,930847000,5.738,1.0,1252755000,0.215,0,0,11949938000,12647371250,7281453000,614680000,,,4908135000,,,7286060200,79114000,-9917000,-224881000,-614780000,-38587000,-872920000,-7685000,31104000,959719000,0,535495000,535495000,535495000,0,0,0.092,607819000,644936000,275223000,0.073,1.608,13.606,13.952,189547000,0,46.04,1.253,1.284,542217000,4474064000,5815058000,5815058000,0,0.055,0.12,0.064,0.14,23138000,607819000,1.0,158255000,162222000,169487000,35.846,9445225000,0,278816000,57509000,59.281,
