ticker,dimension,calendardate,datekey,reportperiod,lastupdated,accoci,assets,assetsavg,assetsc,assetsnc,assetturnover,bvps,capex,cashneq,cashnequsd,cor,consolinc,currentratio,de,debt,debtc,debtnc,debtusd,deferredrev,depamor,deposits,divyield,dps,ebit,ebitda,ebitdamargin,ebitdausd,ebitusd,ebt,eps,epsdil,epsusd,equity,equityavg,equityusd,ev,evebit,evebitda,fcf,fcfps,fxusd,gp,grossmargin,intangibles,intexp,invcap,invcapavg,inventory,investments,investmentsc,investmentsnc,liabilities,liabilitiesc,liabilitiesnc,marketcap,ncf,ncfbus,ncfcommon,ncfdebt,ncfdiv,ncff,ncfi,ncfinv,ncfo,ncfx,netinc,netinccmn,netinccmnusd,netincdis,netincnci,netmargin,opex,opinc,payables,payoutratio,pb,pe,pe1,ppnenet,prefdivis,price,ps,ps1,receivables,retearn,revenue,revenueusd,rnd,roa,roe,roic,ros,sbcomp,sgna,sharefactor,sharesbas,shareswa,shareswadil,sps,tangibles,taxassets,taxexp,taxliabilities,tbvps,workingcapital
TRX,MRY,2011-12-31,2011-08-31,2011-08-31,2018-03-17,0,67632380,49964048,32922378,34710002,0.0,0.602,-8586536,32428471,33143542,0,-11132371,13.322,0.197,2958039,0,2958039,3023265,0,463169,0,0.0,0.0,-10976337,-10513168,,-10744991,-11218373,-11132371,-0.12,-0.12,-0.123,56491892,43162794,57737580,538028034,-47,-50.072,-12326381,-0.131,0.978,0,,0,156034,35690749,33940594,223518,29400,29400,0,11140488,2471199,8669289,537522898,31102763,0,14270251,2033304,0,43149900,-8307292,0,-3739845,0,-11132371,-11132371,-11377848,0,0,,9529136,-9529136,2471199,0.0,9.31,-47.243,-47.943,34710002,0,5.88,,,157134,-55504339,0,0,36542,-0.223,-0.258,-0.323,,822006,2507090,1.0,91415459,93839466,93839466,0.0,67632380,0,0,0,0.721,30451179
TRX,MRY,2012-12-31,2012-08-31,2012-08-31,2018-03-17,0,65711075,66671727,20483824,45227251,0.0,0.531,-8706288,20058678,20314868,0,-8729293,8.835,0.235,2073286,0,2073286,2099766,0,379603,0,0.0,0.0,-9069971,-8690368,,-8801361,-9185813,-8897843,-0.09,-0.09,-0.091,53205396,54848644,53884938,413204269,-44,-46.948,-13419907,-0.134,0.987,0,,0,-172128,45407290,40549019,248395,17850,17850,0,12505679,2318393,10187286,441931275,-12369793,0,1000000,0,0,1000000,-8656174,0,-4713619,0,-8897843,-8897843,-9011486,0,168550,,6571115,-6571115,2318393,0.0,8.201,-49.041,-48.601,45227251,0,4.43,,,71225,-64098273,0,0,84518,-0.133,-0.162,-0.224,,1067078,2399380,1.0,99758753,100151347,100151347,0.0,65711075,0,0,0,0.656,18165431
TRX,MRY,2013-12-31,2013-08-31,2013-08-31,2018-03-17,0,58193340,61952207,11289745,46903595,0.0,0.519,-5282995,10679516,10142732,0,-3018990,1.922,0.112,1085221,1085221,0,1030674,0,288519,0,0.0,0.0,-3303565,-3015046,,-2863500,-3137518,-3225998,-0.03,-0.03,-0.028,52319699,52762547,49689957,315419445,-100,-110.152,-9420948,-0.094,1.053,0,,0,-77567,42725404,44066347,11849,5250,5250,0,5873641,5873641,0,333526990,-9379162,0,0,0,0,0,-5241209,0,-4137953,0,-3225998,-3225998,-3063849,0,207008,,7875750,-7875750,1264420,0.0,6.712,-108.859,-116.523,46903595,0,3.32,,,512369,-67117263,0,0,497263,-0.052,-0.061,-0.075,,1262081,2152177,1.0,100459937,100735972,100735972,0.0,58193340,0,0,0,0.578,5416104
TRX,MRY,2014-12-31,2014-08-31,2014-08-31,2018-03-17,0,52792901,55493120,2614572,50178329,0.0,0.51,-4279932,1829661,1682713,0,-1978386,2.029,0.025,0,0,0,0,0,258068,0,0.0,0.0,-2346124,-2088056,,-1920355,-2157696,-2416265,-0.02,-0.02,-0.018,51503996,51911847,47367488,230002255,-106,-119.771,-7765522,-0.077,1.087,0,,0,70141,49674335,46199869,24230,0,0,0,1288905,1288905,0,239186519,-8849855,0,0,-1090000,0,-1090000,-4274265,5667,-3485590,0,-2416265,-2416265,-2222204,0,437879,,4043340,-4043340,1288905,0.0,5.05,-107.635,-128.848,50178329,0,2.37,,,691799,-69095649,0,0,347699,-0.044,-0.047,-0.051,,1301199,2061960,1.0,100922582,101051691,101051691,0.0,52792901,0,0,0,0.522,1325667
TRX,MRY,2015-12-31,2015-08-31,2015-08-31,2018-03-17,0,53108859,52950880,1552416,51556443,0.0,0.446,-3194347,767826,581193,0,-8875306,0.249,0.153,1702540,1702540,0,1288709,0,384708,0,0.0,0.0,-8003823,-7619115,,-5767163,-6058361,-8995697,-0.09,-0.09,-0.068,46072190,48788093,34873584,30810512,-5,-5.342,-4095409,-0.04,1.321,0,,0,991874,47806904,48740619,487575,0,0,0,7036669,6236669,800000,32424281,-1061835,0,0,3033574,0,3033574,-3194347,0,-901062,0,-8995697,-8995697,-6809144,0,120391,,1733411,-1733411,3683129,0.0,0.93,-4.762,-4.697,51556443,0,0.32,,,216172,-77970955,0,0,212225,-0.17,-0.184,-0.164,,699215,1746976,1.0,101325880,103241433,103241433,0.0,53108859,0,0,0,0.514,-4684253
TRX,MRY,2016-12-31,2016-08-31,2016-08-31,2018-03-17,0,49885545,51497202,1032319,48853226,0.0,0.325,-776635,84913,64873,0,-12781902,0.08,0.419,3845431,2904025,941406,2937910,0,478699,0,0.0,0.0,-11388220,-10909521,,-8334877,-8700603,-12781902,-0.12,-0.12,-0.092,35156483,40614336,26859563,81565293,-9,-9.786,-2691130,-0.025,1.309,0,,0,1393682,40777530,44292217,539608,0,0,0,14729062,12868533,1860529,80890165,-682913,0,0,2008217,0,2008217,-776635,0,-1914495,0,-12781902,-12781902,-9765377,0,0,,6475505,-6475505,4913508,0.0,3.012,-8.283,-8.181,48853226,0,0.75,,,254389,-90600819,0,0,197683,-0.248,-0.315,-0.257,,118817,1155842,1.0,107853554,108200190,108200190,0.0,49885545,0,0,0,0.461,-11836214
TRX,MRY,2017-12-31,2017-08-31,2017-08-31,2018-03-17,-2176352,51353088,50619316,1922088,49431000,0.0,0.308,-1554811,1011293,810525,0,-6434112,0.227,0.416,4317285,3257761,1059524,3460194,0,421984,0,0.0,0.0,-5314108,-4892124,,-3920913,-4259123,-6434112,-0.05,-0.05,-0.04,36254043,35705263,29056698,48003209,-11,-12.243,-5838300,-0.05,1.248,0,,0,1120004,46184616,43481073,507489,0,0,0,15099045,8474464,6624581,45298492,926380,0,0,1175179,0,6764680,-1554811,0,-4283489,0,-6434112,-6434112,-5156778,0,0,,5334593,-5334593,5216703,0.0,1.559,-8.784,-10.481,49431000,0,0.42,,,329008,-96566577,0,0,53194,-0.127,-0.18,-0.122,,1847863,842983,1.0,107853554,117699647,117699647,0.0,51353088,0,0,0,0.436,-6552376
