ticker,dimension,calendardate,datekey,reportperiod,lastupdated,accoci,assets,assetsavg,assetsc,assetsnc,assetturnover,bvps,capex,cashneq,cashnequsd,cor,consolinc,currentratio,de,debt,debtc,debtnc,debtusd,deferredrev,depamor,deposits,divyield,dps,ebit,ebitda,ebitdamargin,ebitdausd,ebitusd,ebt,eps,epsdil,epsusd,equity,equityavg,equityusd,ev,evebit,evebitda,fcf,fcfps,fxusd,gp,grossmargin,intangibles,intexp,invcap,invcapavg,inventory,investments,investmentsc,investmentsnc,liabilities,liabilitiesc,liabilitiesnc,marketcap,ncf,ncfbus,ncfcommon,ncfdebt,ncfdiv,ncff,ncfi,ncfinv,ncfo,ncfx,netinc,netinccmn,netinccmnusd,netincdis,netincnci,netmargin,opex,opinc,payables,payoutratio,pb,pe,pe1,ppnenet,prefdivis,price,ps,ps1,receivables,retearn,revenue,revenueusd,rnd,roa,roe,roic,ros,sbcomp,sgna,sharefactor,sharesbas,shareswa,shareswadil,sps,tangibles,taxassets,taxexp,taxliabilities,tbvps,workingcapital
TTM,MRY,2011-12-31,2011-03-31,2011-03-31,2017-07-31,0,1031526900000,969968550000,437821100000,593705800000,1.27,82.495,-81713600000,90670900000,2034569567,796223800000,73748700000,0.798,3.927,459201500000,252118300000,207083200000,10304049009,0,43445700000,0,0.011,0.3,123042600000,166488300000,0.135,3735840589,2760960015,86189100000,123.0,122.5,2.76,208869000000,154523350000,4686823567,24172894096,8,6.471,74155400000,29.288,44.565,435910300000,0.354,203413400000,36853500000,647821100000,647845150000,139547700000,81356000000,30217500000,51138500000,820267600000,548823000000,271444600000,14072332714,23988800000,280500000,33510000000,-31339500000,-10042300000,-42999200000,-74988400000,-15292200000,155869000000,3219200000,73401800000,73401800000,1647067234,0,346900000,0.06,368037000000,67873300000,224904700000,0.109,3.003,8.544,10.069,232479000000,0,27.79,0.509,2.545,214016700000,45136200000,1232134100000,27647928310,0,0.076,0.475,0.19,0.1,0,92249600000,0.2,2531905850,2531905850,,10.92,828113500000,19779200000,12787300000,21326900000,327.071,-111001900000
TTM,MRY,2012-12-31,2012-03-31,2012-03-31,2017-07-31,0,1434536200000,1233031550000,653230200000,781306000000,1.348,122.025,-139255800000,145952400000,2878325905,1089790800000,114817000000,0.902,3.359,583681400000,289000700000,294680700000,11510775391,0,56424000000,0,0.016,0.42,157429900000,213853900000,0.129,4217410747,3104673575,118472200000,179.5,177.5,3.54,328412600000,268640800000,6476621791,22879318309,7,5.425,100204600000,37.232,50.707,571723100000,0.344,286600400000,38957700000,861062200000,754441650000,180834000000,155921100000,108295600000,47625500000,1103192600000,724602600000,378590000000,14517203499,43900600000,195900000,0,80632400000,-14648500000,27675800000,-204833800000,-75156000000,239460400000,11415600000,114035700000,114035700000,2248896965,0,781300000,0.069,494085000000,77638100000,334558900000,0.119,2.241,6.455,7.619,282716100000,0,26.97,0.443,2.215,258895700000,146807500000,1661513900000,32766699971,0,0.092,0.424,0.209,0.095,0,125204900000,0.2,2691361420,2691361420,,12.175,1147935800000,55931100000,4436500000,29206300000,426.526,-71372400000
TTM,MRY,2013-12-31,2013-03-31,2013-03-31,2017-07-31,0,1687166500000,1560851350000,731607100000,955559400000,1.213,137.564,-186314500000,116909900000,2152294627,1201017000000,89556700000,0.872,3.547,670061000000,317342000000,352719000000,12335727688,0,75767900000,0,0.014,0.33,168701300000,244469200000,0.129,4500643194,3105766933,127909300000,137.5,137.5,2.531,370268500000,349340550000,6816590411,21011048834,6,4.668,62252600000,23.128,54.319,691893000000,0.366,356978100000,40792000000,1044364700000,952713450000,210495700000,210448700000,166292200000,44156500000,1313260800000,838974800000,474286000000,13140456887,-33335200000,209600000,1700000,52929700000,-14841800000,-20696300000,-238188200000,-66823200000,248567100000,2688000000,88670500000,88670500000,1632411290,0,886200000,0.047,627360700000,64532300000,417313900000,0.13,1.928,8.05,9.643,364979900000,0,24.41,0.377,1.885,304009900000,197576500000,1892910000000,34848203819,0,0.057,0.254,0.177,0.089,0,167169500000,0.2,2691613455,2691613455,,12.947,1330188400000,55415200000,39238800000,33810900000,494.197,-107367700000
TTM,MRY,2014-12-31,2014-03-31,2014-03-31,2017-07-31,0,2184775900000,1935971200000,953709400000,1231066500000,1.21,231.699,-258334600000,159921500000,2671374268,1444946400000,131178600000,1.047,2.475,715816500000,252505200000,463311300000,11957202620,0,110462600000,0,0.004,0.13,232038300000,342500900000,0.146,5721232549,3876033828,178943600000,201.0,201.0,3.358,627477700000,498873100000,10481566153,28169507660,7,4.924,157862300000,58.291,59.865,896814100000,0.383,499633300000,53094700000,1330448100000,1187406400000,272735900000,343682200000,264462200000,79220000000,1553079600000,910589500000,642490100000,19179161861,26854300000,-1149200000,900000,26586700000,-6822600000,-48247700000,-296329700000,-65352600000,416196900000,16157300000,130717100000,130717100000,2183535655,0,461500000,0.056,823143300000,73670800000,544197300000,0.039,1.83,8.784,10.546,494609900000,0,35.41,0.49,2.451,294920000000,308089400000,2341760500000,39117434128,0,0.068,0.262,0.195,0.099,0,213903000000,0.2,2708156151,2708156151,,14.444,1685142600000,51129000000,48226500000,49258500000,622.247,43119900000
TTM,MRY,2015-12-31,2015-03-31,2015-03-31,2017-07-31,0,2345643400000,2265209650000,993491300000,1352152100000,1.169,195.469,-300898800000,197430900000,3154339533,1617028600000,129082400000,1.001,3.377,941440700000,315621700000,625819000000,15041331517,0,134495800000,0,0.007,0.32,249672500000,384168300000,0.145,6137829773,3988999884,197440900000,197.0,197.0,3.147,534941700000,581209700000,8546725728,33855841948,8,5.516,106735700000,39.001,62.59,1031900000000,0.39,538220300000,52231600000,1558778200000,1444613150000,287279800000,323013100000,272130000000,50883100000,1806291600000,992654700000,813636900000,24663258655,51834000000,153400000,0,106948300000,-6744200000,30610300000,-344177600000,-50400600000,407634500000,-14324600000,128291200000,128291200000,2049699434,0,791200000,0.048,930806500000,101093500000,569383400000,0.102,2.886,12.033,14.316,586899100000,0,45.06,0.583,2.914,289009900000,400658500000,2648928600000,42321745000,0,0.057,0.221,0.173,0.094,0,250401200000,0.2,2736713122,2736713122,,15.464,1807423100000,51739500000,69149700000,31708300000,660.436,836600000
TTM,MRY,2016-12-31,2016-03-31,2016-03-31,2017-07-31,0,2619981300000,2482812350000,1099440400000,1520540900000,1.09,279.02,-311014200000,171536100000,2587732054,1637209600000,96872200000,1.03,2.425,914221900000,329611600000,584610300000,13791623546,0,168074900000,0,0.0,0.0,171308700000,339383600000,0.125,5119819213,2584301580,123396100000,142.0,142.0,2.142,763597100000,649269400000,11519351860,27546754812,10,5.38,84096600000,30.729,66.288,1067903000000,0.395,607912700000,47912600000,1687065100000,1622921650000,326370400000,413554900000,344924200000,68630700000,1851944600000,1067689300000,784255300000,15900303238,-33717000000,154200000,74904800000,-55052700000,0,-37928700000,-370501300000,-122361200000,395110800000,7822200000,95883400000,95883400000,1446462568,0,988800000,0.035,1057897600000,10005400000,613364400000,0.0,1.38,10.993,13.561,670065000000,0,29.05,0.39,1.948,299455500000,534195800000,2705112600000,40808358048,0,0.039,0.148,0.106,0.063,0,288117400000,0.2,2736713122,2736713122,,14.911,2012068600000,53699700000,27512700000,50691900000,735.214,31751100000
TTM,MRY,2017-12-31,2017-03-31,2017-03-31,2017-07-31,0,2666646000000,2643313650000,1163336400000,1503309600000,1.005,185.022,-306063700000,139867600000,2153963193,1659297200000,62234400000,1.009,3.983,1130379900000,410071100000,720308800000,17407867867,0,182405400000,0,0.0,0.01,139246200000,321651600000,0.121,4953439593,2144393624,96880500000,90.0,90.0,1.386,534197000000,648897050000,8226642026,31661213540,14,6.392,15994600000,5.54,64.935,997197900000,0.375,578247000000,42365700000,1926025100000,1806545100000,352953800000,483562600000,393986600000,89576000000,2127803800000,1152886200000,974917600000,20585761682,-17567300000,7416900000,45500000,115444800000,-730000000,62053000000,-382727600000,-98332300000,322058300000,-14101200000,61210500000,61210500000,942642642,0,1023900000,0.023,1061154000000,-63956100000,610201400000,0.007,2.502,21.838,25.721,651199400000,0,35.65,0.503,2.516,316388000000,529009900000,2656495100000,40910065450,0,0.023,0.094,0.077,0.052,0,283588000000,0.2,2887203602,2887203602,,14.169,2088399000000,56176600000,35670000000,25732200000,723.329,10450200000
