ticker,dimension,calendardate,datekey,reportperiod,lastupdated,accoci,assets,assetsavg,assetsc,assetsnc,assetturnover,bvps,capex,cashneq,cashnequsd,cor,consolinc,currentratio,de,debt,debtc,debtnc,debtusd,deferredrev,depamor,deposits,divyield,dps,ebit,ebitda,ebitdamargin,ebitdausd,ebitusd,ebt,eps,epsdil,epsusd,equity,equityavg,equityusd,ev,evebit,evebitda,fcf,fcfps,fxusd,gp,grossmargin,intangibles,intexp,invcap,invcapavg,inventory,investments,investmentsc,investmentsnc,liabilities,liabilitiesc,liabilitiesnc,marketcap,ncf,ncfbus,ncfcommon,ncfdebt,ncfdiv,ncff,ncfi,ncfinv,ncfo,ncfx,netinc,netinccmn,netinccmnusd,netincdis,netincnci,netmargin,opex,opinc,payables,payoutratio,pb,pe,pe1,ppnenet,prefdivis,price,ps,ps1,receivables,retearn,revenue,revenueusd,rnd,roa,roe,roic,ros,sbcomp,sgna,sharefactor,sharesbas,shareswa,shareswadil,sps,tangibles,taxassets,taxexp,taxliabilities,tbvps,workingcapital
TTWO,MRY,2011-12-31,2011-03-31,2011-03-31,2018-05-17,10459000,971659000,905467500,566603000,405056000,1.256,7.194,-9653000,280359000,280359000,689381000,48458000,2.454,0.579,107239000,0,107239000,107239000,13434000,14999000,0,0.0,0.0,71796000,86795000,0.076,86795000,71796000,58277000,0.56,0.56,0.56,615279000,567951000,615279000,1122782270,15,12.936,125145000,1.463,1.0,447495000,0.394,512999000,13519000,54652000,72561000,24578000,0,0,0,356380000,230888000,125492000,1314595270,134521000,2075000,734000,0,0,734000,-7578000,0,134798000,6567000,48458000,48458000,48458000,5346000,0,0.043,370353000,77142000,56153000,0.0,2.137,27.129,27.446,19632000,0,15.37,1.156,1.156,84217000,-102523000,1136876000,1136876000,69576000,0.054,0.085,0.989,0.063,28765000,285778000,1.0,85529946,85529946,,13.292,458660000,8280000,9819000,12037000,5.363,335715000
TTWO,MRY,2012-12-31,2012-03-31,2012-03-31,2018-05-17,6733000,1149427000,1056379000,743617000,405810000,0.782,6.65,-10786000,420279000,420279000,528855000,-108816000,3.4,0.929,316340000,0,316340000,316340000,13864000,12123000,0,0.0,0.0,-85382000,-73259000,-0.089,-73259000,-85382000,-104953000,-1.31,-1.31,-1.31,595727000,604590250,595727000,1237186216,-14,-16.888,-95750000,-1.069,1.0,296968000,0.36,560414000,19571000,266349000,173102000,22477000,0,0,0,553700000,218725000,334975000,1378596216,139920000,-4101000,239000,243125000,0,243364000,-14162000,0,-84964000,-4318000,-108816000,-108816000,-108816000,1116000,0,-0.132,381234000,-84266000,46681000,0.0,2.314,-12.669,-11.748,18949000,0,15.39,1.669,1.669,45035000,-211339000,825823000,825823000,64162000,-0.103,-0.18,-0.493,-0.103,33494000,304949000,1.0,89577402,89577402,,9.219,589013000,0,3863000,0,6.575,524892000
TTWO,MRY,2013-12-31,2013-03-31,2013-03-31,2018-05-17,-4572000,1277839000,1176375500,866152000,411687000,1.032,6.416,-16820000,409991000,409991000,715837000,-29491000,2.57,1.173,335202000,0,335202000,335202000,26919000,10634000,0,0.0,0.0,6910000,17544000,0.014,17544000,6910000,-24441000,-0.34,-0.34,-0.34,587995000,528588250,587995000,1361615763,197,77.611,-21387000,-0.233,1.0,498646000,0.411,529015000,31351000,337036000,295372000,30218000,0,0,0,689844000,336999000,352845000,1480027763,-17777000,0,0,0,0,0,-16820000,0,-4567000,3610000,-29491000,-29491000,-29491000,-1671000,0,-0.024,493407000,5239000,79932000,0.0,2.517,-50.186,-47.5,25362000,0,16.15,1.219,1.219,189596000,-240830000,1214483000,1214483000,78184000,-0.025,-0.056,0.023,0.006,35765000,404589000,1.0,91642586,91642586,,13.252,748824000,0,5050000,0,8.171,529153000
TTWO,MRY,2014-12-31,2014-03-31,2014-03-31,2018-05-17,2116000,1799630000,1983600000,1399440000,400190000,1.185,8.181,-29813000,1129239000,1129239000,1414327000,361605000,2.947,1.244,454031000,0,454031000,454031000,79323000,13359000,0,0.0,0.0,409617000,422976000,0.18,422976000,409617000,376064000,3.79,3.2,3.79,801806000,682412000,801806000,1626005467,3,3.844,670449000,6.84,1.0,936241000,0.398,457527000,33553000,192075000,301533250,29780000,0,0,0,997824000,474820000,523004000,2149438467,532898000,0,-276836000,117189000,0,-133684000,-30813000,0,700262000,-2867000,361605000,361605000,361605000,86000,0,0.154,520985000,415256000,16452000,0.0,2.681,5.944,5.786,42572000,0,21.93,0.914,0.914,53143000,120775000,2350568000,2350568000,105256000,0.182,0.53,1.358,0.174,78118000,402370000,1.0,98013610,98013610,,23.982,1342103000,0,14459000,0,13.693,924620000
TTWO,MRY,2015-12-31,2015-03-31,2015-03-31,2018-05-17,-30624000,2228073000,1938709750,1779859000,448214000,0.559,6.674,-49501000,1080798000,1080798000,794867000,-279470000,1.842,2.957,473030000,0,473030000,473030000,647351000,21057000,0,0.0,0.0,-240987000,-219930000,-0.203,-219930000,-240987000,-272880000,-3.48,-3.48,-3.48,563088000,729130750,563088000,1689692778,-7,-7.683,163313000,1.936,1.0,288071000,0.266,509771000,31893000,144274000,368817750,20051000,186929000,186929000,0,1664985000,966260000,698725000,2148025778,-24280000,0,0,0,0,928000,-220141000,-170640000,212814000,-17881000,-279470000,-279470000,-279470000,0,0,-0.258,546534000,-258463000,38789000,0.0,3.815,-7.686,-7.316,69792000,0,25.46,1.984,1.984,217860000,-158695000,1082938000,1082938000,115043000,-0.144,-0.383,-0.653,-0.223,65246000,410434000,1.0,84368648,84368648,,12.836,1718302000,0,6590000,0,20.367,813599000
TTWO,MRY,2016-12-31,2016-03-31,2016-03-31,2018-05-17,-37896000,2590277000,2486097250,2045276000,545001000,0.569,6.855,-37280000,1059911000,1059911000,813873000,-8302000,1.676,3.455,497935000,0,497935000,497935000,798803000,28800000,0,0.0,0.0,-8145000,20655000,0.015,20655000,-8145000,-38350000,-0.1,-0.1,-0.1,581385000,549815750,581385000,2647134946,-325,128.16,224025000,2.641,1.0,599825000,0.424,614907000,30205000,192983000,122935500,15888000,470820000,470820000,0,2008892000,1220411000,788481000,3194888946,-112378000,0,-26552000,0,0,-48047000,-324516000,-286887000,261305000,-1120000,-8302000,-8302000,-8302000,0,0,-0.006,610653000,-10828000,30448000,0.0,5.495,-384.834,-376.7,77127000,0,37.67,2.26,2.26,168527000,-166997000,1413698000,1413698000,119807000,-0.003,-0.015,-0.066,-0.006,69996000,390761000,1.0,84812555,84812555,,16.668,1975370000,0,-30048000,0,23.291,824865000
TTWO,MRY,2017-12-31,2017-03-31,2017-03-31,2018-05-17,-47142000,3149154000,2939015000,2195242000,953912000,0.606,9.898,-21167000,1281214000,1281214000,1022959000,67303000,1.302,2.137,251929000,0,251929000,251929000,913531000,30707000,0,0.0,0.0,92655000,123362000,0.069,123362000,92655000,76965000,0.73,0.72,0.73,1003728000,735235500,1003728000,4951487435,53,40.138,310262000,3.059,1.0,756789000,0.425,893008000,15690000,-459031000,-249203250,16323000,448932000,448932000,0,2145426000,1685892000,459534000,6010582435,144654000,-130669000,0,0,0,-49772000,-129030000,22806000,331429000,-7973000,67303000,67303000,67303000,0,0,0.038,665484000,91305000,31892000,0.0,5.988,89.306,81.192,67300000,0,59.27,3.377,3.377,219558000,-99694000,1779748000,1779748000,137915000,0.023,0.092,-0.372,0.052,81879000,496862000,1.0,101410198,101410198,,17.55,2256146000,0,9662000,0,22.248,509350000
TTWO,MRY,2018-12-31,2018-03-31,2018-03-31,2018-05-17,-15732000,3737841000,3584100250,2409177000,1328664000,0.5,13.016,-61557000,1246371000,1246371000,898311000,173533000,1.395,1.51,8068000,0,8068000,8068000,1132741000,32202000,0,0.0,0.0,135577000,167779000,0.094,167779000,135577000,136625000,1.57,1.54,1.57,1488970000,1365497750,1488970000,10050441502,74,59.903,332390000,2.906,1.0,894581000,0.499,1175864000,-1048000,-403255000,-440442250,15162000,615406000,615406000,0,2248871000,1726929000,521942000,11185864502,-134423000,-35366000,-154792000,0,0,-281467000,-271827000,-174904000,393947000,24924000,173533000,173533000,173533000,0,0,0.097,759004000,135577000,35029000,0.0,7.512,64.46,62.28,102478000,0,97.78,6.239,6.239,247649000,73516000,1792892000,1792892000,196373000,0.048,0.127,-0.308,0.076,116349000,503920000,1.0,114398287,114398287,,15.672,2561977000,0,-36908000,0,22.395,682248000
