ticker,dimension,calendardate,datekey,reportperiod,lastupdated,accoci,assets,assetsavg,assetsc,assetsnc,assetturnover,bvps,capex,cashneq,cashnequsd,cor,consolinc,currentratio,de,debt,debtc,debtnc,debtusd,deferredrev,depamor,deposits,divyield,dps,ebit,ebitda,ebitdamargin,ebitdausd,ebitusd,ebt,eps,epsdil,epsusd,equity,equityavg,equityusd,ev,evebit,evebitda,fcf,fcfps,fxusd,gp,grossmargin,intangibles,intexp,invcap,invcapavg,inventory,investments,investmentsc,investmentsnc,liabilities,liabilitiesc,liabilitiesnc,marketcap,ncf,ncfbus,ncfcommon,ncfdebt,ncfdiv,ncff,ncfi,ncfinv,ncfo,ncfx,netinc,netinccmn,netinccmnusd,netincdis,netincnci,netmargin,opex,opinc,payables,payoutratio,pb,pe,pe1,ppnenet,prefdivis,price,ps,ps1,receivables,retearn,revenue,revenueusd,rnd,roa,roe,roic,ros,sbcomp,sgna,sharefactor,sharesbas,shareswa,shareswadil,sps,tangibles,taxassets,taxexp,taxliabilities,tbvps,workingcapital
TW,MRY,2011-12-31,2011-06-30,2011-06-30,2017-04-14,-13305000,5098950000,4811088750,1650551000,3448399000,0.677,35.105,-99346000,682077000,682077000,2289411000,196725000,1.401,0.963,99341000,99341000,0,99341000,0,130575000,0,0.005,0.3,336828000,467403000,0.143,467403000,336828000,324353000,2.62,2.62,2.62,2591527000,2349389250,2591527000,4447355725,13,9.515,441891000,5.965,1.0,970040000,0.298,2638496000,12475000,699524000,768948000,0,43682000,43682000,0,2496280000,1178194000,1318086000,4860845725,92996000,-119569000,-24488000,-200000000,-21599000,-272683000,-200908000,18007000,541237000,25350000,194437000,194437000,194437000,0,2288000,0.06,656877000,313163000,285793000,0.115,1.876,25.0,25.08,252343000,0,65.71,1.491,1.493,778930000,883161000,3259451000,3259451000,0,0.04,0.083,0.438,0.103,79922000,425767000,1.0,73974217,74075000,74139000,44.002,2460454000,188569000,129916000,0,33.329,472357000
TW,MRY,2012-12-31,2012-06-30,2012-06-30,2017-04-14,-350745000,5356978000,5012608000,1759397000,3597581000,0.65,33.901,-158622000,478179000,478179000,2262436000,260476000,1.595,1.192,458000000,0,458000000,458000000,0,152892000,0,0.007,0.4,401812000,554704000,0.17,554704000,401812000,392656000,3.6,3.59,3.6,2432520000,2553384000,2432520000,3755541109,9,6.77,157436000,2.18,1.0,995462000,0.306,3021403000,9156000,1212414000,1023281000,0,40436000,40436000,0,2899661000,1102982000,1796679000,4299882109,-50744000,-427391000,-108896000,357229000,-26448000,188789000,-542335000,43678000,316058000,-13256000,260213000,260213000,260213000,0,263000,0.08,631757000,363705000,333443000,0.111,1.768,16.524,16.639,315000000,0,59.9,1.32,1.328,884351000,1117622000,3257898000,3257898000,0,0.052,0.102,0.393,0.123,53785000,395621000,1.0,71784340,72221000,72221000,45.11,2335575000,157491000,132443000,0,32.55,656415000
TW,MRY,2013-12-31,2013-06-30,2013-06-30,2017-04-14,-299464000,5332077000,5313512250,1712221000,3619856000,0.646,38.202,-127972000,532805000,532805000,2352903000,315652000,1.539,0.95,250000000,25000000,225000000,250000000,0,175721000,0,0.007,0.58,468479000,644200000,0.188,644200000,468479000,455803000,4.48,4.46,4.48,2724494000,2573256250,2724494000,5516031647,11,8.563,403342000,5.669,1.0,1079612000,0.315,2906693000,12676000,1029706000,1191862250,0,56645000,56645000,0,2587243000,1112873000,1474370000,5782057647,54626000,2329000,-46618000,-208000000,-48153000,-326680000,-137766000,-12123000,531314000,-12242000,318812000,318812000,318812000,0,-3160000,0.093,647207000,432405000,351648000,0.129,2.122,18.136,18.29,346915000,0,81.94,1.684,1.698,825838000,1394407000,3432515000,3432515000,0,0.06,0.124,0.393,0.136,28906000,443414000,1.0,70564529,71150000,71150000,48.243,2425384000,86313000,136991000,0,34.008,599348000
TW,MRY,2014-12-31,2014-06-30,2014-06-30,2017-04-14,-189702000,5627786000,5422107500,1808498000,3819288000,0.642,44.057,-120821000,727849000,727849000,2356206000,366314000,1.748,0.813,225000000,25000000,200000000,225000000,0,175538000,0,0.004,0.42,506580000,682118000,0.196,682118000,506580000,497549000,5.09,5.06,5.09,3096908000,2991565000,3096908000,6921608138,13,10.147,335270000,4.75,1.0,1125706000,0.323,2970351000,9031000,1119987000,1278211000,0,122761000,122761000,0,2516837000,1034599000,1482238000,7327318138,195044000,-69030000,-92823000,-25000000,-21058000,-15244000,-268062000,-78211000,456091000,22259000,359300000,359300000,359300000,-6057000,7014000,0.103,631198000,494508000,404760000,0.083,2.366,20.393,20.477,374444000,0,104.23,2.104,2.113,821233000,1722927000,3481912000,3481912000,0,0.066,0.12,0.396,0.145,22517000,455331000,1.0,70299510,70587000,70587000,49.328,2657435000,79103000,138249000,0,37.805,773899000
TW,MRY,2015-12-31,2015-06-30,2015-06-30,2017-04-14,-576298000,5394174000,5352648000,1836232000,3557942000,0.681,42.286,-135226000,715151000,715151000,2427334000,385631000,1.624,0.834,240000000,25000000,215000000,240000000,0,172287000,0,0.005,0.6,594115000,766402000,0.21,766402000,594115000,585040000,5.52,5.5,5.52,2932011000,2993393750,2932011000,8236487033,13,10.747,438293000,6.282,1.0,1217619000,0.334,2932438000,9075000,855711000,1225092000,0,127156000,127156000,0,2446662000,1130874000,1315788000,8720645033,-12698000,-207015000,-168242000,45000000,-41801000,-190528000,-361975000,-19734000,573519000,-33714000,384978000,384978000,384978000,0,653000,0.106,629018000,588601000,424403000,0.109,2.974,22.652,22.79,390681000,0,125.8,2.393,2.408,800363000,2066104000,3644953000,3644953000,0,0.072,0.129,0.485,0.163,36129000,449747000,1.0,69321501,69766000,69766000,52.245,2461736000,62772000,200062000,0,35.504,705358000
