ticker,dimension,calendardate,datekey,reportperiod,lastupdated,accoci,assets,assetsavg,assetsc,assetsnc,assetturnover,bvps,capex,cashneq,cashnequsd,cor,consolinc,currentratio,de,debt,debtc,debtnc,debtusd,deferredrev,depamor,deposits,divyield,dps,ebit,ebitda,ebitdamargin,ebitdausd,ebitusd,ebt,eps,epsdil,epsusd,equity,equityavg,equityusd,ev,evebit,evebitda,fcf,fcfps,fxusd,gp,grossmargin,intangibles,intexp,invcap,invcapavg,inventory,investments,investmentsc,investmentsnc,liabilities,liabilitiesc,liabilitiesnc,marketcap,ncf,ncfbus,ncfcommon,ncfdebt,ncfdiv,ncff,ncfi,ncfinv,ncfo,ncfx,netinc,netinccmn,netinccmnusd,netincdis,netincnci,netmargin,opex,opinc,payables,payoutratio,pb,pe,pe1,ppnenet,prefdivis,price,ps,ps1,receivables,retearn,revenue,revenueusd,rnd,roa,roe,roic,ros,sbcomp,sgna,sharefactor,sharesbas,shareswa,shareswadil,sps,tangibles,taxassets,taxexp,taxliabilities,tbvps,workingcapital
TWIN,MRY,2011-12-31,2011-06-30,2011-06-30,2018-05-08,-11383000,309120000,290221250,195168000,113952000,1.07,12.076,-11732000,20167000,20167000,202710000,18132000,2.325,1.248,29699000,3915000,25784000,29699000,0,9904000,0,0.008,0.3,33613000,43517000,0.14,43517000,33613000,31894000,1.59,1.57,1.59,137085000,114289750,137085000,450983185,13,10.363,2128000,0.188,1.0,107683000,0.347,24310000,1719000,210382000,203858250,99139000,0,0,0,171066000,83960000,87106000,438678185,1145000,0,322000,-1404000,-3411000,-4178000,-12025000,0,13860000,3488000,17997000,17997000,17997000,0,135000,0.058,72967000,34716000,38372000,0.189,3.2,24.375,24.296,65791000,0,38.63,1.413,1.409,61007000,162857000,310393000,310393000,0,0.062,0.157,0.165,0.108,6148000,72967000,1.0,11355894,11319000,11463000,27.422,284810000,19826000,13897000,4170000,25.089,111208000
TWIN,MRY,2012-12-31,2012-06-30,2012-06-30,2018-05-08,-34797000,303832000,315507750,197161000,106671000,1.128,11.874,-13617000,15701000,15701000,234238000,26941000,2.959,1.235,32145000,3744000,28401000,32145000,0,10756000,0,0.018,0.34,46033000,56789000,0.16,56789000,46033000,44558000,2.34,2.31,2.34,135487000,145311000,135487000,238811214,5,4.205,827000,0.072,1.0,121632000,0.342,18112000,1475000,235539000,240480750,103178000,0,0,0,167323000,66625000,100698000,211331214,-4466000,0,-2256000,2448000,-3886000,-3474000,-13910000,0,14444000,-1526000,26743000,26743000,26743000,0,198000,0.075,76761000,44871000,23550000,0.145,1.56,7.902,7.902,66356000,0,18.49,0.594,0.593,63438000,184306000,355870000,355870000,0,0.085,0.184,0.191,0.129,1642000,73091000,1.0,11429487,11410000,11556000,31.189,285720000,18080000,17815000,3340000,25.041,130536000
TWIN,MRY,2013-12-31,2013-06-30,2013-06-30,2018-05-08,-25899000,285458000,295065500,188472000,96986000,0.967,12.684,-6267000,20724000,20724000,205257000,4251000,2.968,0.996,27153000,3681000,23472000,27153000,0,10838000,0,0.015,0.36,10303000,21141000,0.074,21141000,10303000,8868000,0.34,0.34,0.34,142504000,140046250,142504000,284011570,27,13.434,18209000,1.611,1.0,80025000,0.281,16381000,1435000,212003000,230934500,102774000,0,0,0,141896000,63503000,78393000,266470570,5023000,0,-2880000,-4996000,-4078000,-12407000,-6498000,0,24476000,-548000,3882000,3882000,3882000,0,369000,0.014,70012000,10013000,20651000,1.059,1.87,68.643,69.706,62315000,0,23.7,0.934,0.939,46331000,184110000,285282000,285282000,0,0.013,0.028,0.045,0.036,2681000,67899000,1.0,11243484,11304000,11377000,25.237,269077000,12894000,4986000,2925000,23.95,124969000
TWIN,MRY,2014-12-31,2014-06-30,2014-06-30,2018-05-08,-15943000,266985000,272629000,180097000,86888000,0.968,13.457,-7142000,24757000,24757000,186655000,3870000,3.161,0.757,18404000,3604000,14800000,18404000,0,10657000,0,0.011,0.36,8806000,19463000,0.074,19463000,8806000,7870000,0.32,0.32,0.32,151584000,146582250,151584000,370991052,42,19.061,18607000,1.653,1.0,77254000,0.293,16260000,936000,187392000,196782500,97579000,0,0,0,114674000,56980000,57694000,372304052,4033000,0,0,-8752000,-4059000,-14943000,-7108000,0,25749000,335000,3644000,3644000,3644000,0,226000,0.014,68367000,8887000,22111000,1.125,2.456,102.169,103.281,60267000,0,33.05,1.411,1.41,40219000,183695000,263909000,263909000,0,0.013,0.025,0.045,0.033,1184000,67406000,1.0,11264873,11258000,11264000,23.442,250725000,7335000,4226000,1778000,22.259,123117000
TWIN,MRY,2015-12-31,2015-06-30,2015-06-30,2018-05-08,-35481000,249862000,253707000,169830000,80032000,1.048,12.387,-8770000,22936000,22936000,182758000,11385000,2.977,0.786,13802000,3571000,10231000,13802000,0,10161000,0,0.019,0.36,16294000,26455000,0.1,26455000,16294000,15688000,0.99,0.99,0.99,139528000,146473500,139528000,198828725,12,7.516,8290000,0.735,1.0,83032000,0.312,14975000,606000,168699000,174502250,80241000,0,0,0,109695000,57054000,52641000,210035725,-1821000,0,15000,-4593000,-4061000,-9198000,-6836000,0,17060000,-2847000,11173000,11173000,11173000,0,212000,0.042,67546000,15486000,20729000,0.364,1.505,18.799,18.828,56427000,0,18.64,0.79,0.791,43883000,190807000,265790000,265790000,0,0.044,0.076,0.093,0.061,696000,64264000,1.0,11268011,11273000,11277000,23.578,234887000,9741000,4515000,1093000,20.853,112776000
TWIN,MRY,2016-12-31,2016-06-30,2016-06-30,2018-05-08,-44143000,213922000,223452250,125035000,88887000,0.744,10.393,-4090000,18273000,18273000,125687000,-13013000,3.461,0.832,8501000,0,8501000,8501000,0,8847000,0,0.017,0.18,-24960000,-16113000,-0.097,-16113000,-24960000,-25386000,-1.17,-1.17,-1.17,116490000,127176500,116490000,120298868,-4,-7.466,-699000,-0.062,1.0,40595000,0.244,7284000,426000,160735000,158351250,66569000,0,0,0,96869000,36131000,60738000,121900868,-4663000,3500000,12000,-5301000,-2041000,-8061000,1142000,0,3391000,-1135000,-13104000,-13104000,-13104000,0,91000,-0.079,65191000,-24596000,14716000,-0.154,1.046,-9.303,-9.179,51665000,0,10.74,0.733,0.724,25363000,175662000,166282000,166282000,0,-0.059,-0.103,-0.158,-0.15,1295000,57113000,1.0,11350174,11203000,11203000,14.843,206638000,25870000,-12282000,827000,18.435,88904000
TWIN,MRY,2017-12-31,2017-06-30,2017-06-30,2018-05-08,-32671000,210898000,208953000,129434000,81464000,0.805,10.928,-2916000,16367000,16367000,119950000,-6115000,2.907,0.71,6323000,0,6323000,6323000,0,7017000,0,0.0,0.0,-9405000,-2388000,-0.014,-2388000,-9405000,-9708000,-0.56,-0.56,-0.56,122921000,114200250,122921000,179955806,-19,-75.358,262000,0.023,1.0,48232000,0.287,4594000,303000,151737000,157468750,66193000,0,0,0,87331000,44523000,42808000,185918806,-1906000,0,0,-2193000,0,-2442000,-3042000,0,3178000,400000,-6294000,-6294000,-6294000,0,179000,-0.037,57210000,-8978000,21301000,0.0,1.513,-29.539,-28.821,48212000,0,16.14,1.105,1.079,31392000,169368000,168182000,168182000,0,-0.03,-0.055,-0.06,-0.056,1615000,52773000,1.0,11519133,11239000,11239000,14.964,206304000,24198000,-3414000,1011000,18.341,84911000
