ticker,dimension,calendardate,datekey,reportperiod,lastupdated,accoci,assets,assetsavg,assetsc,assetsnc,assetturnover,bvps,capex,cashneq,cashnequsd,cor,consolinc,currentratio,de,debt,debtc,debtnc,debtusd,deferredrev,depamor,deposits,divyield,dps,ebit,ebitda,ebitdamargin,ebitdausd,ebitusd,ebt,eps,epsdil,epsusd,equity,equityavg,equityusd,ev,evebit,evebitda,fcf,fcfps,fxusd,gp,grossmargin,intangibles,intexp,invcap,invcapavg,inventory,investments,investmentsc,investmentsnc,liabilities,liabilitiesc,liabilitiesnc,marketcap,ncf,ncfbus,ncfcommon,ncfdebt,ncfdiv,ncff,ncfi,ncfinv,ncfo,ncfx,netinc,netinccmn,netinccmnusd,netincdis,netincnci,netmargin,opex,opinc,payables,payoutratio,pb,pe,pe1,ppnenet,prefdivis,price,ps,ps1,receivables,retearn,revenue,revenueusd,rnd,roa,roe,roic,ros,sbcomp,sgna,sharefactor,sharesbas,shareswa,shareswadil,sps,tangibles,taxassets,taxexp,taxliabilities,tbvps,workingcapital
TXRH,MRY,2011-12-31,2011-12-27,2011-12-27,2018-05-03,-2609000,740670000,710916500,111974000,628696000,1.56,7.108,-79475000,78777000,78777000,877691000,66427000,0.821,0.498,61905000,304000,61601000,61905000,44058000,42709000,0,0.021,0.32,93142000,135851000,0.122,135851000,93142000,90729000,0.9,0.88,0.9,491904000,494808250,491904000,1041276907,11,7.665,56944000,0.804,1.0,231535000,0.209,119988000,2413000,467438000,457418000,10730000,0,0,0,244848000,136372000,108476000,1044972907,-7477000,0,-57613000,9725000,-17012000,-64421000,-79475000,0,136419000,0,63964000,63964000,63964000,0,2463000,0.058,136296000,95239000,32744000,0.356,2.124,16.337,16.811,497217000,0,15.13,0.942,0.966,11480000,288425000,1109226000,1109226000,0,0.09,0.129,0.204,0.084,8270000,57702000,1.0,69066286,70829000,72278000,15.661,620682000,3942000,26765000,8715000,8.969,-24398000
TXRH,MRY,2012-12-31,2012-12-25,2012-12-25,2018-05-03,-2461000,791254000,769466750,122472000,668782000,1.642,7.491,-85857000,81746000,81746000,995696000,73801000,0.772,0.496,51602000,338000,51264000,51602000,53041000,46717000,0,0.027,0.46,108255000,154972000,0.123,154972000,108255000,105908000,1.02,1.0,1.02,525084000,529643750,525084000,1155560062,10,7.457,62189000,0.888,1.0,267635000,0.212,122699000,2347000,479749000,485756500,10909000,0,0,0,260517000,158662000,101855000,1188199062,2969000,-4297000,-22484000,-10303000,-24486000,-54923000,-90154000,0,148046000,0,71170000,71170000,71170000,0,2631000,0.056,157177000,110458000,32374000,0.451,2.263,16.695,16.49,531654000,0,16.82,0.941,0.932,16416000,327509000,1263331000,1263331000,0,0.092,0.134,0.223,0.086,9588000,70640000,1.0,70642037,70026000,71485000,18.041,668555000,6210000,34738000,6102000,9.538,-36190000
TXRH,MRY,2013-12-31,2013-12-31,2013-12-31,2018-05-03,-1652000,877644000,829885250,145743000,731901000,1.714,8.322,-111455000,94874000,94874000,1128582000,84087000,0.829,0.483,51233000,243000,50990000,51233000,62723000,51562000,0,0.017,0.48,116764000,168326000,0.118,168326000,116764000,114563000,1.15,1.13,1.15,587659000,573409750,587659000,1924886848,16,11.435,62381000,0.89,1.0,294003000,0.207,125073000,2201000,533078000,518512500,11954000,0,0,0,283784000,175852000,107932000,1960926848,13128000,207000,-4578000,-369000,-46877000,-49460000,-111248000,0,173836000,0,80423000,80423000,80423000,0,3664000,0.057,176088000,117915000,38404000,0.417,3.337,24.383,24.174,586212000,0,27.8,1.378,1.37,25391000,374190000,1422585000,1422585000,0,0.097,0.14,0.225,0.082,9853000,77258000,1.0,70536937,70089000,71362000,20.297,752571000,3274000,34140000,5774000,10.658,-30109000
TXRH,MRY,2014-12-31,2014-12-30,2014-12-30,2018-05-03,-782000,943142000,892635500,147726000,795416000,1.772,8.747,-124240000,86122000,86122000,1258602000,90977000,0.684,0.54,50822000,129000,50693000,50822000,79462000,59179000,0,0.018,0.6,128096000,187275000,0.118,187275000,128096000,126012000,1.25,1.23,1.25,607892000,594340500,607892000,2335645458,18,12.472,67473000,0.968,1.0,323546000,0.204,122774000,2084000,569097000,558948250,14256000,0,0,0,328186000,215971000,112215000,2344099458,-8752000,0,-44307000,-1461000,-31333000,-76225000,-124240000,0,191713000,0,87022000,87022000,87022000,0,3955000,0.055,193097000,130449000,43585000,0.48,3.856,26.937,27.024,649637000,0,33.78,1.482,1.489,34023000,419436000,1582148000,1582148000,0,0.097,0.146,0.229,0.081,11998000,81656000,1.0,69393116,69719000,70608000,22.693,820368000,2773000,38990000,7587000,11.804,-68245000
TXRH,MRY,2015-12-31,2015-12-29,2015-12-29,2018-05-03,-109000,1032706000,987767500,133813000,898893000,1.83,9.547,-173203000,59334000,59334000,1443500000,101261000,0.521,0.531,25694000,144000,25550000,25694000,101274000,69694000,0,0.019,0.68,141839000,211533000,0.117,211533000,141839000,139880000,1.38,1.37,1.38,669662000,651299500,669662000,2527521381,17,11.949,54738000,0.782,1.0,363868000,0.201,121398000,1959000,621026000,619504500,15633000,0,0,0,355524000,256642000,98882000,2529410381,-26788000,0,-15273000,-22128000,-46176000,-81526000,-173203000,0,227941000,0,96894000,96894000,96894000,0,4367000,0.054,219303000,144565000,50996000,0.493,3.777,26.105,26.13,751288000,0,36.06,1.399,1.397,45421000,468678000,1807368000,1807368000,0,0.098,0.149,0.229,0.078,18285000,92336000,1.0,70144492,70032000,70747000,25.808,911308000,2130000,42986000,6492000,12.992,-122829000
TXRH,MRY,2016-12-31,2016-12-27,2016-12-27,2018-05-03,-194000,1179971000,1099827000,200259000,979712000,1.81,10.631,-164738000,112944000,112944000,1564749000,120573000,0.716,0.562,52548000,167000,52381000,52548000,129558000,82964000,0,0.015,0.76,168036000,251000000,0.126,251000000,168036000,166781000,1.64,1.63,1.64,750226000,723694500,750226000,3465916021,20,13.808,92327000,1.312,1.0,425965000,0.214,120193000,1255000,719855000,699442250,16088000,0,0,0,421729000,279527000,142202000,3495042021,53610000,0,-10749000,24855000,-52054000,-38717000,-164738000,0,257065000,0,115598000,115598000,115598000,0,4975000,0.058,254065000,171900000,50789000,0.463,4.659,30.234,30.22,830054000,0,49.56,1.756,1.753,56127000,530723000,1990714000,1990714000,0,0.105,0.16,0.24,0.084,22776000,110795000,1.0,70521429,70396000,71052000,28.279,1059778000,2950000,51183000,12268000,15.017,-79268000
TXRH,MRY,2017-12-31,2017-12-26,2017-12-26,2018-05-03,-39000,1330623000,1235127750,257081000,1073542000,1.797,11.795,-161628000,150918000,150918000,1751797000,137536000,0.779,0.571,51990000,9000,51981000,51990000,156627000,93499000,0,0.016,0.84,181684000,275183000,0.124,275183000,181684000,180107000,1.85,1.84,1.85,839079000,806168250,839079000,3782981107,20,13.747,124745000,1.757,1.0,467734000,0.211,123740000,1577000,777957000,760529750,16306000,0,0,0,479232000,329998000,149234000,3845424107,37974000,-16528000,-10081000,-1034000,-58154000,-70243000,-178156000,0,286373000,0,131526000,131526000,131526000,0,6010000,0.059,281528000,186206000,57579000,0.454,4.583,29.237,29.232,912147000,0,54.08,1.733,1.73,76496000,602499000,2219531000,2219531000,0,0.106,0.163,0.239,0.082,26934000,123294000,1.0,71106215,70989000,71527000,31.266,1206883000,0,48581000,7795000,16.965,-72917000
