ticker,dimension,calendardate,datekey,reportperiod,lastupdated,accoci,assets,assetsavg,assetsc,assetsnc,assetturnover,bvps,capex,cashneq,cashnequsd,cor,consolinc,currentratio,de,debt,debtc,debtnc,debtusd,deferredrev,depamor,deposits,divyield,dps,ebit,ebitda,ebitdamargin,ebitdausd,ebitusd,ebt,eps,epsdil,epsusd,equity,equityavg,equityusd,ev,evebit,evebitda,fcf,fcfps,fxusd,gp,grossmargin,intangibles,intexp,invcap,invcapavg,inventory,investments,investmentsc,investmentsnc,liabilities,liabilitiesc,liabilitiesnc,marketcap,ncf,ncfbus,ncfcommon,ncfdebt,ncfdiv,ncff,ncfi,ncfinv,ncfo,ncfx,netinc,netinccmn,netinccmnusd,netincdis,netincnci,netmargin,opex,opinc,payables,payoutratio,pb,pe,pe1,ppnenet,prefdivis,price,ps,ps1,receivables,retearn,revenue,revenueusd,rnd,roa,roe,roic,ros,sbcomp,sgna,sharefactor,sharesbas,shareswa,shareswadil,sps,tangibles,taxassets,taxexp,taxliabilities,tbvps,workingcapital
UGI,MRY,2011-12-31,2011-09-30,2011-09-30,2018-05-08,-17700000,6663300000,6759800000,1306100000,5357200000,0.901,11.756,-360700000,255700000,255700000,3982700000,320000000,1.212,2.261,2296400000,186100000,2110300000,2296400000,0,227700000,161500000,0.039,0.68,528800000,756500000,0.124,756500000,528800000,390800000,1.467,1.447,1.467,1977700000,2044225000,1977700000,4893202113,9,6.468,194000000,1.158,1.0,2108200000,0.346,1710000000,138000000,5916100000,5704550000,363000000,0,0,0,4472200000,1077900000,3394300000,2937102113,-22200000,-52500000,27300000,24600000,-113800000,-152100000,-415400000,0,554700000,-9400000,245400000,245400000,245400000,0,74600000,0.04,1511300000,596900000,399600000,0.464,1.485,11.969,11.938,3204500000,0,17.513,0.482,0.482,561500000,1085800000,6090900000,6090900000,0,0.036,0.12,0.093,0.087,15600000,1267000000,1.0,167706630,167511000,169416000,36.361,4953300000,64100000,145400000,714200000,29.444,228200000
UGI,MRY,2012-12-31,2012-09-30,2012-09-30,2018-05-08,-55200000,9676900000,9153100000,1470400000,8206500000,0.712,13.17,-339400000,322900000,322900000,4099100000,197700000,0.992,2.853,3679400000,331800000,3347600000,3679400000,0,315000000,252800000,0.033,0.707,537500000,852500000,0.131,852500000,537500000,317100000,1.24,1.24,1.24,2229800000,2202100000,2229800000,6875243506,12,8.065,368300000,2.181,1.0,2422200000,0.371,3476500000,220400000,8074600000,7723700000,354100000,0,0,0,6361500000,1482300000,4879200000,3570843506,81400000,-1580500000,23200000,1277700000,-119100000,1278500000,-1904500000,0,707700000,-300000,210200000,210200000,210200000,0,-12500000,0.032,1923400000,498800000,409900000,0.57,1.601,16.988,17.07,4234400000,0,21.167,0.548,0.548,644400000,1156000000,6521300000,6521300000,0,0.023,0.095,0.07,0.082,14500000,1591100000,1.0,168701268,168872000,170148000,38.617,6200400000,29800000,106900000,910300000,36.622,-11900000
UGI,MRY,2013-12-31,2013-09-30,2013-09-30,2018-05-08,8400000,10008800000,10042325000,1627300000,8381500000,0.716,14.498,-486000000,397600000,397600000,4324400000,427600000,1.142,2.592,3892700000,325100000,3567600000,3892700000,0,363100000,205200000,0.028,0.733,681200000,1044300000,0.145,1044300000,681200000,440900000,1.63,1.6,1.63,2492500000,2451400000,2492500000,7686554974,11,7.36,315500000,1.846,1.0,2870300000,0.399,3481600000,240300000,8597400000,8405400000,365500000,24200000,23800000,400000,6460900000,1424900000,5036000000,4464654974,69400000,-78900000,36400000,120700000,-125800000,-186100000,-553300000,0,801500000,7300000,278100000,278100000,278100000,0,149500000,0.039,2072000000,798300000,472300000,0.45,1.791,16.054,16.004,4480200000,0,26.087,0.621,0.62,764500000,1308300000,7194700000,7194700000,0,0.028,0.113,0.081,0.095,17600000,1692000000,1.0,171147009,170885000,173282000,42.103,6527200000,10600000,162800000,966600000,37.966,202400000
UGI,MRY,2014-12-31,2014-09-30,2014-09-30,2018-05-08,-21200000,10093000000,10388675000,1663000000,8430000000,0.797,15.381,-456800000,436100000,436100000,5175700000,532600000,1.162,2.418,3778400000,328200000,3450200000,3778400000,0,362900000,211500000,0.023,0.791,810100000,1173000000,0.142,1173000000,810100000,572400000,1.95,1.92,1.95,2659100000,2708725000,2659100000,9084970321,11,7.745,548600000,3.176,1.0,3101600000,0.375,3409800000,237700000,8594600000,8799175000,423000000,27000000,14500000,12500000,6429800000,1430900000,4998900000,5876570321,30200000,-37100000,-28900000,-84800000,-136100000,-475700000,-487600000,0,1005400000,-11900000,337200000,337200000,337200000,0,195400000,0.041,2096000000,1005600000,459800000,0.406,2.21,17.428,17.482,4543700000,0,34.09,0.71,0.711,699000000,1509400000,8277300000,8277300000,0,0.032,0.124,0.092,0.098,25800000,1752600000,1.0,172383993,172733000,175231000,47.92,6683200000,10100000,235200000,1009000000,38.657,232100000
UGI,MRY,2015-12-31,2015-09-30,2015-09-30,2018-05-08,-114600000,10514200000,10411725000,1459800000,9054400000,0.643,15.536,-490600000,439000000,439000000,3736500000,414000000,0.87,2.579,4010300000,569600000,3440700000,4010300000,0,374100000,242000000,0.026,0.891,700700000,1074800000,0.161,1074800000,700700000,458800000,1.62,1.6,1.62,2692000000,2722450000,2692000000,9499930586,13,8.839,673200000,3.889,1.0,2954600000,0.442,3563500000,241900000,8843200000,8741275000,239900000,39600000,23300000,16300000,6941800000,1678800000,5263000000,6016130586,-49800000,-447500000,-22200000,211000000,-153500000,-217100000,-976300000,0,1163800000,-20200000,281000000,281000000,281000000,0,133000000,0.042,2119700000,834900000,392900000,0.55,2.235,21.41,21.494,4994100000,0,34.82,0.899,0.901,631800000,1636900000,6691100000,6691100000,0,0.027,0.103,0.08,0.105,29200000,1773900000,1.0,172778018,173115000,175667000,38.651,6950700000,7800000,177800000,1137600000,40.113,-219000000
UGI,MRY,2016-12-31,2016-09-30,2016-09-30,2018-05-08,-154700000,10847200000,10906650000,1423800000,9423400000,0.521,16.369,-563800000,518400000,518400000,2437500000,488800000,0.987,2.55,4157600000,369700000,3787900000,4157600000,0,400900000,241300000,0.021,0.93,814800000,1215700000,0.214,1215700000,814800000,585900000,2.11,2.08,2.11,2844100000,2863225000,2844100000,11258956640,13,9.261,405900000,2.344,1.0,3248200000,0.571,3569300000,228900000,9475100000,9272875000,210300000,37400000,30900000,6500000,7252200000,1442000000,5810200000,7837656640,133100000,-61200000,-33900000,161300000,-160700000,-275100000,-558600000,0,969700000,-2900000,364700000,364700000,364700000,0,124100000,0.064,2260200000,988000000,391200000,0.441,2.756,21.491,21.441,5238000000,0,45.24,1.378,1.378,564400000,1834100000,5685700000,5685700000,0,0.033,0.127,0.088,0.143,23800000,1865900000,1.0,173246168,173154000,175572000,32.836,7277900000,0,221200000,1215700000,41.886,-18200000
UGI,MRY,2017-12-31,2017-09-30,2017-09-30,2018-05-08,-93400000,11582200000,11378650000,1697500000,9884700000,0.538,18.204,-638900000,568700000,568700000,2837300000,523800000,1.004,2.479,4585800000,569400000,4016400000,4585800000,0,416300000,0,0.021,0.974,837700000,1254000000,0.205,1254000000,837700000,614200000,2.51,2.46,2.51,3163300000,3123225000,3163300000,11846597392,14,9.447,325500000,1.874,1.0,3283400000,0.536,3718900000,223500000,10190300000,10107700000,278600000,72300000,63100000,9200000,7841300000,1690100000,6151200000,8124297392,55600000,-101600000,-32300000,317000000,-168900000,-146600000,-763400000,0,964400000,1200000,436600000,436600000,436600000,0,87200000,0.071,2279200000,1004200000,439600000,0.388,2.568,18.608,18.669,5537000000,0,46.86,1.327,1.33,640100000,2106700000,6120700000,6120700000,0,0.038,0.14,0.083,0.137,19300000,1857800000,1.0,173373824,173662000,177159000,35.245,7863300000,0,177600000,1360000000,45.25,7400000
