ticker,dimension,calendardate,datekey,reportperiod,lastupdated,accoci,assets,assetsavg,assetsc,assetsnc,assetturnover,bvps,capex,cashneq,cashnequsd,cor,consolinc,currentratio,de,debt,debtc,debtnc,debtusd,deferredrev,depamor,deposits,divyield,dps,ebit,ebitda,ebitdamargin,ebitdausd,ebitusd,ebt,eps,epsdil,epsusd,equity,equityavg,equityusd,ev,evebit,evebitda,fcf,fcfps,fxusd,gp,grossmargin,intangibles,intexp,invcap,invcapavg,inventory,investments,investmentsc,investmentsnc,liabilities,liabilitiesc,liabilitiesnc,marketcap,ncf,ncfbus,ncfcommon,ncfdebt,ncfdiv,ncff,ncfi,ncfinv,ncfo,ncfx,netinc,netinccmn,netinccmnusd,netincdis,netincnci,netmargin,opex,opinc,payables,payoutratio,pb,pe,pe1,ppnenet,prefdivis,price,ps,ps1,receivables,retearn,revenue,revenueusd,rnd,roa,roe,roic,ros,sbcomp,sgna,sharefactor,sharesbas,shareswa,shareswadil,sps,tangibles,taxassets,taxexp,taxliabilities,tbvps,workingcapital
ULTA,MRY,2011-12-31,2012-01-28,2012-01-28,2018-04-03,0,957217000,867236000,580232000,376985000,2.048,9.445,-128636000,253738000,253738000,1159311000,120264000,3.52,0.637,0,0,0,0,0,75931000,0,0.0,0.0,196195000,272126000,0.153,272126000,196195000,195608000,1.96,1.9,1.96,584704000,509133500,584704000,4654105981,23,17.103,92251000,1.506,1.0,616840000,0.347,0,587000,538624000,535393250,244647000,0,0,0,372513000,164855000,207658000,4784762981,142553000,0,24403000,0,0,50302000,-128636000,0,220887000,0,120264000,120264000,120264000,0,0,0.068,420645000,196195000,86442000,0.0,8.183,39.785,39.444,376985000,0,77.31,2.694,2.666,26153000,186794000,1776151000,1776151000,0,0.139,0.236,0.366,0.11,-14294000,410658000,1.0,61890609,61259000,63334000,28.994,957217000,12264000,75344000,48197000,15.463,415377000
ULTA,MRY,2012-12-31,2013-02-02,2013-02-02,2018-04-03,0,1275249000,1151316250,789324000,485925000,1.928,12.305,-188578000,320475000,320475000,1436582000,172549000,3.571,0.621,0,0,0,0,0,88233000,0,0.01,1.0,279978000,368211000,0.166,368211000,279978000,279793000,2.73,2.68,2.73,786942000,679633000,786942000,6028745140,21,16.373,50423000,0.797,1.0,783674000,0.353,0,185000,733707000,676471500,361125000,0,0,0,488307000,221067000,267240000,6220469140,66737000,0,31451000,0,-62482000,16314000,-188578000,0,239001000,0,172549000,172549000,172549000,0,0,0.078,503696000,279978000,118886000,0.366,7.905,36.05,35.729,483059000,0,97.54,2.802,2.779,41515000,296861000,2220256000,2220256000,0,0.15,0.254,0.414,0.126,-33970000,488880000,1.0,63773520,63250000,64396000,35.103,1275249000,15757000,107244000,66415000,19.941,568257000
ULTA,MRY,2013-12-31,2014-02-01,2014-02-01,2018-04-03,0,1602727000,1465410750,1002697000,600030000,1.822,15.617,-226024000,419476000,419476000,1729325000,202849000,3.758,0.598,0,0,0,0,0,106283000,0,0.0,0.0,327706000,433989000,0.163,433989000,327706000,327706000,3.17,3.15,3.17,1003094000,898899750,1003094000,5264444032,16,12.13,101701000,1.589,1.0,941248000,0.352,0,0,916440000,896647500,457933000,0,0,0,599633000,266811000,332822000,5505360032,99001000,0,-16078000,0,0,-2700000,-226024000,0,327725000,0,202849000,202849000,202849000,0,0,0.076,613660000,327588000,148282000,0.0,5.488,27.14,27.038,595736000,0,85.71,2.061,2.054,47049000,462378000,2670573000,2670573000,0,0.138,0.226,0.365,0.123,2625000,596390000,1.0,64232412,63992000,64461000,41.733,1602727000,22246000,124857000,82067000,24.952,735886000
ULTA,MRY,2014-12-31,2015-01-31,2015-01-31,2018-04-03,0,1983170000,1846241500,1260355000,722815000,1.756,19.402,-249067000,389149000,389149000,2104582000,257135000,3.505,0.59,0,0,0,0,0,131764000,0,0.0,0.0,411309000,543073000,0.168,543073000,411309000,411309000,4.0,3.98,4.0,1247509000,1154909750,1247509000,8197344520,19,15.094,147525000,2.293,1.0,1136787000,0.351,0,0,1234427000,1137281250,581229000,150209000,150209000,0,735661000,359594000,376067000,8492404520,-30327000,0,-30872000,0,0,-27643000,-399276000,-150209000,396592000,0,257135000,257135000,257135000,0,0,0.079,726372000,410415000,190778000,0.0,6.807,33.027,32.985,717159000,0,131.94,2.62,2.619,52440000,679593000,3241369000,3241369000,0,0.139,0.223,0.362,0.127,11694000,712006000,1.0,64365655,64335000,64651000,50.383,1983170000,20780000,154174000,93902000,30.843,900761000
ULTA,MRY,2015-12-31,2016-01-30,2016-01-30,2018-04-03,0,2230918000,2166194250,1375173000,855745000,1.812,22.67,-299167000,345840000,345840000,2539783000,320008000,3.471,0.546,0,0,0,0,0,165049000,0,0.0,0.0,507440000,672489000,0.171,672489000,507440000,507440000,5.0,4.98,5.0,1442886000,1365954750,1442886000,11330866305,22,16.849,76707000,1.2,1.0,1384333000,0.353,0,0,1488851000,1447520750,761793000,130000000,130000000,0,788032000,396227000,391805000,11540418305,-43309000,0,-149722000,0,0,-140225000,-278958000,20209000,375874000,0,320008000,320008000,320008000,0,0,0.082,878036000,506297000,196174000,0.0,7.998,36.063,36.234,847600000,0,181.17,2.941,2.952,64992000,832215000,3924116000,3924116000,0,0.148,0.234,0.351,0.129,6097000,863354000,1.0,63699389,63949000,64275000,61.363,2230918000,0,187432000,72229000,35.052,978946000
ULTA,MRY,2016-12-31,2017-01-28,2017-01-28,2018-04-03,0,2551878000,2406954250,1536237000,1015641000,2.017,24.923,-373447000,385010000,385010000,3107508000,409760000,2.902,0.646,0,0,0,0,0,210295000,0,0.0,0.0,655714000,866009000,0.178,866009000,655714000,655714000,6.55,6.52,6.55,1550218000,1428481750,1550218000,16759359974,25,19.352,260938000,4.174,1.0,1747229000,0.36,0,0,1637525000,1626099750,943975000,30000000,30000000,0,1001660000,529343000,472317000,16892467974,39170000,0,-330821000,0,0,-321768000,-273447000,100000000,634385000,0,409760000,409760000,409760000,0,0,0.084,1092405000,654824000,259518000,0.0,10.897,41.225,41.441,1004358000,0,271.44,3.48,3.496,88631000,905785000,4854737000,4854737000,0,0.17,0.287,0.403,0.135,10287000,1073834000,1.0,62232788,62519000,62851000,77.652,2551878000,0,245954000,95469000,41.026,1006894000
ULTA,MRY,2017-12-31,2018-02-03,2018-02-03,2018-04-03,0,2908687000,2788344500,1693743000,1214944000,2.11,29.138,-440714000,277445000,277445000,3787697000,555234000,2.638,0.639,0,0,0,0,0,252713000,0,0.0,0.0,786859000,1039572000,0.177,1039572000,786859000,786859000,9.02,8.96,9.02,1774217000,1666818750,1774217000,13340737204,16,12.833,338652000,5.502,1.0,2096809000,0.356,0,0,1989076000,1975788500,1096424000,120000000,120000000,0,1134470000,642166000,492304000,13387524204,-107565000,0,-355634000,-583000,0,-356217000,-530714000,-90000000,779366000,0,555234000,555234000,555234000,0,0,0.094,1311518000,785291000,325758000,0.0,7.546,24.111,24.334,1189453000,0,219.495,2.275,2.296,99719000,1093453000,5884506000,5884506000,0,0.199,0.333,0.398,0.134,24399000,1287232000,1.0,60992388,61556000,61975000,95.596,2908687000,1489000,231625000,73504000,47.77,1051577000
