ticker,dimension,calendardate,datekey,reportperiod,lastupdated,accoci,assets,assetsavg,assetsc,assetsnc,assetturnover,bvps,capex,cashneq,cashnequsd,cor,consolinc,currentratio,de,debt,debtc,debtnc,debtusd,deferredrev,depamor,deposits,divyield,dps,ebit,ebitda,ebitdamargin,ebitdausd,ebitusd,ebt,eps,epsdil,epsusd,equity,equityavg,equityusd,ev,evebit,evebitda,fcf,fcfps,fxusd,gp,grossmargin,intangibles,intexp,invcap,invcapavg,inventory,investments,investmentsc,investmentsnc,liabilities,liabilitiesc,liabilitiesnc,marketcap,ncf,ncfbus,ncfcommon,ncfdebt,ncfdiv,ncff,ncfi,ncfinv,ncfo,ncfx,netinc,netinccmn,netinccmnusd,netincdis,netincnci,netmargin,opex,opinc,payables,payoutratio,pb,pe,pe1,ppnenet,prefdivis,price,ps,ps1,receivables,retearn,revenue,revenueusd,rnd,roa,roe,roic,ros,sbcomp,sgna,sharefactor,sharesbas,shareswa,shareswadil,sps,tangibles,taxassets,taxexp,taxliabilities,tbvps,workingcapital
UNF,MRY,2011-12-31,2011-08-27,2011-08-27,2018-04-04,9837000,1141520000,1149780750,395190000,746330000,0.986,40.971,-63847000,48812000,48812000,712309000,76486000,2.586,0.431,120296000,20133000,100163000,120296000,0,64733000,0,0.003,0.16,127310000,192043000,0.169,192043000,127310000,120572000,4.05,3.85,4.05,797942000,768077500,797942000,1045338124,8,5.443,22346000,1.149,1.0,421817000,0.372,349154000,6738000,711023000,683533500,76460000,0,0,0,343578000,152827000,190751000,973961124,-72446000,-32556000,1360000,-62439000,-2830000,-63909000,-96800000,0,86193000,2070000,76486000,76486000,76486000,0,0,0.067,297844000,123973000,56064000,0.04,1.221,12.734,12.104,395067000,0,49.02,0.859,0.841,128377000,752530000,1134126000,1134126000,0,0.067,0.1,0.186,0.112,6732000,233111000,1.0,19868648,19449000,19532000,58.313,792366000,11358000,44086000,50890000,40.684,242363000
UNF,MRY,2012-12-31,2012-08-25,2012-08-25,2018-04-04,7271000,1240534000,1194405000,487680000,752854000,1.052,45.86,-74549000,120123000,120123000,797944000,94989000,3.351,0.383,106986000,6831000,100155000,106986000,0,66439000,0,0.002,0.16,152866000,219305000,0.175,219305000,152866000,150734000,5.02,4.76,5.02,896925000,857089250,896925000,1325697319,8,6.045,84868000,4.347,1.0,458345000,0.365,338668000,2132000,743204000,738088500,75420000,0,0,0,343609000,145525000,198084000,1299869319,71311000,0,2410000,-13140000,-2840000,-13570000,-75057000,0,159417000,521000,94989000,94989000,94989000,0,0,0.076,307237000,151108000,52340000,0.032,1.449,13.684,12.988,412204000,0,65.2,1.035,1.013,135327000,844676000,1256289000,1256289000,0,0.08,0.111,0.207,0.122,6714000,240798000,1.0,19936646,19525000,19616000,64.343,901866000,12785000,55745000,62689000,46.112,342155000
UNF,MRY,2013-12-31,2013-08-31,2013-08-31,2018-04-04,1445000,1374862000,1328980250,561394000,813468000,1.02,51.4,-103526000,197479000,197479000,836174000,116685000,2.119,0.357,111408000,111253000,155000,111408000,0,69607000,0,0.002,0.16,189260000,258867000,0.191,258867000,189260000,187609000,6.14,5.81,6.14,1013398000,970339750,1013398000,1852434349,9,7.156,108045000,5.501,1.0,519341000,0.383,351707000,1651000,672110000,668297750,74351000,0,0,0,361464000,264974000,96490000,1917154349,77356000,-30714000,5488000,4509000,-2851000,3814000,-134186000,0,211571000,-3843000,116685000,116685000,116685000,0,0,0.086,333138000,186203000,45633000,0.026,1.892,16.43,15.616,457686000,0,95.88,1.414,1.389,141156000,958508000,1355515000,1355515000,0,0.088,0.12,0.283,0.14,6315000,263531000,1.0,19995352,19641000,19789000,69.015,1023155000,8516000,70924000,63804000,51.895,296420000
UNF,MRY,2014-12-31,2014-08-30,2014-08-30,2018-04-04,-2533000,1424161000,1365592000,589290000,834871000,1.021,57.14,-91808000,191769000,191769000,858306000,119925000,3.085,0.255,7859000,7704000,155000,7859000,0,71752000,0,0.002,0.16,196123000,267875000,0.192,267875000,196123000,195351000,6.29,5.95,6.29,1134459000,1090916500,1134459000,1801537864,9,6.725,102811000,5.195,1.0,536591000,0.385,345125000,772000,704085000,691772250,78858000,0,0,0,289702000,191041000,98661000,1943069864,-5710000,-3635000,5899000,-103859000,-2860000,-104347000,-94174000,0,194619000,-1808000,119925000,119925000,119925000,0,0,0.086,343316000,193275000,59177000,0.025,1.713,16.202,15.413,486282000,0,96.95,1.393,1.376,152523000,1075572000,1394897000,1394897000,0,0.088,0.11,0.284,0.141,5601000,271564000,1.0,20041979,19791000,19939000,70.481,1079036000,14745000,75426000,71613000,54.349,398249000
UNF,MRY,2015-12-31,2015-08-29,2015-08-29,2018-04-04,-24413000,1533237000,1500804500,661823000,871414000,0.971,62.095,-101163000,276553000,276553000,884664000,124299000,3.595,0.234,1385000,1385000,0,1385000,0,77113000,0,0.001,0.151,201268000,278381000,0.191,278381000,201268000,201268000,6.5,6.15,6.5,1242208000,1202838250,1242208000,1941329570,9,6.974,125754000,6.305,1.0,571941000,0.393,353182000,0,720776000,722816000,80449000,0,0,0,291029000,184111000,106918000,2173625570,84784000,-22359000,7799000,-6189000,-2869000,-6261000,-124269000,0,226917000,-11603000,124299000,124299000,124299000,0,0,0.085,371557000,200384000,50826000,0.023,1.75,17.487,16.637,513853000,0,108.14,1.492,1.481,151851000,1197000000,1456605000,1456605000,0,0.083,0.103,0.278,0.138,5366000,294444000,1.0,20100107,19945000,20079000,73.031,1180055000,1679000,76969000,71230000,58.988,477712000
UNF,MRY,2016-12-31,2016-08-27,2016-08-27,2018-04-04,-28949000,1702007000,1628129250,777614000,924393000,0.902,67.849,-98235000,363795000,363795000,900427000,125026000,5.095,0.247,0,0,0,0,0,81612000,0,0.001,0.15,203371000,284983000,0.194,284983000,203371000,203371000,6.51,6.17,6.51,1364781000,1317751750,1364781000,2237696789,11,7.852,109401000,5.453,1.0,567619000,0.387,359305000,0,826272000,762885000,78887000,0,0,0,337226000,152635000,184591000,2585279789,87242000,-16583000,5313000,-2114000,-2878000,-5644000,-114669000,0,207636000,-81000,125026000,125026000,125026000,0,0,0.085,366459000,201160000,50884000,0.023,1.894,20.678,19.605,539818000,0,127.63,1.761,1.744,156578000,1319142000,1468046000,1468046000,0,0.077,0.095,0.267,0.139,5628000,284847000,1.0,20256051,20061000,20154000,73.179,1342702000,10515000,78345000,80639000,66.751,624979000
UNF,MRY,2017-12-31,2017-08-26,2017-08-26,2018-04-04,-21518000,1819128000,1774233750,814226000,1004902000,0.897,71.873,-108554000,349752000,349752000,993589000,70196000,4.578,0.252,0,0,0,0,0,88879000,0,0.001,0.151,115123000,204002000,0.128,204002000,115123000,115123000,3.63,3.44,3.63,1453192000,1426921000,1453192000,2485161545,21,12.182,109720000,5.44,1.0,597369000,0.375,447854000,0,843674000,848175500,79068000,0,0,0,365936000,177848000,188088000,2797845545,-14043000,-125457000,3102000,0,-2898000,-2182000,-233037000,0,218274000,2902000,70196000,70196000,70196000,0,0,0.044,487086000,110283000,64691000,0.042,1.925,39.858,38.03,525115000,0,138.05,1.759,1.75,187174000,1386438000,1590958000,1590958000,0,0.04,0.049,0.136,0.072,12462000,342407000,1.0,20266900,20168000,20276000,78.885,1371274000,30362000,44927000,82273000,67.821,636378000
