ticker,dimension,calendardate,datekey,reportperiod,lastupdated,accoci,assets,assetsavg,assetsc,assetsnc,assetturnover,bvps,capex,cashneq,cashnequsd,cor,consolinc,currentratio,de,debt,debtc,debtnc,debtusd,deferredrev,depamor,deposits,divyield,dps,ebit,ebitda,ebitdamargin,ebitdausd,ebitusd,ebt,eps,epsdil,epsusd,equity,equityavg,equityusd,ev,evebit,evebitda,fcf,fcfps,fxusd,gp,grossmargin,intangibles,intexp,invcap,invcapavg,inventory,investments,investmentsc,investmentsnc,liabilities,liabilitiesc,liabilitiesnc,marketcap,ncf,ncfbus,ncfcommon,ncfdebt,ncfdiv,ncff,ncfi,ncfinv,ncfo,ncfx,netinc,netinccmn,netinccmnusd,netincdis,netincnci,netmargin,opex,opinc,payables,payoutratio,pb,pe,pe1,ppnenet,prefdivis,price,ps,ps1,receivables,retearn,revenue,revenueusd,rnd,roa,roe,roic,ros,sbcomp,sgna,sharefactor,sharesbas,shareswa,shareswadil,sps,tangibles,taxassets,taxexp,taxliabilities,tbvps,workingcapital
UQM,MRY,2011-12-31,2011-03-31,2011-03-31,2018-05-11,0,41803920,41781549,30445699,11358221,0.216,1.055,-7387284,15878752,15878752,6628599,-1992358,10.041,0.094,0,0,0,0,15726,864572,0,0.0,0.0,-1992358,-1127786,-0.125,-1127786,-1992358,-1992358,-0.06,-0.06,-0.06,38194713,38473322,38194713,95181526,-47,-84.397,-9671680,-0.268,1.0,2392703,0.265,382422,0,22510711,26443777,2213441,8332523,8332523,0,3609207,3032035,577172,107991612,-1860848,0,-52140,0,0,-52140,475688,4135361,-2284396,0,-1992358,-1992358,-1992358,0,0,-0.221,4741877,-2349174,1373403,0.0,2.827,-54.203,-49.667,10752435,0,2.98,11.971,11.915,3653829,-75558469,9021302,9021302,3829152,-0.048,-0.052,-0.075,-0.221,1234628,4884373,1.0,36238796,36070364,36070364,0.25,41421498,0,0,0,1.145,27413664
UQM,MRY,2012-12-31,2012-03-31,2012-03-31,2018-05-11,0,39655601,39474301,29870339,9785262,0.257,0.942,-2128768,11637940,11637940,7163461,-4928520,6.165,0.158,0,0,0,0,7201,1178958,0,0.0,0.0,-4928520,-3749562,-0.37,-3749562,-4928520,-4928520,-0.14,-0.14,-0.14,34247679,35808452,34247679,42521480,-8,-11.34,-13542905,-0.373,1.0,2979995,0.294,336680,0,22836159,24500929,10564148,482909,482909,0,5407922,4844822,563100,54066664,-4240812,0,48584,0,0,48584,7124741,7849614,-11414137,0,-4928520,-4928520,-4928520,0,0,-0.486,7933331,-4953336,2356513,0.0,1.579,-10.97,-10.571,9358477,0,1.48,5.33,5.297,5007493,-80486989,10143456,10143456,6051996,-0.125,-0.138,-0.201,-0.486,932902,5678797,1.0,36531530,36301642,36301642,0.279,39318921,0,0,0,1.082,25025517
UQM,MRY,2013-12-31,2013-03-31,2013-03-31,2018-05-11,0,28608715,33595712,19751976,8856739,0.214,0.675,-561644,4527899,4527899,5048230,-10688312,5.28,0.155,0,0,0,0,0,1252834,0,0.0,0.0,-10688312,-9435478,-1.314,-9435478,-10688312,-10688312,-0.29,-0.29,-0.29,24764671,29006993,24764671,21491999,-2,-2.278,-7821196,-0.214,1.0,2130479,0.297,316815,0,20023369,22666318,10998461,0,0,0,3844044,3740632,103412,27396984,-7110041,0,34955,0,0,34955,114556,482909,-7259552,0,-10688312,-10688312,-10688312,0,0,-1.489,12837911,-10707432,617197,0.0,1.106,-2.563,-2.552,8463193,0,0.74,3.816,3.769,2390659,-91175301,7178709,7178709,5018875,-0.318,-0.368,-0.472,-1.489,1170349,7022112,1.0,37022952,36564952,36564952,0.196,28291900,0,0,0,0.772,16011344
UQM,MRY,2014-12-31,2014-03-31,2014-03-31,2018-05-11,0,29835133,28001861,21930225,7904908,0.252,0.719,1187808,10247112,10247112,4352096,-2773244,11.677,0.074,0,0,0,0,0,1136021,0,0.0,0.0,-2773244,-1637223,-0.232,-1637223,-2773244,-2773244,-0.07,-0.07,-0.07,27774995,24929252,27774995,92865741,-33,-56.721,565076,0.015,1.0,2694104,0.382,334138,0,17375845,18029729,10054422,63029,63029,0,2060138,1878038,182100,99129251,5719213,0,4993697,0,0,4993697,1348248,-593,-622732,0,-2773244,-2773244,-2773244,0,0,-0.394,5476607,-2782503,386293,0.0,3.569,-35.745,-37.714,7567773,0,2.64,14.068,13.958,1301674,-93948545,7046200,7046200,4864533,-0.099,-0.111,-0.154,-0.394,789871,5143864,1.0,37548959,37253066,37253066,0.189,29500995,0,0,0,0.764,20052187
UQM,MRY,2015-12-31,2015-03-31,2015-03-31,2018-05-11,0,24801993,26447855,17633538,7168455,0.152,0.558,-558755,6585703,6585703,2899648,-5988530,8.695,0.111,0,0,0,0,84444,1061312,0,0.0,0.0,-5988530,-4927218,-1.227,-4927218,-5988530,-5988530,-0.15,-0.15,-0.15,22328986,24305068,22328986,37279501,-6,-7.566,-3921849,-0.098,1.0,1116096,0.278,341866,0,15846441,16421922,9354053,0,0,0,2473007,2027983,445024,44496841,-3661409,0,26552,0,0,-145188,-153127,63029,-3363094,0,-5988530,-5988530,-5988530,0,0,-1.491,7975987,-6859891,398568,0.0,1.993,-7.43,-7.333,6826589,0,1.1,11.081,10.941,1427334,-99937075,4015744,4015744,4538082,-0.226,-0.246,-0.365,-1.491,687709,5337795,1.0,40451674,39940795,39940795,0.101,24460127,0,0,0,0.612,15605555
UQM,MRY,2016-12-31,2016-03-31,2016-03-31,2018-05-11,0,23350903,23033727,10115798,13235105,0.23,0.449,-144522,7030230,7030230,4002752,-6938351,7.492,0.075,0,0,0,0,0,950145,0,0.0,0.0,-6938351,-5988206,-1.128,-5988206,-6938351,-6938351,-0.16,-0.16,-0.16,21711738,20684488,21711738,19033511,-2,-3.178,-5248619,-0.12,1.0,1304047,0.246,347741,0,14622656,14298718,9111441,0,0,0,1639165,1350276,288889,27722179,444527,0,5817840,0,0,5725249,-176625,0,-5104097,0,-6938351,-6938351,-6938351,0,0,-1.307,8280574,-6976527,364841,0.0,1.277,-3.995,-3.576,6047194,0,0.572,5.224,4.698,541700,-106875426,5306799,5306799,3459746,-0.301,-0.335,-0.485,-1.307,595854,5406628,1.0,48456877,43574137,43574137,0.122,23003162,0,0,0,0.476,8765522
UQM,MRY,2017-12-31,2017-12-31,2017-12-31,2018-05-11,0,15134176,13646902,9884181,5249995,0.57,0.181,1309110,6809325,6809325,4653188,-4778316,4.658,0.549,3119450,0,3119450,3119450,353104,400370,0,0.0,0.0,-4670170,-4269800,-0.549,-4269800,-4670170,-4778316,-0.1,-0.1,-0.1,9771241,8585725,9771241,69668110,-14,-16.316,-3561516,-0.071,1.0,3125561,0.402,312921,108146,9009562,8435422,2341360,0,0,0,5362935,2121818,3241117,75135723,4709236,0,5213192,3100000,0,8300812,1279050,0,-4870626,0,-4778316,-4778316,-4778316,0,0,-0.614,8410063,-5284502,948875,0.0,7.689,-15.724,-13.9,4613211,0,1.39,9.659,8.942,823793,-124671250,7778749,7778749,2042732,-0.35,-0.557,-0.554,-0.6,346553,6367331,1.0,54054477,50038799,50038799,0.155,14821255,0,0,0,0.274,7762363
