ticker,dimension,calendardate,datekey,reportperiod,lastupdated,accoci,assets,assetsavg,assetsc,assetsnc,assetturnover,bvps,capex,cashneq,cashnequsd,cor,consolinc,currentratio,de,debt,debtc,debtnc,debtusd,deferredrev,depamor,deposits,divyield,dps,ebit,ebitda,ebitdamargin,ebitdausd,ebitusd,ebt,eps,epsdil,epsusd,equity,equityavg,equityusd,ev,evebit,evebitda,fcf,fcfps,fxusd,gp,grossmargin,intangibles,intexp,invcap,invcapavg,inventory,investments,investmentsc,investmentsnc,liabilities,liabilitiesc,liabilitiesnc,marketcap,ncf,ncfbus,ncfcommon,ncfdebt,ncfdiv,ncff,ncfi,ncfinv,ncfo,ncfx,netinc,netinccmn,netinccmnusd,netincdis,netincnci,netmargin,opex,opinc,payables,payoutratio,pb,pe,pe1,ppnenet,prefdivis,price,ps,ps1,receivables,retearn,revenue,revenueusd,rnd,roa,roe,roic,ros,sbcomp,sgna,sharefactor,sharesbas,shareswa,shareswadil,sps,tangibles,taxassets,taxexp,taxliabilities,tbvps,workingcapital
URBN,MRY,2011-12-31,2012-01-31,2012-01-31,2018-04-02,-11512000,1483708000,1590374000,596992000,886716000,1.555,7.396,-190010000,145273000,145273000,1613265000,185251000,2.557,0.391,0,0,0,0,0,108112000,0,0.0,0.0,288831000,396943000,0.16,396943000,288831000,288831000,1.2,1.19,1.2,1066268000,1179218500,1066268000,3737974096,12,9.417,92692000,0.602,1.0,860536000,0.348,0,0,1104969000,1180869000,250073000,216767000,89854000,126913000,417440000,233466000,183974000,3821344096,-194984000,0,-541342000,0,0,-532347000,55292000,245302000,282702000,-631000,185251000,185251000,185251000,0,0,0.075,575811000,284725000,95754000,0.0,3.584,20.628,22.083,684979000,0,26.5,1.545,1.65,36673000,1077765000,2473801000,2473801000,0,0.116,0.157,0.245,0.117,-5927000,575811000,1.0,144201664,154025589,156191289,16.061,1483708000,80067000,103580000,0,10.292,363526000
URBN,MRY,2012-12-31,2013-01-31,2013-01-31,2018-04-02,-8782000,1797211000,1675683000,872284000,924927000,1.668,9.282,-168875000,245327000,245327000,1763394000,237314000,3.486,0.327,0,0,0,0,0,118664000,0,0.0,0.0,375572000,494236000,0.177,494236000,375572000,375572000,1.63,1.62,1.63,1354588000,1227740250,1354588000,6028324267,16,12.197,226805000,1.561,1.0,1031531000,0.369,0,0,1301689000,1235646500,282411000,378071000,228486000,149585000,442623000,250195000,192428000,6244972267,100054000,0,30671000,0,0,37384000,-333988000,-165113000,395680000,978000,237314000,237314000,237314000,0,0,0.085,657246000,374285000,99059000,0.0,4.61,26.315,26.258,733416000,0,42.8,2.234,2.224,39519000,1315079000,2794925000,2794925000,0,0.142,0.193,0.304,0.134,4179000,657246000,1.0,145910567,145253691,146663731,19.242,1797211000,56640000,138258000,0,12.315,622089000
URBN,MRY,2013-12-31,2014-01-31,2014-01-31,2018-04-02,-968000,2221214000,2050656000,994980000,1226234000,1.505,11.501,-186101000,242058000,242058000,1925266000,282360000,2.998,0.311,0,0,0,0,0,132664000,0,0.0,0.0,427518000,560182000,0.181,560182000,427518000,427518000,1.92,1.89,1.92,1694170000,1558859000,1694170000,5081699976,11,9.072,237054000,1.612,1.0,1161342000,0.376,0,0,1647326000,1501179000,311207000,648235000,281813000,366422000,527044000,331830000,195214000,5276628976,-3269000,0,24126000,0,0,33666000,-462222000,-276121000,423155000,2132000,282360000,282360000,282360000,0,0,0.091,734511000,426831000,137036000,0.0,3.115,18.688,18.656,806909000,0,35.82,1.71,1.706,55161000,1597439000,3086608000,3086608000,0,0.138,0.181,0.285,0.139,6202000,734511000,1.0,147309575,147014869,149225906,20.995,2221214000,81676000,145158000,0,15.079,663150000
URBN,MRY,2014-12-31,2015-01-31,2015-01-31,2018-04-02,-15427000,1888741000,1931729250,809117000,1079624000,1.72,10.06,-229804000,154558000,154558000,2148147000,232428000,2.287,0.422,0,0,0,0,0,138110000,0,0.0,0.0,363450000,501560000,0.151,501560000,363450000,363450000,1.7,1.68,1.7,1327969000,1357103500,1327969000,4460904826,12,8.894,92517000,0.677,1.0,1174930000,0.354,0,0,1380443000,1403490500,358237000,208694000,104246000,104448000,560772000,353740000,207032000,4589095826,-87500000,0,-604729000,0,0,-600907000,194834000,424638000,322321000,-3748000,232428000,232428000,232428000,0,0,0.07,809545000,365385000,156090000,0.0,3.456,19.744,20.506,889232000,0,34.86,1.381,1.434,70458000,1343383000,3323077000,3323077000,0,0.12,0.171,0.259,0.109,12914000,809545000,1.0,131643598,136651899,138192734,24.318,1888741000,104699000,131022000,0,14.308,455377000
URBN,MRY,2015-12-31,2016-01-31,2016-01-31,2018-04-02,-23451000,1833301000,1883631250,834361000,998940000,1.829,9.597,-134950000,265276000,265276000,2243232000,224489000,2.534,0.612,150000000,0,150000000,150000000,0,142722000,0,0.0,0.0,350031000,492753000,0.143,492753000,350031000,350031000,1.79,1.78,1.79,1137227000,1232147250,1137227000,2649712147,7,5.377,284664000,2.273,1.0,1201902000,0.349,0,0,1388794000,1436812000,330223000,97661000,61061000,36600000,696074000,329231000,366843000,2684309147,110718000,0,-429024000,150000000,0,-279024000,-26765000,108185000,419614000,-3107000,224489000,224489000,224489000,0,0,0.065,848323000,353579000,118035000,0.0,2.36,11.957,12.782,863137000,0,22.88,0.779,0.832,75723000,1160666000,3445134000,3445134000,0,0.119,0.182,0.244,0.102,15623000,848323000,1.0,117321204,125232499,126013414,27.51,1833301000,99203000,125542000,0,15.471,505130000
URBN,MRY,2016-12-31,2017-01-31,2017-01-31,2018-04-02,-34069000,1902637000,1869204500,881397000,1021240000,1.897,11.297,-143714000,248140000,248140000,2301181000,218120000,2.497,0.449,0,0,0,0,0,135330000,0,0.0,0.0,338099000,473429000,0.134,473429000,338099000,338099000,1.87,1.86,1.87,1313084000,1244947000,1313084000,2849958547,8,6.02,271538000,2.323,1.0,1244613000,0.351,0,0,1301569000,1297458250,338590000,155355000,111067000,44288000,589553000,352928000,236625000,3084844547,-17136000,-15325000,-43743000,-150000000,0,-193743000,-234622000,-75583000,415252000,-4023000,218120000,218120000,218120000,0,0,0.062,906086000,338527000,119537000,0.0,2.349,14.143,14.193,867786000,0,26.54,0.87,0.875,54505000,1347141000,3545794000,3545794000,0,0.117,0.175,0.261,0.095,18291000,906086000,1.0,116233781,116873023,117291117,30.339,1902637000,109166000,119979000,0,16.37,528469000
URBN,MRY,2017-12-31,2018-01-31,2018-01-31,2018-04-02,-10651000,1952780000,1939225750,978757000,974023000,1.865,12.022,-83813000,282220000,282220000,2440507000,108263000,2.717,0.501,0,0,0,0,0,128408000,0,0.0,0.0,261366000,389774000,0.108,389774000,261366000,261366000,0.97,0.96,0.97,1300903000,1306803500,1300903000,3457629345,13,8.871,219246000,1.96,1.0,1175507000,0.325,0,0,1310346000,1300947750,351395000,223813000,165125000,58688000,651877000,360214000,291663000,3692355345,34080000,0,-159226000,0,0,-159226000,-121380000,-37567000,303059000,11627000,108263000,108263000,108263000,0,0,0.03,915615000,259892000,128246000,0.0,2.838,34.105,35.165,813768000,0,34.11,1.021,1.055,76962000,1310859000,3616014000,3616014000,0,0.056,0.083,0.201,0.072,14517000,915615000,1.0,108248471,111887308,112367924,32.318,1952780000,101567000,153103000,0,18.046,618543000
