ticker,dimension,calendardate,datekey,reportperiod,lastupdated,accoci,assets,assetsavg,assetsc,assetsnc,assetturnover,bvps,capex,cashneq,cashnequsd,cor,consolinc,currentratio,de,debt,debtc,debtnc,debtusd,deferredrev,depamor,deposits,divyield,dps,ebit,ebitda,ebitdamargin,ebitdausd,ebitusd,ebt,eps,epsdil,epsusd,equity,equityavg,equityusd,ev,evebit,evebitda,fcf,fcfps,fxusd,gp,grossmargin,intangibles,intexp,invcap,invcapavg,inventory,investments,investmentsc,investmentsnc,liabilities,liabilitiesc,liabilitiesnc,marketcap,ncf,ncfbus,ncfcommon,ncfdebt,ncfdiv,ncff,ncfi,ncfinv,ncfo,ncfx,netinc,netinccmn,netinccmnusd,netincdis,netincnci,netmargin,opex,opinc,payables,payoutratio,pb,pe,pe1,ppnenet,prefdivis,price,ps,ps1,receivables,retearn,revenue,revenueusd,rnd,roa,roe,roic,ros,sbcomp,sgna,sharefactor,sharesbas,shareswa,shareswadil,sps,tangibles,taxassets,taxexp,taxliabilities,tbvps,workingcapital
USAT,MRY,2011-12-31,2011-06-30,2011-06-30,2018-05-11,0,36004005,31831005,18428381,17575624,0.718,0.819,-4554692,12991511,12991511,15120131,-6457067,2.678,0.378,253061,155428,97633,253061,0,2588378,0,0.0,0.0,-6421114,-3832736,-0.168,-3832736,-6421114,-6457067,-0.26,-0.26,-0.26,26125531,23588795,26125531,57674011,-8,-15.048,-5462919,-0.197,1.0,7748658,0.339,9857561,35953,6526115,5681041,2670332,0,0,0,9878474,6881879,2996595,70634714,5387187,0,11287511,-437405,0,10850106,-4554692,0,-908227,0,-6457067,-7122644,-7122644,0,0,-0.311,13436875,-5688217,5638361,0.0,2.704,-9.917,-8.538,7395775,665577,2.22,3.089,2.686,2116106,-196785123,22868789,22868789,0,-0.224,-0.302,-1.13,-0.281,356866,11430610,1.0,31817439,27665345,27665345,0.827,26146444,0,0,0,0.819,11546502
USAT,MRY,2012-12-31,2012-06-30,2012-06-30,2018-05-11,0,33219657,33270091,12142806,21076851,0.872,0.666,-6232814,6426645,6426645,19056192,-5211238,1.221,0.534,728330,466056,262274,728330,0,3440954,0,0.0,0.0,-5114646,-1673692,-0.058,-1673692,-5114646,-5198639,-0.18,-0.18,-0.18,21655022,24199677,21655022,41519685,-8,-24.807,-6154578,-0.19,1.0,9961051,0.343,8859661,83993,8716726,9454339,2511748,0,0,0,11564635,9944955,1619680,47145685,-6564866,0,-41371,-368917,0,-410288,-6232814,0,78236,0,-5211238,-5875690,-5875690,0,0,-0.202,16961443,-7000392,6136443,0.0,2.177,-8.024,-8.056,11800108,664452,1.45,1.625,1.62,2984788,-201996361,29017243,29017243,0,-0.177,-0.243,-0.541,-0.176,782100,15460668,1.0,32514266,32423987,32423987,0.895,24359996,0,12599,12599,0.75,2197851
USAT,MRY,2013-12-31,2013-06-30,2013-06-30,2018-05-11,0,36576196,33885017,10726079,25850117,1.061,0.707,-9180837,5981000,5981000,21843631,854123,0.893,0.564,3369906,3247152,122754,3369906,0,4579574,0,0.0,0.0,1038974,5618548,0.156,5618548,1038974,881769,0.01,0.01,0.01,23379191,22106053,23379191,56050353,53,9.976,-3141885,-0.096,1.0,14096613,0.392,8117261,157205,13831258,12383239,1823615,0,0,0,13197005,12016583,1180422,57524359,-445645,0,311177,2385063,0,2696240,-9180837,0,6038952,0,854123,189671,189671,0,0,0.005,13382688,713925,7301247,0.0,2.46,303.285,174.0,17240065,664452,1.74,1.601,1.587,3145802,-201142238,35940244,35940244,0,0.006,0.009,0.084,0.029,502907,12068566,1.0,33059977,32787673,33613346,1.096,28458935,0,27646,40245,0.86,-1290504
USAT,MRY,2014-12-31,2014-06-30,2014-06-30,2018-05-11,0,70764242,53208448,14633527,56130715,0.796,1.504,-7917000,9072320,9072320,27272000,27531000,0.96,0.317,5422776,5172911,249865,5422776,0,5486000,0,0.0,0.0,533000,6019000,0.142,6019000,533000,276000,0.77,0.77,0.77,53736667,39420805,53736667,73007068,136,12.129,-832000,-0.024,1.0,15073000,0.356,8095308,257000,43774853,30159985,1486777,0,0,0,17027575,15244537,1783038,75017399,3091000,0,2273000,1625000,0,3923000,-7917000,0,7085000,0,27531000,26863000,26863000,0,0,0.634,14636000,437000,7753911,0.0,1.396,2.793,2.74,21138580,668000,2.11,1.772,1.727,3156166,-173611586,42345000,42345000,0,0.505,0.681,0.018,0.013,529000,14036000,1.0,35553270,34667769,35009559,1.221,62668934,27261021,-27255000,21021,1.754,-611010
USAT,MRY,2015-12-31,2015-06-30,2015-06-30,2018-05-11,0,75134000,71063808,24334000,50800000,0.817,1.491,3354000,11374000,11374000,41254000,-1089000,1.349,0.409,6332000,4478000,1854000,6332000,0,5731000,0,0.0,0.0,-498000,5233000,0.09,5233000,-498000,-800000,-0.05,-0.05,-0.05,53311000,53532595,53311000,94205613,-189,18.002,1656000,0.046,1.0,16823000,0.29,8095000,302000,43955000,44633275,4216000,0,0,0,21823000,18042000,3781000,96555140,2302000,0,-62000,698000,0,646000,3354000,0,-1698000,0,-1089000,-1757000,-1757000,0,0,-0.03,17063000,-240000,10542000,0.0,1.811,-54.955,-54.0,12869000,668000,2.7,1.663,1.661,10610000,-174701000,58077000,58077000,0,-0.025,-0.033,-0.011,-0.009,716000,16451000,1.0,35761163,35719211,35719211,1.626,67039000,27046000,289000,54000,1.875,6292000
USAT,MRY,2016-12-31,2016-06-30,2016-06-30,2018-05-11,0,84833000,79222250,30777000,54056000,0.977,1.474,-147000,19272000,19272000,55423000,-6806000,1.092,0.542,9324000,7748000,1576000,9324000,0,5222000,0,0.0,0.0,-6821000,-1599000,-0.021,-1599000,-6821000,-7421000,-0.21,-0.21,-0.21,55025000,53179750,55025000,151302865,-22,-94.623,6321000,0.174,1.0,21985000,0.284,12501000,600000,34207000,38826500,2031000,0,0,0,29808000,28177000,1631000,156856865,7898000,-5625000,4705000,2497000,0,7202000,-5772000,0,6468000,0,-6806000,-7474000,-7474000,0,0,-0.097,23452000,-1467000,12354000,0.0,2.851,-20.987,-20.333,9765000,668000,4.27,2.026,2.003,12205000,-181507000,77408000,77408000,0,-0.094,-0.141,-0.176,-0.088,849000,22373000,1.0,36734629,36309047,36309047,2.132,72332000,27724000,-615000,18000,1.938,2600000
USAT,MRY,2017-12-31,2017-06-30,2017-06-30,2018-05-11,0,97691000,90040500,36502000,61189000,1.156,1.631,-3693000,12745000,12745000,77447000,-1852000,1.189,0.485,11327000,10266000,1061000,11327000,0,5591000,0,0.0,0.0,-873000,4718000,0.045,4718000,-873000,-1765000,-0.06,-0.06,-0.06,65778000,64892500,65778000,200990554,-230,42.601,-10464000,-0.263,1.0,26646000,0.256,12114000,892000,53460000,47145000,4586000,0,0,0,31913000,30699000,1214000,209724554,-6527000,0,6162000,-2135000,0,3937000,-3693000,0,-6771000,0,-1852000,-2520000,-2520000,0,0,-0.024,26511000,135000,16054000,0.0,3.188,-83.224,-86.667,12111000,668000,5.2,2.015,1.991,26810000,-183359000,104093000,104093000,0,-0.028,-0.039,-0.019,-0.008,1214000,25493000,1.0,40331645,39860335,39860335,2.611,85577000,27670000,87000,0,2.122,5803000
