ticker,dimension,calendardate,datekey,reportperiod,lastupdated,accoci,assets,assetsavg,assetsc,assetsnc,assetturnover,bvps,capex,cashneq,cashnequsd,cor,consolinc,currentratio,de,debt,debtc,debtnc,debtusd,deferredrev,depamor,deposits,divyield,dps,ebit,ebitda,ebitdamargin,ebitdausd,ebitusd,ebt,eps,epsdil,epsusd,equity,equityavg,equityusd,ev,evebit,evebitda,fcf,fcfps,fxusd,gp,grossmargin,intangibles,intexp,invcap,invcapavg,inventory,investments,investmentsc,investmentsnc,liabilities,liabilitiesc,liabilitiesnc,marketcap,ncf,ncfbus,ncfcommon,ncfdebt,ncfdiv,ncff,ncfi,ncfinv,ncfo,ncfx,netinc,netinccmn,netinccmnusd,netincdis,netincnci,netmargin,opex,opinc,payables,payoutratio,pb,pe,pe1,ppnenet,prefdivis,price,ps,ps1,receivables,retearn,revenue,revenueusd,rnd,roa,roe,roic,ros,sbcomp,sgna,sharefactor,sharesbas,shareswa,shareswadil,sps,tangibles,taxassets,taxexp,taxliabilities,tbvps,workingcapital
VAR,MRY,2011-12-31,2011-09-30,2011-09-30,2018-05-08,-46848000,2498761000,2488144750,1854617000,644144000,1.044,10.914,-70928000,564457000,564457000,1460777000,398933000,1.647,1.009,197526000,191276000,6250000,197526000,140173000,52591000,0,0.0,0.0,581616000,634207000,0.244,634207000,581616000,579017000,3.42,3.36,3.42,1243891000,1370495750,1243891000,5562344715,9,8.771,401851000,3.443,1.0,1135889000,0.437,212452000,2599000,793466000,780927250,409962000,19205000,19205000,0,1254870000,1125912000,128958000,6112327715,44236000,-9124000,-367587000,154136000,0,-311335000,-117932000,-33583000,472779000,724000,398933000,398933000,398933000,9693000,0,0.154,547438000,588451000,154946000,0.0,4.914,15.322,15.251,285894000,0,52.16,2.354,2.344,635153000,677473000,2596666000,2596666000,170725000,0.16,0.291,0.745,0.224,43889000,376713000,1.0,117184197,116703000,118735000,22.25,2286309000,113965000,180084000,0,20.061,728705000
VAR,MRY,2012-12-31,2012-09-28,2012-09-28,2018-05-08,-56621000,2878726000,2710295000,2170515000,708211000,1.036,13.734,-61103000,704570000,704570000,1610679000,427049000,1.755,0.907,161250000,155000000,6250000,161250000,369456000,60982000,0,0.0,0.0,599343000,660325000,0.235,660325000,599343000,595924000,3.83,3.76,3.83,1509776000,1442109250,1509776000,6219972645,10,9.42,431672000,3.876,1.0,1196336000,0.426,222242000,3419000,876633000,882714500,457869000,49709000,49709000,0,1368950000,1236531000,132419000,6678348645,140113000,-28241000,-197108000,-36276000,0,-234676000,-122295000,-21703000,492775000,4309000,427049000,427049000,427049000,0,0,0.152,602262000,594074000,180736000,0.0,4.423,15.638,15.749,296592000,0,60.32,2.379,2.393,691806000,893115000,2807015000,2807015000,185742000,0.158,0.296,0.679,0.214,46835000,416520000,1.0,110715329,111376000,113473000,25.203,2656484000,115786000,168875000,0,24.165,933984000
VAR,MRY,2013-12-31,2013-09-27,2013-09-27,2018-05-08,-40071000,3468474000,3132043000,2704783000,763691000,0.94,15.99,-76277000,1117861000,1117861000,1693210000,438248000,2.331,1.024,506250000,56250000,450000000,506250000,389479000,62859000,0,0.0,0.0,616212000,679071000,0.231,679071000,616212000,612083000,4.04,3.98,4.04,1713847000,1650538000,1713847000,7394560172,12,10.889,378908000,3.497,1.0,1249687000,0.425,225335000,4129000,1470949000,1116791000,535223000,62700000,62700000,0,1754627000,1160579000,594048000,7985753172,413291000,0,-290351000,345000000,0,51646000,-96271000,-20044000,455185000,2731000,438248000,438248000,438248000,0,0,0.149,640797000,608890000,194272000,0.0,4.66,18.222,18.361,315331000,0,74.18,2.714,2.731,698254000,1010343000,2942897000,2942897000,208208000,0.14,0.266,0.552,0.209,43762000,432589000,1.0,107653723,108352000,110053000,27.161,3243139000,122250000,173835000,0,30.257,1544204000
VAR,MRY,2014-12-31,2014-09-26,2014-09-26,2018-05-08,-58611000,3357290000,3424809250,2494165000,863125000,0.891,15.809,-89600000,849275000,849275000,1748100000,403700000,2.076,1.077,437500000,50000000,387500000,437500000,421845000,62500000,0,0.0,0.0,581700000,644200000,0.211,644200000,581700000,574500000,3.88,3.83,3.88,1616420000,1677484500,1616420000,7902584295,13,12.267,359400000,3.456,1.0,1301700000,0.427,240626000,7200000,1503235000,1542713750,572261000,66176000,66176000,0,1740870000,1201654000,539216000,8348989295,-268600000,-31500000,-528000000,-68800000,0,-595500000,-133100000,-12600000,449000000,11000000,403700000,403700000,403700000,0,0,0.132,730500000,571200000,187377000,0.0,5.165,20.681,20.851,337999000,0,80.9,2.738,2.759,731929000,931241000,3049800000,3049800000,234800000,0.118,0.241,0.377,0.191,39600000,470600000,1.0,103201351,104000000,105300000,29.325,3116664000,125962000,170800000,0,30.482,1292511000
VAR,MRY,2015-12-31,2015-10-02,2015-10-02,2018-05-08,-86500000,3578700000,3491529250,2393000000,1185700000,0.713,17.371,-91400000,845500000,845500000,1458600000,412000000,1.738,1.082,495900000,158400000,337500000,495900000,668200000,68500000,0,0.0,0.0,509300000,577800000,0.232,577800000,509300000,501400000,4.13,4.09,4.13,1711600000,1682650000,1711600000,6965531319,13,12.055,378200000,3.793,1.0,1032100000,0.414,356100000,7900000,1496300000,1542309000,612600000,0,0,0,1852400000,1376700000,475700000,7422517319,-3800000,-95300000,-331000000,58600000,0,-276700000,-210900000,-24900000,469600000,14200000,411500000,411500000,411500000,-100600000,500000,0.165,636400000,395700000,202900000,0.0,4.337,18.038,18.206,379200000,0,75.19,2.98,3.01,770900000,1017800000,2490700000,2490700000,195400000,0.118,0.245,0.33,0.204,46300000,441000000,1.0,98716815,99700000,100600000,24.982,3222600000,119400000,89900000,0,32.707,1016300000
VAR,MRY,2016-12-31,2016-09-30,2016-09-30,2018-05-08,-100800000,3814800000,3791793000,2615400000,1199400000,0.691,18.595,-80400000,811400000,811400000,1508200000,402700000,1.621,1.184,665900000,379000000,286900000,665900000,608600000,79800000,0,0.0,0.0,529200000,609000000,0.232,609000000,529200000,517600000,4.22,4.19,4.22,1740500000,1686571000,1740500000,9159681791,17,15.041,275900000,2.892,1.0,1112900000,0.425,304100000,11600000,1751800000,1707016000,442400000,95300000,95300000,0,2060300000,1613400000,446900000,9294176791,-2000000,-21700000,-400700000,167100000,0,-245800000,-109200000,-8100000,356300000,-3300000,402300000,402300000,402300000,-77400000,400000,0.153,677900000,435000000,159200000,0.0,5.34,23.103,23.585,258600000,0,99.53,3.546,3.623,769600000,1069000000,2621100000,2621100000,200400000,0.106,0.239,0.31,0.202,47400000,475300000,1.0,93380657,95400000,96000000,27.475,3510700000,136800000,115300000,0,37.507,1002000000
VAR,MRY,2017-12-31,2017-09-29,2017-09-29,2018-05-08,-68800000,3294400000,3289250000,2296800000,997600000,0.811,16.514,-59100000,716200000,716200000,1512600000,250300000,1.396,1.168,350000000,350000000,0,350000000,755400000,76900000,0,0.0,0.0,348000000,424900000,0.159,424900000,348000000,337300000,2.7,2.68,2.7,1517600000,1480225000,1517600000,8891397453,25,20.926,340000000,3.676,1.0,1155600000,0.433,294200000,10700000,988900000,1251950000,417700000,0,0,0,1772500000,1645100000,127400000,9185597453,-127300000,-11400000,-222400000,-114500000,0,-392400000,-130100000,-56100000,399100000,-3900000,249600000,249600000,249600000,6800000,700000,0.094,813700000,341900000,162300000,0.0,6.053,36.801,37.059,255300000,0,100.06,3.443,3.469,961500000,778600000,2668200000,2668200000,210000000,0.076,0.169,0.278,0.13,40900000,552300000,1.0,91800894,92500000,93200000,28.845,3000200000,147300000,87700000,0,32.646,651700000
