ticker,dimension,calendardate,datekey,reportperiod,lastupdated,accoci,assets,assetsavg,assetsc,assetsnc,assetturnover,bvps,capex,cashneq,cashnequsd,cor,consolinc,currentratio,de,debt,debtc,debtnc,debtusd,deferredrev,depamor,deposits,divyield,dps,ebit,ebitda,ebitdamargin,ebitdausd,ebitusd,ebt,eps,epsdil,epsusd,equity,equityavg,equityusd,ev,evebit,evebitda,fcf,fcfps,fxusd,gp,grossmargin,intangibles,intexp,invcap,invcapavg,inventory,investments,investmentsc,investmentsnc,liabilities,liabilitiesc,liabilitiesnc,marketcap,ncf,ncfbus,ncfcommon,ncfdebt,ncfdiv,ncff,ncfi,ncfinv,ncfo,ncfx,netinc,netinccmn,netinccmnusd,netincdis,netincnci,netmargin,opex,opinc,payables,payoutratio,pb,pe,pe1,ppnenet,prefdivis,price,ps,ps1,receivables,retearn,revenue,revenueusd,rnd,roa,roe,roic,ros,sbcomp,sgna,sharefactor,sharesbas,shareswa,shareswadil,sps,tangibles,taxassets,taxexp,taxliabilities,tbvps,workingcapital
VGZ,MRY,2011-12-31,2011-12-31,2011-12-31,2018-04-28,175000,180603000,143315000,20170000,160433000,0.0,1.975,-1541000,18007000,18007000,0,51546000,6.258,0.279,0,0,0,0,0,420000,0,0.0,0.0,87188000,87608000,,87608000,87188000,87068000,0.75,0.74,0.75,141223000,117802000,141223000,192500310,2,2.197,-26531000,-0.388,1.0,0,,0,120000,159373000,118467500,0,120857000,986000,119871000,39380000,3223000,36157000,219446310,-21965000,-3632000,30069000,-23000000,0,7069000,-4044000,263000,-24990000,0,51546000,51546000,51546000,0,0,,28149000,-28149000,757000,0.0,1.554,4.257,4.093,35749000,0,3.07,,,0,-263741000,0,0,21774000,0.36,0.438,0.736,,2020000,6375000,1.0,71480883,68457885,69295947,0.0,180603000,0,35522000,35522000,2.526,16947000
VGZ,MRY,2012-12-31,2012-12-31,2012-12-31,2018-04-28,2000,133065000,147432750,91429000,41636000,0.0,1.302,-2066000,18351000,18351000,0,-70656000,2.941,0.313,0,0,0,0,0,589000,0,0.0,0.0,-90803000,-90214000,,-90214000,-90803000,-90803000,-0.95,-0.95,-0.95,101343000,116772250,101343000,194017559,-2,-2.151,-32221000,-0.433,1.0,0,,0,0,83627000,123719500,0,70180000,70115000,65000,31722000,31087000,635000,208928559,408000,0,26724000,0,0,26724000,3839000,341000,-30155000,0,-70656000,-70656000,-70656000,0,0,,35632000,-35632000,4409000,0.0,2.062,-2.957,-2.842,17293000,0,2.7,,,0,-334397000,0,0,27536000,-0.479,-0.605,-0.734,,4225000,8096000,1.0,77380948,74351065,74351065,0.0,133065000,9465000,-20147000,24839000,1.709,60342000
VGZ,MRY,2013-12-31,2013-12-31,2013-12-31,2018-04-28,-59000,53094000,76326000,9844000,43250000,0.0,0.524,4801000,5475000,5475000,0,-59488000,8.056,0.234,6506000,0,6506000,6506000,0,1021000,0,0.0,0.0,-74314000,-73293000,,-73293000,-74314000,-74861000,-0.73,-0.73,-0.73,43013000,55617750,43013000,36413936,0,-0.497,-19708000,-0.241,1.0,0,,0,547000,52903000,58248500,0,21231000,176000,21055000,10081000,1222000,8859000,31087936,-12806000,0,-13000,6677000,0,6664000,5039000,168000,-24509000,0,-59488000,-59488000,-59488000,0,0,,21128000,-21128000,705000,0.0,0.723,-0.523,-0.521,10882000,0,0.38,,,0,-393885000,0,0,15600000,-0.779,-1.07,-1.276,,742000,5528000,1.0,81788835,81813386,81813386,0.0,53094000,2353000,-15373000,2353000,0.647,8622000
VGZ,MRY,2014-12-31,2014-12-31,2014-12-31,2018-04-28,11000,26110000,39056750,11362000,14748000,0.0,0.307,-7000,3714000,3714000,0,-18926000,13.739,0.033,0,0,0,0,0,863000,0,0.0,0.0,-18848000,-17985000,,-17985000,-18848000,-18926000,-0.23,-0.23,-0.23,25283000,35405500,25283000,18194664,0,-1.012,-7065000,-0.086,1.0,0,,0,78000,21569000,29859750,0,6163000,6163000,0,827000,827000,0,23456664,-1761000,0,0,-6344000,0,-6344000,11641000,10620000,-7058000,0,-18926000,-18926000,-18926000,0,0,,9402000,-9402000,457000,0.0,0.928,-1.239,-1.24,14748000,0,0.285,,,0,-412811000,0,0,3991000,-0.485,-0.535,-0.631,,1126000,3798000,1.0,82275217,82294331,82294331,0.0,26110000,0,0,0,0.317,10535000
VGZ,MRY,2015-12-31,2015-12-31,2015-12-31,2018-04-28,-35000,27868000,28552000,15202000,12666000,0.0,0.327,-134000,902000,902000,0,1011000,18.932,0.03,0,0,0,0,0,694000,0,0.0,0.0,1011000,1705000,,1705000,1011000,1011000,0.01,0.01,0.01,27065000,27267500,27065000,19958132,19,11.706,2875000,0.035,1.0,0,,0,0,26163000,23208000,0,13788000,13788000,0,803000,803000,0,22826132,-2812000,0,0,0,0,0,-5821000,-9177000,3009000,0,1011000,1011000,1011000,0,0,,6889000,-6889000,115000,0.0,0.843,22.578,27.54,12666000,0,0.275,,,0,-411800000,0,0,4265000,0.035,0.037,0.044,,817000,3888000,1.0,82883562,82571182,83755080,0.0,27868000,0,0,0,0.336,14399000
VGZ,MRY,2016-12-31,2016-12-31,2016-12-31,2018-04-28,15000,41608000,35200250,29521000,12087000,0.0,0.414,-37000,1904000,1904000,0,-3133000,27.259,0.027,0,0,0,0,0,618000,0,0.0,0.0,-3133000,-2515000,,-2515000,-3133000,-3133000,-0.04,-0.04,-0.04,40525000,34436250,40525000,92169218,-29,-36.648,-5061000,-0.057,1.0,0,,0,0,38621000,32658750,0,26969000,26969000,0,1083000,1083000,0,93474218,1002000,0,15898000,0,0,15898000,-9872000,-9985000,-5024000,0,-3133000,-3133000,-3133000,0,0,,7715000,-7715000,252000,0.0,2.307,-29.835,-23.898,12087000,0,0.956,,,0,-414933000,0,0,4303000,-0.089,-0.091,-0.096,,645000,2944000,1.0,97786608,89064260,89064260,0.0,41608000,0,0,0,0.425,28438000
VGZ,MRY,2017-12-31,2017-12-31,2017-12-31,2018-04-28,-2000,31141000,35291500,21115000,10026000,0.0,0.293,0,1431000,1431000,0,-12035000,10.26,0.071,0,0,0,0,0,655000,0,0.0,0.0,-12035000,-11380000,,-11380000,-12035000,-12035000,-0.12,-0.12,-0.12,29083000,33785000,29083000,68340404,-5,-6.005,-8801000,-0.089,1.0,0,,0,0,27652000,32258750,0,18890000,18890000,0,2058000,2058000,0,69588404,-473000,0,0,0,0,-264000,8592000,6831000,-8801000,0,-12035000,-12035000,-12035000,0,0,,10755000,-10755000,830000,0.0,2.393,-5.782,-5.833,10026000,0,0.7,,,0,-426968000,0,0,6931000,-0.341,-0.356,-0.373,,874000,3527000,1.0,99412007,98627255,98627255,0.0,31141000,0,0,0,0.313,19057000
