ticker,dimension,calendardate,datekey,reportperiod,lastupdated,accoci,assets,assetsavg,assetsc,assetsnc,assetturnover,bvps,capex,cashneq,cashnequsd,cor,consolinc,currentratio,de,debt,debtc,debtnc,debtusd,deferredrev,depamor,deposits,divyield,dps,ebit,ebitda,ebitdamargin,ebitdausd,ebitusd,ebt,eps,epsdil,epsusd,equity,equityavg,equityusd,ev,evebit,evebitda,fcf,fcfps,fxusd,gp,grossmargin,intangibles,intexp,invcap,invcapavg,inventory,investments,investmentsc,investmentsnc,liabilities,liabilitiesc,liabilitiesnc,marketcap,ncf,ncfbus,ncfcommon,ncfdebt,ncfdiv,ncff,ncfi,ncfinv,ncfo,ncfx,netinc,netinccmn,netinccmnusd,netincdis,netincnci,netmargin,opex,opinc,payables,payoutratio,pb,pe,pe1,ppnenet,prefdivis,price,ps,ps1,receivables,retearn,revenue,revenueusd,rnd,roa,roe,roic,ros,sbcomp,sgna,sharefactor,sharesbas,shareswa,shareswadil,sps,tangibles,taxassets,taxexp,taxliabilities,tbvps,workingcapital
VII,MRY,2011-12-31,2011-09-30,2011-09-30,2018-05-15,-73014,33191276,39312977,27547386,5643890,1.2,4.986,-391583,5628156,5628156,28979516,-11459946,3.406,0.479,0,0,0,0,730539,666312,0,0.0,0.0,-9321946,-8655634,-0.183,-8655634,-9321946,-9321946,-2.55,-2.55,-2.55,22443927,27782277,22443927,6734984,0,-0.778,-6367127,-1.415,1.0,18202720,0.386,0,0,19475214,22764160,11394531,2035593,2035593,0,10747349,8087906,2659443,14403939,-3161811,0,-71684,0,0,-71684,2871969,3263552,-5975544,13448,-11459946,-11459946,-11459946,0,0,-0.243,27746815,-9544095,4240096,0.0,0.642,-1.257,-1.255,4340137,0,3.2,0.305,0.305,7771356,1641720,47182236,47182236,5930719,-0.292,-0.412,-0.41,-0.198,293906,16441262,1.0,4501231,4501231,,10.482,33191276,92811,2138000,32589,7.374,19459480
VII,MRY,2012-12-31,2012-09-30,2012-09-30,2018-05-15,-169834,31334749,31590859,26117976,5216773,1.572,4.73,-251735,6234268,6234268,30015525,-1380345,3.457,0.479,0,0,0,0,604736,580609,0,0.0,0.0,-1323345,-742736,-0.015,-742736,-1323345,-1323345,-0.31,-0.31,-0.31,21187810,21628479,21187810,7727858,-5,-10.405,-897273,-0.2,1.0,19636841,0.395,0,0,17546312,19169100,9303273,405169,405169,0,10146939,7554169,2592770,13439205,606112,0,-81450,0,0,-81450,1348981,1600716,-645538,-15881,-1380345,-1380345,-1380345,0,0,-0.028,21024591,-1387750,3403378,0.0,0.634,-9.736,-9.677,4042175,0,3.0,0.271,0.271,9553385,261375,49652366,49652366,5207997,-0.044,-0.064,-0.069,-0.027,297718,15816594,1.0,4479735,4479735,,11.084,31334749,92811,57000,0,6.995,18563807
VII,MRY,2013-12-31,2013-09-30,2013-09-30,2018-05-15,-134254,30305755,28685155,24342672,5963083,1.389,4.779,2075805,8281714,8281714,24701839,18648,3.529,0.408,0,0,0,0,546418,473189,0,0.0,0.0,-524352,-51163,-0.001,-51163,-524352,-524352,0.0,0.0,0.0,21524656,20142256,21524656,10147254,-19,-198.332,1769178,0.393,1.0,15144244,0.38,0,0,15125385,17225185,8233621,115433,115433,0,8781099,6898656,1882443,11574984,2047446,0,0,0,0,0,2354670,278865,-306627,-597,18648,18648,18648,0,0,0.0,19207635,-4063391,2732228,,0.538,620.709,,4989673,0,2.57,0.29,0.29,7024023,280023,39846083,39846083,4189250,0.001,0.001,-0.03,-0.013,241100,15018385,1.0,4503885,4503885,,8.847,30305755,0,-543000,0,6.729,17444016
VII,MRY,2014-12-31,2014-09-30,2014-09-30,2018-05-15,-113492,38767846,28950484,26883927,11883919,1.205,5.787,-140211,4751270,4751270,22724144,-7925412,2.471,0.481,0,0,0,0,492413,434533,0,0.266,0.55,-7925412,-7490879,-0.215,-7490879,-7925412,-7925412,-1.61,-1.61,-1.61,26170219,20356603,26170219,3395064,0,-0.453,-2873807,-0.635,1.0,12154265,0.348,10051136,0,13086626,13288648,8828255,120310,120310,0,12597627,10878814,1718813,9361233,-3530444,1886342,0,0,-2487284,-2487284,1742918,-3213,-2733596,-52482,-7925412,-7925412,-7925412,0,0,-0.227,20041502,-7887237,5441528,-0.342,0.358,-1.181,-1.286,869688,0,2.07,0.268,0.268,8632393,-10132673,34878409,34878409,4595545,-0.274,-0.389,-0.596,-0.227,154749,13848891,1.0,4522335,4522335,,7.712,28716710,0,0,0,6.35,16005113
VII,MRY,2015-12-31,2015-09-30,2015-09-30,2018-05-15,-277306,34172131,34308429,23136026,11036105,1.308,2.332,3199754,2390409,2390409,27237862,-5218302,2.085,0.592,0,0,0,0,933917,725365,0,0.0,0.0,-5218302,-4492937,-0.1,-4492937,-5218302,-5218302,-0.57,-0.57,-0.57,21464182,22425264,21464182,12469473,-2,-2.775,-2409350,-0.262,1.0,17646153,0.393,9619136,0,11068217,11746665,8613823,13047,13047,0,12707949,11094369,1613580,14727675,-2360861,0,48106,0,0,48106,3309915,110161,-5609104,-109778,-5218302,-5218302,-5218302,0,0,-0.116,22725315,-5079162,5688424,0.0,0.686,-2.822,-2.807,694947,0,1.6,0.328,0.328,10816348,-15350975,44884015,44884015,5063010,-0.152,-0.233,-0.444,-0.116,625061,17089392,1.0,9204797,9204797,,4.876,24552995,0,0,0,2.667,12041657
VII,MRY,2016-12-31,2016-09-30,2016-09-30,2018-05-15,-528851,18077709,24182845,15689161,2388548,1.479,0.912,1312461,1954422,1954422,22402117,-12773984,2.53,1.12,1750000,0,1750000,1750000,553515,850697,0,0.0,0.0,-12702652,-11851955,-0.331,-11851955,-12702652,-12773984,-1.37,-1.37,-1.37,8526914,13648107,8526914,6382503,0,-0.539,-2418346,-0.259,1.0,13357534,0.374,1106500,71332,10565767,10640329,6990250,13545,13545,0,9550795,6201020,3349775,6628007,-435987,0,5184,1750000,0,1755184,1312136,-325,-3730807,227500,-12773984,-12773984,-12773984,0,0,-0.357,26845690,-13488156,2551080,0.0,0.777,-0.519,-0.518,520183,0,0.709,0.185,0.185,6158504,-28124959,35759651,35759651,5193085,-0.528,-0.936,-1.194,-0.355,81593,13656969,1.0,9348388,9348388,,3.825,16971209,0,0,0,1.815,9488141
VII,MRY,2017-12-31,2017-09-30,2017-09-30,2018-05-15,-156050,15467650,16616457,13949369,1518281,1.604,0.253,-138443,2253952,2253952,16499372,-7011580,2.167,5.527,4950000,0,4950000,4950000,640479,626332,0,0.0,0.0,-6631813,-6005481,-0.225,-6005481,-6631813,-7011580,-0.75,-0.75,-0.75,2369686,5014392,2369686,5253421,0,-0.875,-3233428,-0.346,1.0,10152259,0.381,0,379767,11726196,10244386,6550001,13555,13555,0,13097964,6437502,6660462,3552387,299530,0,0,3200000,0,3200000,-138877,-434,-3094985,333392,-7011580,-7011580,-7011580,0,0,-0.263,16785510,-6633251,3138057,0.0,1.499,-0.507,-0.507,401698,0,0.38,0.133,0.133,4349733,-35136539,26651631,26651631,4811465,-0.422,-1.398,-0.647,-0.249,42071,11135545,1.0,9348388,9348388,,2.851,15467650,0,0,0,1.655,7511867
