ticker,dimension,calendardate,datekey,reportperiod,lastupdated,accoci,assets,assetsavg,assetsc,assetsnc,assetturnover,bvps,capex,cashneq,cashnequsd,cor,consolinc,currentratio,de,debt,debtc,debtnc,debtusd,deferredrev,depamor,deposits,divyield,dps,ebit,ebitda,ebitdamargin,ebitdausd,ebitusd,ebt,eps,epsdil,epsusd,equity,equityavg,equityusd,ev,evebit,evebitda,fcf,fcfps,fxusd,gp,grossmargin,intangibles,intexp,invcap,invcapavg,inventory,investments,investmentsc,investmentsnc,liabilities,liabilitiesc,liabilitiesnc,marketcap,ncf,ncfbus,ncfcommon,ncfdebt,ncfdiv,ncff,ncfi,ncfinv,ncfo,ncfx,netinc,netinccmn,netinccmnusd,netincdis,netincnci,netmargin,opex,opinc,payables,payoutratio,pb,pe,pe1,ppnenet,prefdivis,price,ps,ps1,receivables,retearn,revenue,revenueusd,rnd,roa,roe,roic,ros,sbcomp,sgna,sharefactor,sharesbas,shareswa,shareswadil,sps,tangibles,taxassets,taxexp,taxliabilities,tbvps,workingcapital
VIVO,MRY,2011-12-31,2011-09-30,2011-09-30,2018-05-10,449000,155493000,156695750,90354000,65139000,1.014,3.394,-9139000,24626000,24626000,60425000,26831000,5.919,0.122,0,0,0,0,0,5701000,0,0.048,0.76,40500000,46201000,0.291,46201000,40500000,40500000,0.66,0.65,0.66,138524000,137696500,138524000,619585343,15,13.411,13317000,0.327,1.0,98411000,0.62,34071000,0,81532000,74152250,32689000,0,0,0,16969000,15264000,1705000,646148343,-14253000,0,3423000,0,-30943000,-27520000,-9151000,0,22456000,-38000,26831000,26831000,26831000,0,0,0.169,58378000,40033000,5548000,1.152,4.665,24.082,23.848,26539000,0,15.74,4.068,4.035,24844000,38065000,158836000,158836000,9822000,0.171,0.195,0.546,0.255,2504000,46768000,1.0,41051356,40715000,41358000,3.901,121422000,2852000,13669000,2494000,2.975,75090000
VIVO,MRY,2012-12-31,2012-09-30,2012-09-30,2018-05-10,95000,161381000,158412000,96590000,64791000,1.09,3.474,-3530000,32593000,32593000,63664000,33371000,5.232,0.131,0,0,0,0,0,5655000,0,0.04,0.76,49716000,55371000,0.321,55371000,49716000,49716000,0.81,0.8,0.81,142748000,140555500,142748000,762665462,15,13.774,38916000,0.947,1.0,109048000,0.631,33410000,0,76916000,78754750,31682000,0,0,0,18633000,18462000,171000,791603462,7967000,0,552000,0,-31226000,-30674000,-4435000,0,42446000,630000,33371000,33371000,33371000,0,0,0.193,59752000,49296000,5794000,0.938,5.545,23.721,23.679,26155000,0,19.18,4.583,4.562,24183000,40210000,172712000,172712000,10275000,0.211,0.237,0.631,0.288,1987000,48464000,1.0,41272339,41080000,41608000,4.204,127971000,2929000,16345000,1765000,3.114,78128000
VIVO,MRY,2013-12-31,2013-09-30,2013-09-30,2018-05-10,745000,176748000,167760250,114088000,62660000,1.125,3.756,-3234000,45282000,45282000,67642000,38032000,5.816,0.14,0,0,0,0,0,5623000,0,0.032,0.76,57362000,62985000,0.334,62985000,57362000,57362000,0.92,0.91,0.92,155045000,148243250,155045000,939441229,16,14.915,41202000,0.999,1.0,121044000,0.642,31172000,0,80677000,77178500,34835000,0,0,0,21703000,19617000,2086000,980804229,12689000,0,2752000,0,-31354000,-28602000,-3277000,0,44436000,132000,38032000,38032000,38032000,0,0,0.202,63730000,57314000,5592000,0.826,6.326,25.789,25.686,26091000,0,23.631,5.198,5.163,26183000,46888000,188686000,188686000,10787000,0.227,0.257,0.743,0.304,2502000,52943000,1.0,41504982,41226000,41895000,4.577,145576000,4968000,19330000,979000,3.527,94471000
VIVO,MRY,2014-12-31,2014-09-30,2014-09-30,2018-05-10,309000,176929000,177176500,112748000,64181000,1.066,3.882,-5306000,44047000,44047000,71589000,34743000,8.209,0.099,0,0,0,0,0,5562000,0,0.045,0.79,52108000,57670000,0.305,57670000,52108000,52108000,0.84,0.83,0.84,161029000,160137750,161029000,695044446,13,12.052,32956000,0.795,1.0,117243000,0.621,31006000,0,88141000,86530500,35495000,0,0,0,15900000,13735000,2165000,735329446,-1235000,0,1009000,0,-32762000,-31753000,-7002000,0,38262000,-742000,34743000,34743000,34743000,0,0,0.184,64851000,52392000,4966000,0.94,4.566,21.165,21.06,27610000,0,17.69,3.894,3.884,23232000,48869000,188832000,188832000,12552000,0.196,0.217,0.602,0.276,3557000,52299000,1.0,41567521,41455000,41913000,4.555,145923000,5399000,17365000,859000,3.517,99013000
VIVO,MRY,2015-12-31,2015-09-30,2015-09-30,2018-05-10,-2330000,183282000,179587000,119422000,63860000,1.085,3.978,-4613000,50973000,50973000,72948000,35540000,7.83,0.105,0,0,0,0,0,5218000,0,0.047,0.8,55063000,60281000,0.309,60281000,55063000,55063000,0.85,0.85,0.85,165873000,162937000,165873000,666345258,12,11.054,38196000,0.917,1.0,121882000,0.626,28280000,0,88778000,87983750,35817000,0,0,0,17409000,15251000,2158000,713320258,6926000,0,2614000,0,-33357000,-30743000,-3626000,0,42809000,-1514000,35540000,35540000,35540000,0,0,0.182,65822000,56060000,6646000,0.941,4.3,20.071,20.118,27492000,0,17.1,3.661,3.656,26254000,51052000,194830000,194830000,12605000,0.198,0.218,0.626,0.283,3324000,53217000,1.0,41714635,41659000,42012000,4.677,155002000,4954000,19523000,886000,3.718,104171000
VIVO,MRY,2016-12-31,2016-09-30,2016-09-30,2018-05-10,-5516000,252028000,237942500,126791000,125237000,0.824,3.96,-4004000,48226000,48226000,68295000,32229000,5.617,0.514,58360000,3750000,54610000,58360000,0,6627000,0,0.041,0.8,51541000,58168000,0.297,58168000,51541000,50644000,0.77,0.76,0.77,166472000,168436250,166472000,824151156,15,14.168,33219000,0.791,1.0,127787000,0.652,91837000,897000,147754000,134588000,45057000,0,0,0,85556000,22571000,62985000,811853156,-2747000,-62091000,2494000,58360000,-33649000,27205000,-66695000,-600000,37223000,-480000,32229000,32229000,32229000,0,0,0.164,76409000,51378000,7627000,1.039,4.877,25.19,25.052,30450000,0,19.29,4.14,4.133,27102000,49632000,196082000,196082000,13815000,0.135,0.191,0.383,0.263,2911000,60436000,1.0,42086737,42010000,42393000,4.668,160191000,205000,18415000,4440000,3.81,104220000
VIVO,MRY,2017-12-31,2017-09-30,2017-09-30,2018-05-10,-2946000,249777000,249219250,133875000,115902000,0.806,4.019,-4467000,58072000,58072000,75938000,21557000,5.849,0.473,54647000,4500000,50147000,54647000,0,8118000,0,0.04,0.575,38071000,46189000,0.23,46189000,38071000,36429000,0.51,0.51,0.51,169585000,168423500,169585000,603013143,15,13.055,36888000,0.874,1.0,124833000,0.622,81630000,1642000,141835000,143613000,41493000,0,0,0,80192000,22887000,57305000,603503143,9846000,0,303000,-3750000,-24266000,-27713000,-4467000,0,41355000,671000,21557000,21557000,21557000,0,0,0.107,87451000,37382000,7719000,1.127,3.559,27.996,28.039,30510000,0,14.3,3.006,3.005,29106000,46923000,200771000,200771000,15680000,0.086,0.128,0.265,0.19,3381000,64381000,1.0,42203017,42188000,42571000,4.759,168147000,158000,14872000,5703000,3.985,110988000
