ticker,dimension,calendardate,datekey,reportperiod,lastupdated,accoci,assets,assetsavg,assetsc,assetsnc,assetturnover,bvps,capex,cashneq,cashnequsd,cor,consolinc,currentratio,de,debt,debtc,debtnc,debtusd,deferredrev,depamor,deposits,divyield,dps,ebit,ebitda,ebitdamargin,ebitdausd,ebitusd,ebt,eps,epsdil,epsusd,equity,equityavg,equityusd,ev,evebit,evebitda,fcf,fcfps,fxusd,gp,grossmargin,intangibles,intexp,invcap,invcapavg,inventory,investments,investmentsc,investmentsnc,liabilities,liabilitiesc,liabilitiesnc,marketcap,ncf,ncfbus,ncfcommon,ncfdebt,ncfdiv,ncff,ncfi,ncfinv,ncfo,ncfx,netinc,netinccmn,netinccmnusd,netincdis,netincnci,netmargin,opex,opinc,payables,payoutratio,pb,pe,pe1,ppnenet,prefdivis,price,ps,ps1,receivables,retearn,revenue,revenueusd,rnd,roa,roe,roic,ros,sbcomp,sgna,sharefactor,sharesbas,shareswa,shareswadil,sps,tangibles,taxassets,taxexp,taxliabilities,tbvps,workingcapital
VMW,MRY,2011-12-31,2011-12-31,2011-12-31,2018-03-29,1176000,8680808000,7773212250,5677772000,3003036000,0.485,11.25,-304000000,1955756000,1955756000,622000000,724000000,2.364,0.82,450000000,0,450000000,450000000,2708418000,316000000,0,0.0,0.0,798000000,1114000000,0.296,1114000000,798000000,794000000,1.72,1.68,1.72,4770282000,4379273250,4770282000,34021260727,42,30.54,1722000000,4.088,1.0,3145000000,0.835,2166455000,4000000,2607091000,2229181000,0,2556450000,2556450000,0,3910526000,2401506000,1509020000,35121089727,327000000,-326000000,-312000000,0,0,-88000000,-1611000000,-799000000,2026000000,0,724000000,724000000,724000000,0,0,0.192,2363000000,782000000,123546000,0.0,7.362,48.51,48.366,525490000,0,83.19,9.323,9.301,882857000,1552606000,3767000000,3767000000,775000000,0.093,0.165,0.358,0.212,111000000,1635000000,1.0,422179225,421188000,431750000,8.944,6514353000,285326000,70000000,0,15.364,3276266000
VMW,MRY,2012-12-31,2012-12-31,2012-12-31,2018-03-29,6000000,10596000000,9775608750,6120000000,4476000000,0.471,13.486,-234000000,1609000000,1609000000,721000000,746000000,2.089,0.846,450000000,0,450000000,450000000,3461000000,355000000,0,0.0,0.0,898000000,1253000000,0.272,1253000000,898000000,893000000,1.75,1.72,1.75,5740000000,5455283000,5740000000,39239399688,43,31.316,1663000000,3.898,1.0,3884000000,0.843,3580000000,5000000,2927000000,2709290750,0,3022000000,3022000000,0,4856000000,2930000000,1926000000,40269599688,-347000000,-1344000000,-347000000,0,0,-209000000,-2035000000,-458000000,1897000000,0,746000000,746000000,746000000,0,0,0.162,3013000000,871000000,90000000,0.0,7.016,53.981,53.794,665000000,0,94.14,8.745,8.722,1219000000,2298000000,4605000000,4605000000,999000000,0.076,0.137,0.331,0.195,288000000,2013000000,1.0,427762903,426658000,433974000,10.793,7016000000,282000000,147000000,0,16.484,3190000000
VMW,MRY,2013-12-31,2013-12-31,2013-12-31,2018-03-29,4000000,12327000000,11402182500,7681000000,4646000000,0.457,15.84,-345000000,2305000000,2305000000,730000000,1014000000,2.333,0.809,450000000,0,450000000,450000000,4092000000,337000000,0,0.0,0.0,1151000000,1488000000,0.286,1488000000,1151000000,1147000000,2.36,2.34,2.36,6816000000,6353056250,6816000000,36795134667,31,24.728,2190000000,5.104,1.0,4477000000,0.86,3634000000,4000000,3545000000,3174516000,0,3870000000,3870000000,0,5511000000,3293000000,2218000000,38608134667,696000000,-252000000,-437000000,0,0,-367000000,-1472000000,-873000000,2535000000,0,1014000000,1014000000,1014000000,0,0,0.195,3356000000,1121000000,127000000,0.0,5.664,38.075,38.013,845000000,0,89.71,7.415,7.393,1220000000,3312000000,5207000000,5207000000,1082000000,0.089,0.16,0.363,0.221,384000000,2234000000,1.0,430366009,429093000,433415000,12.135,8693000000,250000000,133000000,0,20.202,4388000000
VMW,MRY,2014-12-31,2014-12-31,2014-12-31,2018-03-29,-1000000,15216000000,14398250000,8882000000,6334000000,0.419,17.622,-352000000,2071000000,2071000000,917000000,886000000,2.223,1.006,1500000000,0,1500000000,1500000000,4833000000,345000000,0,0.0,0.0,1072000000,1417000000,0.235,1417000000,1072000000,1048000000,2.06,2.04,2.06,7581000000,7292500000,7581000000,34730588861,32,24.51,1828000000,4.248,1.0,5118000000,0.848,4712000000,24000000,5937000000,5234750000,0,5004000000,5004000000,0,7630000000,3996000000,3634000000,35523588861,-234000000,-1168000000,-698000000,1050000000,0,371000000,-2785000000,-1185000000,2180000000,0,886000000,886000000,886000000,0,0,0.147,4084000000,1034000000,203000000,0.0,4.686,40.094,40.058,1035000000,0,82.52,5.886,5.884,1569000000,4198000000,6035000000,6035000000,1239000000,0.062,0.121,0.205,0.178,493000000,2836000000,1.0,430484596,430355000,434513000,14.023,10504000000,413000000,162000000,0,24.417,4886000000
VMW,MRY,2015-12-31,2015-12-31,2015-12-31,2018-03-29,-8000000,15746000000,15049250000,9360000000,6386000000,0.437,18.783,-333000000,2493000000,2493000000,1018000000,997000000,2.267,0.988,1500000000,0,1500000000,1500000000,5076000000,335000000,0,0.0,0.0,1239000000,1574000000,0.24,1574000000,1239000000,1213000000,2.35,2.34,2.35,7919000000,7558000000,7919000000,23234078828,18,14.761,1566000000,3.693,1.0,5553000000,0.845,4609000000,26000000,6015000000,5920750000,0,5016000000,5016000000,0,7823000000,4129000000,3694000000,23817078828,422000000,-38000000,-1173000000,0,0,-1141000000,-336000000,-44000000,1899000000,0,997000000,997000000,997000000,0,0,0.152,4363000000,1190000000,138000000,0.0,3.008,23.889,24.072,1128000000,0,56.57,3.625,3.65,1707000000,5195000000,6571000000,6571000000,1300000000,0.066,0.132,0.209,0.189,476000000,3033000000,1.0,421019601,424003000,426547000,15.498,11137000000,456000000,216000000,0,26.415,5231000000
VMW,MRY,2016-12-31,2016-12-31,2016-12-31,2018-03-29,,,,,,,,-153000000,,,1053000000,1186000000,,,,,,,,345000000,,0.0,0.0,1499000000,1844000000,0.26,1844000000,1499000000,1473000000,2.82,2.78,2.82,,,,31248582519,20,16.946,2228000000,5.298,1.0,6040000000,0.852,,26000000,,,,,,,,,,32402582519,297000000,-74000000,-1630000000,0,0,-1619000000,-465000000,-240000000,2381000000,0,1186000000,1186000000,1186000000,0,0,0.167,4618000000,1422000000,,0.0,,27.321,27.918,,0,78.73,4.568,4.668,,,7093000000,7093000000,1503000000,,,,0.211,621000000,3046000000,1.0,411565890,420520000,423994000,16.867,,,287000000,,,
VMW,MRY,2017-12-31,2018-02-02,2018-02-02,2018-03-29,-15000000,20622000000,18408000000,13734000000,6888000000,0.43,19.277,-263000000,5971000000,5971000000,1141000000,570000000,2.729,1.652,4234000000,0,4234000000,4234000000,6250000000,336000000,0,0.0,0.0,1875000000,2211000000,0.279,2211000000,1875000000,1801000000,1.4,1.38,1.4,7776000000,8179250000,7776000000,47693103214,25,21.571,2948000000,7.248,1.0,6781000000,0.856,5145000000,74000000,8707000000,6686000000,0,5682000000,5682000000,0,12846000000,5033000000,7813000000,49473103214,2751000000,-724000000,-1678000000,2736000000,0,1058000000,-1518000000,-538000000,3211000000,0,570000000,570000000,570000000,0,0,0.072,5026000000,1755000000,15000000,0.0,6.362,86.795,87.657,1074000000,0,122.72,6.245,6.301,1844000000,6943000000,7922000000,7922000000,1755000000,0.031,0.07,0.28,0.237,683000000,3247000000,1.0,403138064,406738000,413368000,19.477,15477000000,346000000,1231000000,954000000,38.368,8701000000
