ticker,dimension,calendardate,datekey,reportperiod,lastupdated,accoci,assets,assetsavg,assetsc,assetsnc,assetturnover,bvps,capex,cashneq,cashnequsd,cor,consolinc,currentratio,de,debt,debtc,debtnc,debtusd,deferredrev,depamor,deposits,divyield,dps,ebit,ebitda,ebitdamargin,ebitdausd,ebitusd,ebt,eps,epsdil,epsusd,equity,equityavg,equityusd,ev,evebit,evebitda,fcf,fcfps,fxusd,gp,grossmargin,intangibles,intexp,invcap,invcapavg,inventory,investments,investmentsc,investmentsnc,liabilities,liabilitiesc,liabilitiesnc,marketcap,ncf,ncfbus,ncfcommon,ncfdebt,ncfdiv,ncff,ncfi,ncfinv,ncfo,ncfx,netinc,netinccmn,netinccmnusd,netincdis,netincnci,netmargin,opex,opinc,payables,payoutratio,pb,pe,pe1,ppnenet,prefdivis,price,ps,ps1,receivables,retearn,revenue,revenueusd,rnd,roa,roe,roic,ros,sbcomp,sgna,sharefactor,sharesbas,shareswa,shareswadil,sps,tangibles,taxassets,taxexp,taxliabilities,tbvps,workingcapital
VRA,MRY,2011-12-31,2012-01-28,2012-01-28,2018-04-03,97000,219513000,218853000,166339000,53174000,2.106,3.061,-18836000,4922000,4922000,203220000,57921000,2.767,0.77,25184000,89000,25095000,25184000,0,9457000,0,0.0,0.0,96171000,105628000,0.229,105628000,96171000,95024000,1.43,1.43,1.43,124007000,98323500,124007000,1447907981,15,13.708,32680000,0.807,1.0,257623000,0.559,0,1147000,179670000,215210750,106967000,0,0,0,95506000,60105000,35401000,1390593981,-9031000,0,0,-41833000,0,-41757000,-18836000,0,51516000,46000,57921000,57921000,57921000,0,0,0.126,169427000,88196000,27276000,0.0,11.214,24.008,24.007,52312000,0,34.33,3.018,3.018,38097000,50320000,460843000,460843000,0,0.265,0.589,0.447,0.209,1591000,169427000,1.0,40506670,40507000,40542000,11.377,219513000,8010000,37103000,5910000,5.419,106234000
VRA,MRY,2012-12-31,2013-02-02,2013-02-02,2018-04-03,-610000,277319000,260963000,198340000,78979000,2.053,4.789,-35893000,9603000,9603000,231135000,68870000,3.764,0.428,15095000,58000,15037000,15095000,0,10834000,0,0.0,0.0,110146000,120980000,0.226,120980000,110146000,109467000,1.7,1.7,1.7,194255000,162820250,194255000,1077401257,9,8.906,15599000,0.385,1.0,304532000,0.569,0,679000,230112000,210638000,131562000,0,0,0,83064000,52699000,30365000,1046502257,4681000,0,0,-10089000,0,-10827000,-35893000,0,51492000,-91000,68870000,68870000,68870000,3524000,0,0.129,197139000,107393000,14853000,0.0,5.387,15.195,15.176,77211000,0,25.8,1.954,1.952,34811000,119190000,535667000,535667000,0,0.264,0.423,0.523,0.206,2763000,197139000,1.0,40562103,40536000,40571000,13.215,277319000,11348000,40597000,13172000,6.837,145641000
VRA,MRY,2013-12-31,2014-02-01,2014-02-01,2018-04-03,-1008000,334383000,304649000,248358000,86025000,1.743,6.283,-22862000,59215000,59215000,238684000,58812000,4.528,0.311,0,0,0,0,0,15104000,0,0.0,0.0,94440000,109544000,0.206,109544000,94440000,93869000,1.45,1.45,1.45,255147000,228483750,255147000,961661678,10,8.779,65002000,1.601,1.0,292212000,0.55,0,571000,220321000,227596500,136923000,0,0,0,79236000,54847000,24389000,975373678,49612000,0,0,-15000000,0,-15313000,-22862000,0,87864000,-77000,58812000,58812000,58812000,1317000,0,0.111,201231000,90981000,27745000,0.0,3.823,16.585,16.566,84940000,0,24.02,1.837,1.837,29174000,178002000,530896000,530896000,0,0.193,0.257,0.415,0.178,2950000,201231000,1.0,40606731,40599000,40648000,13.077,334383000,13094000,35057000,6268000,8.234,193511000
VRA,MRY,2014-12-31,2015-01-31,2015-01-31,2018-04-03,-15000,377284000,356080750,267697000,109587000,1.429,7.062,-37128000,112292000,112292000,239981000,38449000,4.246,0.326,0,0,0,0,0,14802000,0,0.0,0.0,61684000,76486000,0.15,76486000,61684000,61277000,0.95,0.95,0.95,284471000,273328000,284471000,678351402,10,8.869,66684000,1.644,1.0,269009000,0.529,0,407000,201943000,205639250,98403000,0,0,0,92813000,63049000,29764000,768685402,53077000,0,-12841000,0,0,-13604000,-37128000,0,103812000,-3000,38449000,38449000,38449000,2386000,0,0.076,208675000,60334000,32906000,0.0,2.702,19.992,20.074,109003000,0,19.07,1.51,1.52,31374000,216451000,508990000,508990000,0,0.108,0.141,0.3,0.121,3513000,208675000,1.0,40308621,40568000,40632000,12.547,377284000,16528000,22828000,5297000,9.366,204648000
VRA,MRY,2015-12-31,2016-01-30,2016-01-30,2018-04-03,-43000,380679000,367018500,253642000,127037000,1.369,7.522,-26322000,97681000,97681000,221409000,27558000,3.811,0.335,0,0,0,0,0,19418000,0,0.0,0.0,46722000,66140000,0.132,66140000,46722000,46459000,0.71,0.71,0.71,285255000,274860500,285255000,499538127,10,7.553,16948000,0.437,1.0,281189000,0.559,0,263000,216446000,225076000,113590000,0,0,0,95424000,66552000,28872000,561334127,-14611000,0,-30870000,0,0,-31531000,-26322000,0,43270000,-28000,27558000,27558000,27558000,0,0,0.055,236836000,44353000,24606000,0.0,1.968,20.369,20.817,113711000,0,14.78,1.117,1.141,31294000,244009000,502598000,502598000,0,0.075,0.1,0.208,0.093,5027000,236836000,1.0,37979305,38795000,38861000,12.955,380679000,12148000,18901000,10085000,10.038,187090000
VRA,MRY,2016-12-31,2017-01-28,2017-01-28,2018-04-03,-50000,373509000,362696750,255577000,117932000,1.34,7.836,-20770000,86375000,86375000,209891000,19758000,4.089,0.316,0,0,0,0,0,19516000,0,0.0,0.0,28220000,47736000,0.098,47736000,28220000,28042000,0.54,0.53,0.54,283786000,281317250,283786000,367184493,13,7.692,44416000,1.206,1.0,276046000,0.568,0,178000,224627000,248259000,102283000,30152000,30152000,0,89723000,62507000,27216000,420048493,-11306000,0,-24959000,0,0,-25715000,-50770000,-30000000,65186000,-7000,19758000,19758000,19758000,0,0,0.041,249155000,26891000,32619000,0.0,1.48,21.26,21.481,101577000,0,11.6,0.864,0.879,23313000,263767000,485937000,485937000,0,0.054,0.07,0.114,0.058,4032000,249155000,1.0,36211077,36838000,36970000,13.191,373509000,16756000,8284000,508000,10.313,193070000
VRA,MRY,2017-12-31,2018-02-03,2018-02-03,2018-04-03,-114000,350669000,355194250,242023000,108646000,1.28,8.046,-11790000,68751000,68751000,200639000,7016000,6.009,0.229,0,0,0,0,0,19570000,0,0.0,0.0,14981000,34551000,0.076,34551000,14981000,15394000,0.2,0.19,0.2,285283000,280649500,285283000,259781908,17,7.519,30852000,0.859,1.0,254009000,0.559,0,-413000,241644000,236774250,87838000,69665000,54150000,15515000,65386000,40274000,25112000,331053908,-17624000,0,-7908000,-123000,0,-8649000,-51604000,-39814000,42642000,-13000,7016000,7016000,7016000,0,0,0.015,239810000,14199000,13503000,0.0,1.16,47.186,46.65,86463000,0,9.33,0.728,0.737,15566000,270783000,454648000,454648000,0,0.02,0.025,0.063,0.033,3071000,239810000,1.0,35482734,35925000,36026000,12.655,350669000,9776000,8378000,812000,9.89,201749000
