ticker,dimension,calendardate,datekey,reportperiod,lastupdated,accoci,assets,assetsavg,assetsc,assetsnc,assetturnover,bvps,capex,cashneq,cashnequsd,cor,consolinc,currentratio,de,debt,debtc,debtnc,debtusd,deferredrev,depamor,deposits,divyield,dps,ebit,ebitda,ebitdamargin,ebitdausd,ebitusd,ebt,eps,epsdil,epsusd,equity,equityavg,equityusd,ev,evebit,evebitda,fcf,fcfps,fxusd,gp,grossmargin,intangibles,intexp,invcap,invcapavg,inventory,investments,investmentsc,investmentsnc,liabilities,liabilitiesc,liabilitiesnc,marketcap,ncf,ncfbus,ncfcommon,ncfdebt,ncfdiv,ncff,ncfi,ncfinv,ncfo,ncfx,netinc,netinccmn,netinccmnusd,netincdis,netincnci,netmargin,opex,opinc,payables,payoutratio,pb,pe,pe1,ppnenet,prefdivis,price,ps,ps1,receivables,retearn,revenue,revenueusd,rnd,roa,roe,roic,ros,sbcomp,sgna,sharefactor,sharesbas,shareswa,shareswadil,sps,tangibles,taxassets,taxexp,taxliabilities,tbvps,workingcapital
VRTU,MRY,2011-12-31,2011-03-31,2011-03-31,2018-02-08,-1833000,246177000,230024750,159031000,87146000,0.948,8.718,-9617000,50381000,50381000,134496000,16200000,4.446,0.187,0,0,0,0,0,8398000,0,0.0,0.0,18227000,26625000,0.122,26625000,18227000,18227000,0.68,0.66,0.68,207336000,194740000,207336000,415134908,22,15.592,10149000,0.427,1.0,83483000,0.383,28712000,0,131317000,122977250,0,61532000,45713000,15819000,38841000,35767000,3074000,459473908,6367000,-3219000,4649000,-1116000,0,4291000,-18345000,-9213000,19766000,655000,16200000,16200000,16200000,0,0,0.074,65697000,17786000,7692000,0.0,2.216,28.363,27.544,29183000,0,18.73,2.108,2.044,49335000,58814000,217979000,217979000,0,0.07,0.083,0.148,0.084,3163000,65697000,1.0,24531442,23783457,24714808,9.165,217465000,8835000,2027000,1652000,9.144,123264000
VRTU,MRY,2012-12-31,2012-03-31,2012-03-31,2018-02-08,-18343000,274794000,258679000,172471000,102323000,1.074,8.853,-13443000,60933000,60933000,177434000,20035000,3.226,0.26,0,0,0,0,0,8305000,0,0.0,0.0,26446000,34751000,0.125,34751000,26446000,26446000,0.81,0.79,0.81,218174000,211807500,218174000,391174084,14,11.256,7474000,0.303,1.0,100337000,0.361,53720000,0,106683000,109096250,0,27324000,23055000,4269000,56620000,53458000,3162000,442933084,7887000,-25055000,1962000,-932000,0,832000,-9293000,31850000,20917000,-4569000,20035000,20035000,20035000,0,0,0.072,76438000,23899000,8649000,0.0,2.03,22.108,21.321,32843000,0,17.27,1.595,1.532,66423000,78849000,277771000,277771000,0,0.077,0.095,0.242,0.095,3680000,76438000,1.0,25647544,24643063,25383650,11.272,221074000,16818000,6411000,4954000,8.971,119013000
VRTU,MRY,2013-12-31,2013-03-31,2013-03-31,2018-02-08,-18714000,303919000,284775250,194884000,109035000,1.17,10.114,-12470000,57549000,57549000,215866000,28398000,3.958,0.205,0,0,0,0,0,9040000,0,0.0,0.0,35859000,44899000,0.135,44899000,35859000,35859000,1.14,1.11,1.14,252207000,233460500,252207000,554910136,15,12.359,10283000,0.412,1.0,117309000,0.352,51164000,0,145972000,129414000,0,37771000,29452000,8319000,51712000,49234000,2478000,617923136,-906000,-2775000,761000,-1026000,0,494000,-23705000,-11004000,22753000,-448000,28398000,28398000,28398000,0,0,0.085,84450000,32859000,9231000,0.0,2.45,21.759,20.842,36775000,0,23.76,1.855,1.778,84314000,107247000,333175000,333175000,0,0.1,0.122,0.277,0.108,5117000,84450000,1.0,26006866,24937162,25638839,13.361,252755000,16949000,7461000,4509000,10.136,145650000
VRTU,MRY,2014-12-31,2014-03-31,2014-03-31,2018-02-08,-27714000,449425000,353278250,260089000,189336000,1.124,14.323,-7402000,85423000,85423000,250533000,34375000,3.895,0.201,0,0,0,0,0,11502000,0,0.0,0.0,45924000,57426000,0.145,57426000,45924000,45924000,1.32,1.27,1.32,374070000,285543000,374070000,903317581,19,15.73,41517000,1.59,1.0,146400000,0.369,82109000,0,215123000,164227500,0,117903000,55888000,62015000,75355000,66770000,8585000,977413581,25562000,-21460000,88802000,-260000,0,91740000,-113044000,-81862000,48919000,-2053000,34375000,34375000,34375000,0,0,0.087,103988000,42412000,11002000,0.0,2.613,28.434,25.386,35346000,0,33.51,2.462,2.205,91210000,141622000,396933000,396933000,0,0.097,0.12,0.28,0.116,4968000,103988000,1.0,29167818,26116516,26973001,15.199,367316000,11261000,11549000,4038000,14.065,193319000
VRTU,MRY,2015-12-31,2015-03-31,2015-03-31,2018-02-08,-34128000,489737000,470884250,347238000,142499000,1.017,14.738,-14569000,124847000,124847000,304422000,42446000,5.673,0.156,0,0,0,0,1337000,13552000,0,0.0,0.0,52136000,65688000,0.137,65688000,52136000,57400000,1.48,1.44,1.48,423775000,403068750,423775000,1124866677,21,17.124,34348000,1.195,1.0,174564000,0.364,72269000,-5264000,231417000,233685500,0,111146000,90414000,20732000,65962000,61204000,4758000,1224936677,42041000,-2660000,2740000,-120000,0,5225000,-10077000,4513000,48917000,-2024000,42446000,42446000,42446000,0,0,0.089,121996000,52568000,8693000,0.0,2.891,28.859,27.959,37988000,0,41.38,2.557,2.484,103345000,184068000,478986000,478986000,0,0.09,0.105,0.223,0.109,6406000,121996000,1.0,29602143,28753102,29555624,16.659,417468000,12403000,14954000,3830000,14.519,286034000
VRTU,MRY,2016-12-31,2016-03-31,2016-03-31,2018-02-08,-42139000,980012000,635838750,528779000,451233000,0.944,15.934,-13401000,242907000,242907000,389310000,45020000,3.743,0.741,194514000,8881000,185633000,194514000,5971000,16479000,0,0.0,0.0,52674000,69153000,0.115,69153000,52674000,57451000,1.53,1.49,1.53,475013000,449733500,475013000,973382394,18,14.076,32490000,1.09,1.0,210992000,0.351,267270000,-4777000,523085000,300377750,0,85603000,53917000,31686000,352057000,141264000,210793000,1116746394,24184000,-164642000,1385000,194272000,0,197366000,-217936000,51393000,45891000,-1137000,44802000,44802000,44802000,0,218000,0.075,165672000,45320000,27452000,0.0,2.351,24.926,24.484,116282000,0,37.46,1.86,1.86,196593000,228870000,600302000,600302000,0,0.07,0.1,0.175,0.088,13404000,165672000,1.0,29811703,29811703,,20.136,712742000,15890000,12649000,18421000,23.908,387515000
VRTU,MRY,2017-12-31,2017-03-31,2017-03-31,2018-02-08,-39749000,923420000,882970000,480242000,443178000,0.973,16.591,-12710000,145082000,145082000,620950000,16257000,3.819,0.681,185592000,8870000,176722000,185592000,7479000,25852000,0,0.0,0.0,17986000,43838000,0.051,43838000,17986000,14419000,0.4,0.39,0.4,497032000,479491250,497032000,959027314,53,21.877,9521000,0.318,1.0,237781000,0.277,269450000,3567000,568718000,546518750,0,93793000,72028000,21765000,338404000,125762000,212642000,905316314,-4078000,-3460000,1479000,-10140000,0,-91005000,67015000,-9519000,22231000,-2319000,11858000,11858000,11858000,0,4399000,0.014,219410000,18371000,20514000,0.0,1.821,76.346,75.55,118890000,0,30.22,1.054,1.054,201575000,240728000,858731000,858731000,0,0.013,0.025,0.033,0.021,22842000,219410000,1.0,29957522,29957522,,28.665,653970000,23093000,2561000,29748000,21.83,354480000
