ticker,dimension,calendardate,datekey,reportperiod,lastupdated,accoci,assets,assetsavg,assetsc,assetsnc,assetturnover,bvps,capex,cashneq,cashnequsd,cor,consolinc,currentratio,de,debt,debtc,debtnc,debtusd,deferredrev,depamor,deposits,divyield,dps,ebit,ebitda,ebitdamargin,ebitdausd,ebitusd,ebt,eps,epsdil,epsusd,equity,equityavg,equityusd,ev,evebit,evebitda,fcf,fcfps,fxusd,gp,grossmargin,intangibles,intexp,invcap,invcapavg,inventory,investments,investmentsc,investmentsnc,liabilities,liabilitiesc,liabilitiesnc,marketcap,ncf,ncfbus,ncfcommon,ncfdebt,ncfdiv,ncff,ncfi,ncfinv,ncfo,ncfx,netinc,netinccmn,netinccmnusd,netincdis,netincnci,netmargin,opex,opinc,payables,payoutratio,pb,pe,pe1,ppnenet,prefdivis,price,ps,ps1,receivables,retearn,revenue,revenueusd,rnd,roa,roe,roic,ros,sbcomp,sgna,sharefactor,sharesbas,shareswa,shareswadil,sps,tangibles,taxassets,taxexp,taxliabilities,tbvps,workingcapital
VTR,MRY,2011-12-31,2011-12-31,2011-12-31,2018-04-28,22062000,17271910000,12451452750,,,0.139,40.599,-609051000,122397000,122397000,672164000,363261000,,0.842,6429116000,,,6429116000,0,459704000,0,0.042,2.3,557637000,1017341000,0.587,1017341000,557637000,333833000,1.6,1.58,1.6,9274957000,6270210250,9274957000,22043978206,39,21.668,164146000,0.719,1.0,1059540000,0.612,0,223804000,23578629000,17423398250,0,0,,,7813129000,,,15873102206,24040000,0,299847000,472090000,-521046000,248282000,-997439000,-388223000,773197000,-45000,364493000,364493000,364493000,-2185000,-1232000,0.21,477664000,581876000,1085597000,1.438,1.711,43.548,34.456,16231612000,0,55.13,9.166,7.273,0,-412181000,1731704000,1731704000,0,0.029,0.058,0.032,0.322,19346000,74537000,1.0,287921317,228453000,230790000,7.58,17271910000,0,-30660000,260722000,75.604,
VTR,MRY,2012-12-31,2012-12-31,2012-12-31,2018-04-28,23354000,18980000000,18208029750,,,0.136,30.602,-1515502000,173821000,173821000,976305000,361775000,,1.077,8413646000,,,8413646000,0,764775000,0,0.038,2.48,645235000,1410010000,0.571,1410010000,645235000,356518000,1.24,1.23,1.24,9019128000,9245534500,9019128000,26487640390,41,18.785,-522686000,-1.79,1.0,1493310000,0.605,0,288717000,27219825000,25432760250,0,0,,,9716082000,,,19128304390,22041000,0,342469000,1578550000,-728546000,1198914000,-2169689000,-652192000,992816000,60000,362800000,362800000,362800000,-53986000,-1025000,0.147,883600000,609710000,995156000,2.0,2.121,52.724,52.194,17841943000,0,64.72,7.745,7.654,0,-777927000,2469615000,2469615000,0,0.02,0.039,0.025,0.261,20784000,98510000,1.0,295554765,292064000,294488000,8.456,18980000000,0,-6282000,259715000,64.399,
VTR,MRY,2013-12-31,2013-12-31,2013-12-31,2018-04-28,19659000,19731494000,19278588750,,,0.131,30.046,-1559308000,179473000,179473000,1118240000,454669000,,1.209,9364992000,,,9364992000,0,769881000,0,0.048,2.735,690690000,1460571000,0.58,1460571000,690690000,441681000,1.55,1.54,1.55,8824281000,8887575750,8824281000,26105399150,37,17.873,-364553000,-1.246,1.0,1398377000,0.556,0,249009000,28917013000,27990618250,0,0,,,10671023000,,,16844953150,26991000,0,141343000,779748000,-802123000,114996000,-1282760000,290879000,1194755000,-83000,453509000,453509000,453509000,-79171000,1160000,0.18,783989000,614388000,1001515000,1.765,1.909,37.144,36.955,18543471000,0,57.28,6.693,6.661,0,-1126541000,2516617000,2516617000,0,0.024,0.051,0.025,0.274,20653000,115083000,1.0,294080886,292654000,295110000,8.599,19731494000,0,-11828000,250167000,67.184,
VTR,MRY,2014-12-31,2014-12-31,2014-12-31,2018-04-28,13121000,21165913000,20327658000,,,0.137,29.444,-1539892000,127119000,127119000,1212480000,477001000,,1.41,10844351000,,,10844351000,0,828467000,0,0.041,2.965,759100000,1587567000,0.572,1587567000,759100000,467035000,1.62,1.6,1.62,8680184000,8653939250,8680184000,31428392415,41,19.797,-285047000,-0.969,1.0,1564333000,0.563,363971000,292065000,31519174000,30193774500,0,0,,,12239500000,,,21102627415,-42138000,0,242107000,1382295000,-875614000,758057000,-2055040000,-506033000,1254845000,2670000,475767000,475767000,475767000,-99735000,1234000,0.171,916001000,648332000,750657000,1.83,2.431,44.355,44.259,17667743000,0,71.7,7.6,7.596,0,-1526388000,2776813000,2776813000,0,0.023,0.055,0.025,0.273,20994000,121738000,1.0,294318374,294175000,296677000,9.439,20801942000,0,-8732000,344337000,70.562,
VTR,MRY,2015-12-31,2015-12-31,2015-12-31,2018-04-28,-7565000,22261918000,23347732000,,,0.141,28.728,-2381538000,130919000,130919000,1410205000,419222000,,1.301,11206996000,,,11206996000,0,973663000,0,0.205,11.553,745673000,1719336000,0.523,1719336000,745673000,378559000,1.26,1.25,1.26,9564327000,10310283750,9564327000,29919055993,40,17.402,-982707000,-2.975,1.0,1876193000,0.571,1047497000,367114000,32290498000,34002330500,0,0,,,12439962000,,,18790217993,-1803000,-56986000,491023000,1729029000,-1003413000,1023058000,-2423692000,14832000,1398831000,-522000,417843000,417843000,417843000,-11103000,1379000,0.127,1142993000,733200000,779380000,9.169,1.965,44.97,44.786,20578039000,0,56.43,5.718,5.672,0,-2111958000,3286398000,3286398000,0,0.018,0.041,0.022,0.227,19537000,128035000,1.0,332982775,330311000,334007000,9.949,21214421000,0,-39284000,338382000,63.722,
VTR,MRY,2016-12-31,2016-12-31,2016-12-31,2018-04-28,-57534000,23166600000,22736907000,,,0.151,29.55,-1389654000,367354000,367354000,1442073000,651490000,,1.189,11127326000,,,11127326000,0,898924000,0,0.047,2.965,1037628000,1936552000,0.562,1936552000,1037628000,617888000,1.88,1.86,1.88,10460240000,10063172250,10460240000,33212461880,32,17.15,-17313000,-0.05,1.0,2001449000,0.581,1033225000,419740000,32893347000,32628466750,0,0,,,12437119000,,,22138934880,234536000,-6436000,1286680000,-171087000,-1024968000,96838000,-1234643000,161447000,1372341000,-852000,649231000,649231000,649231000,922000,2259000,0.189,1060422000,941027000,907928000,1.577,2.116,34.1,33.255,21192696000,0,62.52,6.429,6.258,0,-2487695000,3443522000,3443522000,0,0.029,0.065,0.032,0.301,20958000,126875000,1.0,354109643,344703000,348390000,9.99,22133375000,0,-31343000,316641000,62.527,
VTR,MRY,2017-12-31,2017-12-31,2017-12-31,2018-04-28,-35120000,23954541000,23867356250,,,0.15,30.525,-274444000,188253000,188253000,1486463000,1361112000,,1.184,11276062000,,,11276062000,0,887948000,0,0.052,3.115,1744867000,2632815000,0.737,2632815000,1744867000,1296671000,3.82,3.78,3.82,10866226000,10596557500,10866226000,32635952578,18,12.396,1167736000,3.286,1.0,2087686000,0.584,1034644000,448196000,34007706000,34294922500,0,0,,,12863866000,,,21373392578,-205664000,-55051000,73596000,100051000,-827285000,-671327000,-976517000,-647022000,1442180000,312000,1356470000,1356470000,1356470000,110000,4642000,0.38,1054025000,1033661000,1183489000,0.815,1.967,15.757,15.709,22092452000,0,60.01,5.98,5.966,0,-2240698000,3574149000,3574149000,0,0.057,0.128,0.051,0.488,26543000,135490000,1.0,356163849,355326000,358566000,10.059,22919897000,0,-59799000,250092000,64.386,
