ticker,dimension,calendardate,datekey,reportperiod,lastupdated,accoci,assets,assetsavg,assetsc,assetsnc,assetturnover,bvps,capex,cashneq,cashnequsd,cor,consolinc,currentratio,de,debt,debtc,debtnc,debtusd,deferredrev,depamor,deposits,divyield,dps,ebit,ebitda,ebitdamargin,ebitdausd,ebitusd,ebt,eps,epsdil,epsusd,equity,equityavg,equityusd,ev,evebit,evebitda,fcf,fcfps,fxusd,gp,grossmargin,intangibles,intexp,invcap,invcapavg,inventory,investments,investmentsc,investmentsnc,liabilities,liabilitiesc,liabilitiesnc,marketcap,ncf,ncfbus,ncfcommon,ncfdebt,ncfdiv,ncff,ncfi,ncfinv,ncfo,ncfx,netinc,netinccmn,netinccmnusd,netincdis,netincnci,netmargin,opex,opinc,payables,payoutratio,pb,pe,pe1,ppnenet,prefdivis,price,ps,ps1,receivables,retearn,revenue,revenueusd,rnd,roa,roe,roic,ros,sbcomp,sgna,sharefactor,sharesbas,shareswa,shareswadil,sps,tangibles,taxassets,taxexp,taxliabilities,tbvps,workingcapital
WAFD,MRY,2011-12-31,2011-09-30,2011-09-30,2018-05-02,85789000,13440749000,13395071500,,,0.026,17.388,-10539000,816002000,816002000,0,111141000,,6.05,2801614000,,,2801614000,0,32828000,8665903000,0.018,0.23,173659000,206487000,0.59,206487000,173659000,173659000,1.0,1.0,1.0,1906533000,1860774000,1906533000,3462708021,19,16.77,251158000,2.255,1.0,349768000,1.0,256271000,0,15170090000,15072875000,0,11771995000,,,11534216000,,,1405040021,-72620000,0,-57994000,100044000,-25697000,-170284000,-164033000,-182877000,261697000,0,111141000,111141000,111141000,0,0,0.318,176109000,173659000,0,0.23,0.737,12.642,12.74,326422000,0,12.74,4.017,4.057,0,376712000,349768000,349768000,0,0.008,0.06,0.012,0.496,1087000,86514000,1.0,110285716,111383877,111460106,3.14,13184478000,0,62518000,1535000,120.244,
WAFD,MRY,2012-12-31,2012-09-30,2012-09-30,2018-05-02,13306000,12472944000,13288029250,,,0.028,17.837,-32010000,751430000,751430000,0,138183000,,5.566,1920041000,,,1920041000,0,34502000,8576618000,0.018,0.3,215911000,250413000,0.679,250413000,215911000,215911000,1.29,1.29,1.29,1899752000,1912869250,1899752000,3591887021,16,14.344,142946000,1.335,1.0,368584000,1.0,256076000,0,13385479000,14719230000,0,10863406000,,,10573192000,,,1774194021,-64572000,50576000,-41557000,-994813000,-32430000,-1293868000,1054340000,1002195000,174956000,0,138183000,138183000,138183000,0,0,0.375,152673000,215911000,0,0.233,0.934,12.839,12.915,259645000,0,16.66,4.814,4.841,0,480780000,368584000,368584000,0,0.01,0.072,0.015,0.586,848000,107261000,1.0,106494239,107108703,107149240,3.441,12216868000,22513000,77728000,0,114.704,
WAFD,MRY,2013-12-31,2013-09-30,2013-09-30,2018-05-02,6378000,13082859000,13079504250,,,0.031,18.742,-29246000,203563000,203563000,0,151505000,,5.752,1972443000,,,1972443000,0,15774000,9090271000,0.016,0.34,234616000,250390000,0.625,250390000,234616000,234616000,1.45,1.45,1.45,1937635000,1927388750,1937635000,3449229113,14,13.775,152176000,1.454,1.0,400715000,1.0,264318000,0,14587421000,14189710000,0,12012600000,,,11145224000,,,2140432113,-547867000,202308000,-105977000,29932000,-37835000,-337395000,-391894000,-585799000,181422000,0,151505000,151505000,151505000,0,0,0.378,166099000,234616000,0,0.234,1.105,14.128,14.262,279097000,0,20.68,5.342,5.403,0,594450000,400715000,400715000,0,0.012,0.079,0.017,0.585,473000,125411000,1.0,103502520,104684812,104837470,3.828,12818541000,44000000,83111000,0,123.992,
WAFD,MRY,2014-12-31,2014-09-30,2014-09-30,2018-05-02,20708000,14756041000,14578742000,,,0.031,19.875,-51794000,781843000,781843000,0,157364000,,6.478,1959004000,,,1959004000,0,17347000,10716928000,0.02,0.41,244928000,262275000,0.581,262275000,244928000,244928000,1.56,1.55,1.56,1973283000,1974396250,1973283000,3123286492,12,11.908,121921000,1.205,1.0,451680000,1.0,302909000,0,15630293000,15425667500,0,13081344000,,,12782758000,,,2026077492,578280000,1776660000,-94039000,-13439000,-42065000,-376457000,781022000,-814849000,173715000,0,157364000,157364000,157364000,0,0,0.348,206752000,244928000,0,0.263,1.027,12.875,13.051,341505000,0,20.36,4.486,4.56,0,706149000,451680000,451680000,0,0.011,0.08,0.016,0.542,324000,154485000,1.0,99512647,101154030,101590351,4.465,14453132000,16515000,87564000,0,145.572,
WAFD,MRY,2015-12-31,2015-09-30,2015-09-30,2018-05-02,353000,14568324000,14511148750,,,0.032,20.9,-40042000,284049000,284049000,0,160316000,,6.449,1880224000,,,1880224000,0,17888000,10631703000,0.024,0.537,249519000,267407000,0.575,267407000,249519000,249519000,1.68,1.67,1.68,1955679000,1966069750,1955679000,3549199867,14,13.273,102829000,1.075,1.0,465066000,1.0,299358000,0,15865141000,15582274250,0,13301611000,,,12612645000,,,2138093867,-497794000,0,-124658000,-89334000,-51111000,-350176000,-290489000,54594000,142871000,0,160316000,160316000,160316000,0,0,0.345,215547000,249519000,0,0.32,1.093,13.337,13.542,337345000,0,22.75,4.597,4.679,0,829754000,465066000,465066000,0,0.011,0.082,0.016,0.537,3561000,169871000,1.0,93982148,95644639,96053959,4.862,14268966000,14513000,89203000,0,152.493,
WAFD,MRY,2016-12-31,2016-09-30,2016-09-30,2018-05-02,-11156000,14888063000,14766346250,,,0.032,21.979,-27086000,450368000,450368000,0,164049000,,6.535,2122898000,,,2122898000,0,19509000,10600852000,0.021,0.55,248134000,267643000,0.565,267643000,248134000,248134000,1.79,1.78,1.79,1975731000,1967654000,1975731000,3997411832,16,14.936,194635000,2.13,1.0,473535000,1.0,296989000,0,16263604000,16125319500,0,13368618000,,,12912332000,,,2414257832,166319000,0,-78567000,242674000,-49926000,75662000,-131064000,40310000,221721000,0,164049000,164049000,164049000,0,0,0.346,225401000,248134000,0,0.307,1.222,14.717,14.905,310978000,0,26.68,5.098,5.15,0,943877000,473535000,473535000,0,0.011,0.083,0.015,0.524,3569000,177434000,1.0,90489424,91399038,91912918,5.181,14591074000,16047000,84085000,0,162.319,
WAFD,MRY,2017-12-31,2017-09-30,2017-09-30,2018-05-02,5015000,15253580000,15042977000,,,0.032,22.862,-10252000,313070000,313070000,0,173532000,,6.605,2281631000,,,2281631000,0,41680000,10835008000,0.025,0.84,256216000,297896000,0.613,297896000,256216000,256216000,1.95,1.94,1.95,2005688000,2010309250,2005688000,4924982890,19,16.533,169448000,1.906,1.0,486241000,1.0,298682000,0,16923459000,16633397500,0,13918677000,,,13247892000,,,2975533890,-137298000,-3370000,-91136000,158733000,-74519000,227538000,-544536000,-484402000,179700000,0,173532000,173532000,173532000,0,0,0.357,230025000,256216000,0,0.431,1.484,17.147,17.256,284352000,0,33.65,6.119,6.153,0,1042890000,486241000,486241000,0,0.012,0.086,0.015,0.527,5909000,176376000,1.0,88425970,88905457,89224207,5.469,14954898000,0,82684000,0,170.466,
