ticker,dimension,calendardate,datekey,reportperiod,lastupdated,accoci,assets,assetsavg,assetsc,assetsnc,assetturnover,bvps,capex,cashneq,cashnequsd,cor,consolinc,currentratio,de,debt,debtc,debtnc,debtusd,deferredrev,depamor,deposits,divyield,dps,ebit,ebitda,ebitdamargin,ebitdausd,ebitusd,ebt,eps,epsdil,epsusd,equity,equityavg,equityusd,ev,evebit,evebitda,fcf,fcfps,fxusd,gp,grossmargin,intangibles,intexp,invcap,invcapavg,inventory,investments,investmentsc,investmentsnc,liabilities,liabilitiesc,liabilitiesnc,marketcap,ncf,ncfbus,ncfcommon,ncfdebt,ncfdiv,ncff,ncfi,ncfinv,ncfo,ncfx,netinc,netinccmn,netinccmnusd,netincdis,netincnci,netmargin,opex,opinc,payables,payoutratio,pb,pe,pe1,ppnenet,prefdivis,price,ps,ps1,receivables,retearn,revenue,revenueusd,rnd,roa,roe,roic,ros,sbcomp,sgna,sharefactor,sharesbas,shareswa,shareswadil,sps,tangibles,taxassets,taxexp,taxliabilities,tbvps,workingcapital
WGL,MRY,2011-12-31,2011-09-30,2011-09-30,2018-05-04,0,3809034000,3875917000,724733000,3084301000,0.71,23.435,-201540000,4332000,4332000,2269980000,118370000,1.257,2.167,703738000,116525000,587213000,703738000,78139000,91325000,0,0.049,1.927,392487000,483812000,0.176,483812000,392487000,351941000,2.29,2.28,2.29,1202715000,1230139250,1202715000,2542650043,6,5.255,94141000,1.839,1.0,481521000,0.175,0,40546000,3931700000,3863956250,317507000,0,0,0,2606319000,576740000,2029579000,2004316043,-4517000,0,4980000,-16204000,-74266000,-85880000,-214318000,-12778000,295681000,0,118370000,117050000,117050000,0,0,0.043,91325000,390196000,296383000,0.841,1.666,17.124,17.061,2489901000,1320000,39.07,0.728,0.727,296423000,,2751501000,2751501000,0,0.03,0.095,0.102,0.143,2277000,0,1.0,51300641,51195000,51295000,53.746,3809034000,18816000,233571000,555770000,74.22,147993000
WGL,MRY,2012-12-31,2012-09-30,2012-09-30,2018-05-04,0,4110947000,4070882000,832761000,3278186000,0.596,24.608,-251128000,10263000,10263000,1927858000,141138000,1.1,2.238,836920000,247718000,589202000,836920000,89320000,96476000,0,0.039,1.58,406370000,502846000,0.207,502846000,406370000,369942000,2.71,2.71,2.71,1269556000,1269889500,1269556000,2702957307,6,5.375,-33529000,-0.651,1.0,497452000,0.205,0,36428000,4180589000,4087137000,306851000,31920000,0,31920000,2841391000,757015000,2084376000,2075848307,5931000,0,631000,131156000,-77182000,55169000,-266837000,-15709000,217599000,0,141138000,139818000,139818000,0,0,0.058,96476000,400976000,287273000,0.583,1.635,14.847,14.852,2667413000,1320000,40.25,0.856,0.855,369907000,,2425310000,2425310000,0,0.034,0.11,0.099,0.168,4122000,0,1.0,51573871,51522000,51589000,47.073,4110947000,12404000,228804000,669747000,79.683,75746000
WGL,MRY,2013-12-31,2013-09-30,2013-09-30,2018-05-04,0,4260060000,4255382500,820011000,3440049000,0.58,24.627,-312345000,3478000,3478000,2051220000,81573000,0.863,2.342,964167000,440100000,524067000,964167000,67154000,103284000,0,0.038,1.64,315692000,418976000,0.17,418976000,315692000,279681000,1.55,1.55,1.55,1274545000,1324156000,1274545000,2956098271,9,7.056,5679000,0.11,1.0,414918000,0.168,0,36011000,4270672000,4247800750,372195000,90912000,0,90912000,2985515000,950077000,2035438000,2209844271,-6785000,0,0,127262000,-86078000,46340000,-371149000,-58804000,318024000,0,81573000,80253000,80253000,0,0,0.033,103284000,311634000,289303000,1.058,1.734,27.536,27.555,2907463000,1320000,42.71,0.896,0.895,318534000,,2466138000,2466138000,0,0.019,0.061,0.074,0.128,3050000,0,1.0,51740676,51697000,51808000,47.704,4260060000,48972000,198108000,692241000,82.314,-130066000
WGL,MRY,2014-12-31,2014-09-30,2014-09-30,2018-05-04,0,4856499000,4702731500,835515000,4020984000,0.591,24.242,-394762000,8811000,8811000,2321457000,107260000,0.819,2.896,1152728000,473500000,679228000,1152728000,68318000,110772000,0,0.041,1.72,353448000,464220000,0.167,464220000,353448000,315710000,2.05,2.05,2.05,1246576000,1279959750,1246576000,3041517926,8,6.552,-12595000,-0.243,1.0,459490000,0.165,0,37738000,4980131000,4719264750,357249000,118687000,0,118687000,3609923000,1020285000,2589638000,2187712926,5333000,0,-55422000,187110000,-85901000,45227000,-422061000,-27299000,382167000,0,107260000,105940000,105940000,0,0,0.038,110772000,348718000,333216000,0.839,1.755,20.65,20.546,3314445000,1320000,42.12,0.787,0.784,298978000,,2780947000,2780947000,0,0.023,0.083,0.075,0.127,4105000,0,1.0,51940003,51759000,51770000,53.729,4856499000,93242000,208450000,774392000,94.442,-184770000
WGL,MRY,2015-12-31,2015-09-30,2015-09-30,2018-05-04,0,5261359000,5142069750,748541000,4512818000,0.517,24.998,-464291000,6733000,6733000,2125001000,132579000,0.762,3.209,1301201000,357000000,944201000,1301201000,88897000,121892000,0,0.031,1.806,419058000,540950000,0.203,540950000,419058000,368547000,2.64,2.62,2.64,1243247000,1263988500,1243247000,3953294937,9,7.308,39768000,0.799,1.0,534829000,0.201,0,50511000,5572913000,5438616000,232845000,172118000,0,172118000,3989939000,982914000,3007025000,2867851937,-2078000,0,-41485000,153230000,-91316000,18972000,-525109000,-60818000,504059000,0,132579000,131259000,131259000,0,0,0.049,121892000,412937000,346237000,0.684,2.307,21.849,21.845,3672728000,1320000,57.67,1.078,1.08,358491000,,2659830000,2659830000,0,0.026,0.104,0.077,0.158,16478000,0,1.0,49728662,49794000,50060000,53.417,5261359000,48726000,235968000,822503000,105.79,-234373000
WGL,MRY,2016-12-31,2016-09-30,2016-09-30,2018-05-04,0,6049450000,5738020750,843474000,5205976000,0.409,26.971,-530385000,5573000,5573000,1770042000,168364000,0.821,3.377,1766430000,331385000,1435045000,1766430000,86384000,132566000,0,0.03,1.901,465953000,598519000,0.255,598519000,465953000,413643000,3.33,3.31,3.33,1375561000,1367714500,1375561000,4737530767,10,7.915,-302619000,-6.008,1.0,579517000,0.247,0,52310000,6783381000,6264171500,225546000,333271000,0,333271000,4645307000,1026926000,3618381000,3201447767,-1160000,0,78287000,448148000,-92841000,436539000,-665465000,-154829000,227766000,0,168914000,167594000,167594000,0,-550000,0.071,132566000,446951000,423259000,0.571,2.327,19.102,18.829,4127237000,1320000,62.7,1.363,1.344,491020000,,2349559000,2349559000,0,0.029,0.123,0.074,0.198,12308000,0,1.0,51059773,50369000,50564000,46.647,6049450000,33397000,244729000,905928000,118.612,-183452000
WGL,MRY,2017-12-31,2017-09-30,2017-09-30,2018-05-04,0,6626009000,6471156750,985889000,5640120000,0.364,29.338,-516534000,8524000,8524000,1707045000,177863000,0.662,3.386,2240705000,809844000,1430861000,2240705000,65841000,154138000,0,0.024,1.995,531653000,685791000,0.291,685791000,531653000,457627000,3.76,3.74,3.76,1502690000,1500330000,1502690000,6327546800,11,9.227,-285909000,-5.584,1.0,647679000,0.275,0,74026000,7369202000,7105430000,264156000,394201000,0,394201000,5088295000,1488988000,3599307000,4312639800,2951000,0,293000,501277000,-102123000,423033000,-650707000,-144031000,230625000,0,193940000,192620000,192620000,0,-16077000,0.082,154138000,493541000,441920000,0.531,2.87,22.389,22.394,4630051000,1320000,84.2,1.831,1.831,553312000,,2354724000,2354724000,0,0.03,0.128,0.075,0.226,17154000,0,1.0,51219000,51205000,51475000,45.986,6626009000,31549000,263687000,1040731000,129.364,-503099000
