ticker,dimension,calendardate,datekey,reportperiod,lastupdated,accoci,assets,assetsavg,assetsc,assetsnc,assetturnover,bvps,capex,cashneq,cashnequsd,cor,consolinc,currentratio,de,debt,debtc,debtnc,debtusd,deferredrev,depamor,deposits,divyield,dps,ebit,ebitda,ebitdamargin,ebitdausd,ebitusd,ebt,eps,epsdil,epsusd,equity,equityavg,equityusd,ev,evebit,evebitda,fcf,fcfps,fxusd,gp,grossmargin,intangibles,intexp,invcap,invcapavg,inventory,investments,investmentsc,investmentsnc,liabilities,liabilitiesc,liabilitiesnc,marketcap,ncf,ncfbus,ncfcommon,ncfdebt,ncfdiv,ncff,ncfi,ncfinv,ncfo,ncfx,netinc,netinccmn,netinccmnusd,netincdis,netincnci,netmargin,opex,opinc,payables,payoutratio,pb,pe,pe1,ppnenet,prefdivis,price,ps,ps1,receivables,retearn,revenue,revenueusd,rnd,roa,roe,roic,ros,sbcomp,sgna,sharefactor,sharesbas,shareswa,shareswadil,sps,tangibles,taxassets,taxexp,taxliabilities,tbvps,workingcapital
WINA,MRY,2011-12-31,2011-12-31,2011-12-31,2018-05-01,17000,47745700,42810125,23674000,24071700,1.199,7.056,-20546400,9020100,9020100,7482200,14095000,3.043,0.36,0,0,0,0,2056700,479100,0,0.002,0.11,23493600,23972700,0.467,23972700,23493600,23381600,2.83,2.69,2.83,35108700,29164475,35108700,281351786,11,11.736,41400,0.008,1.0,43852800,0.854,0,112000,30946600,30128150,68500,34710100,12790700,21919400,12637000,7779000,4858000,285248286,6763000,0,-2473900,-8800000,-547600,-11572000,-2252800,18293600,20587800,0,14095000,14095000,14095000,0,0,0.275,19048600,24804200,1460300,0.039,8.125,20.238,20.272,1474800,0,57.37,5.557,5.564,1316200,34461900,51335000,51335000,0,0.329,0.483,0.78,0.458,506200,19048600,1.0,4972081,4979036,5238412,10.31,47745700,116500,9286600,5819900,9.596,15895000
WINA,MRY,2012-12-31,2012-12-29,2012-12-29,2018-05-01,-4000,43538800,42107975,18934700,24604100,1.234,3.595,-23981100,2233400,2233400,4411300,12937900,0.923,1.429,10800000,10800000,0,10800000,2594700,433300,0,0.089,5.15,23547800,23981100,0.462,23981100,23547800,23155500,2.57,2.47,2.57,17928000,15980775,17928000,295426119,12,12.319,-5808800,-1.155,1.0,47531800,0.915,0,392300,31592200,30725175,71200,36244200,13547100,22697100,25610800,20513200,5097600,286975319,-6786700,0,-5789700,10800000,-26122400,-18809200,-6149800,17831300,18172300,0,12937900,12937900,12937900,0,0,0.249,20280300,27251500,2203700,2.004,16.007,22.181,22.393,1229500,0,57.55,5.525,5.57,1237100,17932000,51943100,51943100,0,0.307,0.81,0.766,0.453,45900,20280300,1.0,4986539,5027509,5237671,10.332,43538800,1400700,10217600,6144200,8.731,-1578500
WINA,MRY,2013-12-31,2013-12-28,2013-12-28,2018-05-01,-4100,53036100,46918400,30675000,22361100,1.188,7.425,-21123500,10642600,10642600,3797700,18231600,2.919,0.39,0,0,0,0,3380600,431500,0,0.002,0.19,29780000,30211500,0.542,30211500,29780000,29589900,3.6,3.48,3.6,38144700,30085025,38144700,469807249,15,15.551,525400,0.104,1.0,51933500,0.932,0,190100,31886000,31040750,96700,38277800,17976400,20301400,14891400,10507500,4383900,478055249,8409200,0,1382300,-10800000,-964300,-9246600,-3993100,17130400,21648900,0,18231600,18231600,18231600,0,0,0.327,22198200,29735300,2441400,0.053,12.533,26.221,25.856,1382200,0,93.08,8.578,8.466,1205500,35199300,55731200,55731200,0,0.389,0.606,0.959,0.534,740000,22198200,1.0,5135961,5068975,5241121,10.995,53036100,166500,11358300,5645000,10.323,20167500
WINA,MRY,2014-12-31,2014-12-27,2014-12-27,2018-05-01,-37100,54727800,50603350,28441100,26286700,1.209,4.324,-27999800,2089700,2089700,4250500,20066500,1.157,1.533,18500000,18500000,0,18500000,3490400,412000,0,0.063,5.23,33059300,33471300,0.547,33471300,33059300,32588800,3.96,3.85,3.96,21609500,17075000,21609500,435726828,13,13.018,-10016800,-1.976,1.0,56928200,0.931,0,470500,46553500,38545775,93500,44487300,20298400,24188900,33118300,24584600,8533700,417742028,-8552900,0,-11146800,18500000,-26930200,-19485900,-7050000,20949800,17983000,0,20066500,20066500,20066500,0,0,0.328,23806000,33122200,1955500,1.321,19.331,20.818,21.109,1420300,0,83.59,6.828,6.926,1328200,21224200,61178700,61178700,0,0.397,1.175,0.858,0.54,1326100,23806000,1.0,4997512,5069391,5216914,12.068,54727800,4163900,12522300,5756900,10.95,3856500
WINA,MRY,2015-12-31,2015-12-26,2015-12-26,2018-05-01,-32900,47406300,47136125,24431300,22975000,1.473,-7.428,-22326700,1031700,1031700,8412400,21799700,3.253,-2.545,66306500,1990000,64316500,66306500,3384800,432600,0,0.003,0.27,37090700,37523300,0.54,37523300,37090700,35224800,4.89,4.69,4.89,-30673800,-20087200,-30673800,449227491,12,11.972,-900,0.0,1.0,61035400,0.879,607500,1865900,104562700,87629950,45200,39215300,17969300,21246000,78080100,7510900,70569200,379696291,-1083000,0,-74580100,47900000,-1228200,-27908300,4499500,26826200,22325800,0,21799700,21799700,21799700,0,0,0.314,24094400,36941000,1643300,0.055,-12.379,17.418,18.81,1121500,0,91.98,5.467,5.906,1416900,-31047400,69447800,69447800,0,0.462,-1.085,0.423,0.534,1721100,24094400,1.0,4128031,4458927,4651527,15.575,46798800,3290400,13425100,3614800,11.333,16920400
WINA,MRY,2016-12-31,2016-12-31,2016-12-31,2018-05-01,-9900,48581600,44662650,22793800,25787800,1.491,-1.892,-26279700,1292900,1292900,4425200,22217600,3.098,-7.187,45316500,1990000,43326500,45316500,3288500,420500,0,0.003,0.37,38301000,38721500,0.582,38721500,38301000,35946000,5.39,5.13,5.39,-7852000,-18188600,-7852000,566448067,14,14.629,-18000,-0.004,1.0,62155100,0.934,607500,2355000,84639900,85701900,87500,41615400,17204700,24410700,56433600,7357800,49075800,519994967,246200,0,-268000,-21000000,-1526800,-22794800,-3220700,23059000,26261700,0,22217600,22217600,22217600,0,0,0.334,23835600,38319500,1692000,0.069,-66.225,23.405,23.404,769600,0,126.15,7.81,7.812,1479200,-10818200,66580300,66580300,0,0.497,-1.222,0.447,0.575,2376000,23835600,1.0,4122037,4122854,4330490,16.149,47974100,1678800,13728400,3331900,11.56,15436000
WINA,MRY,2017-12-31,2017-12-30,2017-12-30,2018-05-01,0,48842000,47613700,21452000,27390000,1.465,-9.324,-25475800,1163200,1163200,5701700,24565100,1.999,-2.368,67477100,3236100,64241000,67477100,10310200,355400,0,0.003,0.43,38784600,39140000,0.561,39140000,38784600,36431100,6.06,5.66,6.06,-35713500,-18188375,-35713500,568191223,14,14.517,-318100,-0.078,1.0,64044200,0.918,607500,2353500,103818500,89467975,97100,41277600,15332300,25945300,84555500,10729900,73825600,494505723,-179700,0,-47592800,22187500,-1765000,-25422600,85200,25561000,25157700,0,24565100,24565100,24565100,0,0,0.352,25250600,38793600,2073000,0.071,-13.846,20.13,21.353,486800,0,129.4,7.09,7.525,1796000,-37189700,69745900,69745900,0,0.516,-1.351,0.434,0.556,2838900,25250600,1.0,3821528,4056049,4339944,17.196,48234500,2161800,11866000,320500,12.593,10722100
