ticker,dimension,calendardate,datekey,reportperiod,lastupdated,accoci,assets,assetsavg,assetsc,assetsnc,assetturnover,bvps,capex,cashneq,cashnequsd,cor,consolinc,currentratio,de,debt,debtc,debtnc,debtusd,deferredrev,depamor,deposits,divyield,dps,ebit,ebitda,ebitdamargin,ebitdausd,ebitusd,ebt,eps,epsdil,epsusd,equity,equityavg,equityusd,ev,evebit,evebitda,fcf,fcfps,fxusd,gp,grossmargin,intangibles,intexp,invcap,invcapavg,inventory,investments,investmentsc,investmentsnc,liabilities,liabilitiesc,liabilitiesnc,marketcap,ncf,ncfbus,ncfcommon,ncfdebt,ncfdiv,ncff,ncfi,ncfinv,ncfo,ncfx,netinc,netinccmn,netinccmnusd,netincdis,netincnci,netmargin,opex,opinc,payables,payoutratio,pb,pe,pe1,ppnenet,prefdivis,price,ps,ps1,receivables,retearn,revenue,revenueusd,rnd,roa,roe,roic,ros,sbcomp,sgna,sharefactor,sharesbas,shareswa,shareswadil,sps,tangibles,taxassets,taxexp,taxliabilities,tbvps,workingcapital
WPP,MRY,2011-12-31,2011-12-31,2011-12-31,2018-04-30,0,11288700000,11273100000,10866300000,13406200000,0.889,5.27,-240000000,1946600000,3020794537,783300000,916500000,-0.921,0.659,-4411400000,-518400000,-3893000000,-6845747982,0,0,0,0.03,1.559,1196600000,1196600000,0.119,1856921166,1856921166,932000000,3.38,3.225,5.245,6663300000,6554950000,10340316573,3497077238,1,1.883,425200000,0.336,0.644,9238500000,0.922,9430800000,264600000,7297200000,7852200000,333900000,992100000,0,992100000,4394400000,-11797300000,-6003300000,13207830694,-251700000,-469800000,-153400000,301400000,-218400000,-207100000,-709800000,0,665200000,-29900000,840100000,840100000,1303693358,0,76400000,0.084,8046300000,1192200000,-11718600000,0.297,1.277,10.131,9.958,728300000,0,52.23,0.849,4.246,9228800000,10803500000,10021800000,15552141527,0,0.075,0.128,0.152,0.119,0,0,0.2,1264391221,1264391221,,12.3,1857900000,174500000,91900000,-1234300000,1.469,22663600000
WPP,MRY,2012-12-31,2012-12-31,2012-12-31,2018-04-30,0,11424700000,11356700000,10952300000,13452900000,0.913,5.378,-206600000,1945300000,3155434295,858300000,894700000,-0.905,0.641,-4766500000,-1085900000,-3680600000,-7731649396,0,0,0,0.028,2.054,1289700000,1289700000,0.124,2091997949,2091997949,1019900000,3.31,3.14,5.369,6811000000,6737150000,11047994134,8139100433,3,3.891,701700000,0.554,0.616,9514800000,0.917,9457200000,269800000,7352300000,7324750000,348200000,1063700000,0,1063700000,4364100000,-12096600000,-5720400000,18463730310,50400000,-566500000,-78500000,380500000,-306600000,-84800000,-773100000,0,908300000,-119300000,822700000,822700000,1334486092,0,72000000,0.079,8273700000,1241100000,-11419800000,0.383,1.671,13.836,13.578,768300000,0,72.9,1.097,5.487,9252100000,11186300000,10373100000,16826009096,0,0.072,0.122,0.176,0.124,0,0,0.2,1266373821,1266373821,,13.287,1967500000,215400000,197200000,-1158500000,1.554,23048900000
WPP,MRY,2013-12-31,2013-12-31,2013-12-31,2018-04-30,0,11750200000,11587450000,11309700000,13225300000,0.951,5.996,-277200000,2221600000,3679254344,943300000,1012100000,-0.932,0.515,-4462000000,-941400000,-3520600000,-7389643899,0,0,0,0.02,2.303,1488100000,1488100000,0.135,2464484331,2464484331,1220200000,3.62,3.48,5.995,7586800000,7198900000,12564713208,18668458510,7,7.575,1097000000,0.867,0.604,10076100000,0.914,9472800000,267900000,7728600000,7540450000,304500000,1063400000,0,1063400000,3903700000,-12134800000,-4994200000,29068932062,688600000,-201400000,-154600000,436800000,-397300000,-207000000,-478600000,0,1374200000,-164700000,936500000,936500000,1550964032,0,75600000,0.085,8665800000,1410300000,-11168300000,0.384,2.314,18.742,19.159,773300000,0,114.86,1.593,7.964,9246600000,6903700000,11019400000,18249538768,0,0.081,0.13,0.197,0.135,0,0,0.2,1265407107,1265407107,,14.422,2277400000,225500000,283700000,-1103500000,1.8,23444500000
WPP,MRY,2014-12-31,2014-12-31,2014-12-31,2018-04-30,0,12515600000,12132900000,12042700000,14107300000,0.95,5.561,-208500000,2512700000,3914680011,1464100000,1151500000,-0.924,0.625,-4788100000,-653200000,-4134900000,-7459656688,0,0,0,0.028,2.933,1640300000,1640300000,0.142,2555517818,2555517818,1377600000,4.12,4.025,6.419,7500100000,7543450000,11684837645,16837936519,6,6.589,1495200000,1.109,0.642,10064800000,0.873,9979400000,262700000,8272400000,8000500000,327300000,1429100000,0,1429100000,4688800000,-13037000000,-5759100000,28080627659,434700000,-489100000,-485800000,465200000,-460000000,-571400000,-697600000,0,1703700000,-70300000,1077200000,1077200000,1678231905,0,74300000,0.093,8557500000,1507300000,-12408900000,0.457,2.403,16.732,16.218,772500000,0,104.1,1.563,7.817,9678600000,7106700000,11528900000,17961537143,0,0.089,0.143,0.205,0.142,0,0,0.2,1348733317,1348733317,,13.317,2536200000,254400000,300400000,-1136500000,1.88,25079700000
WPP,MRY,2015-12-31,2015-12-31,2015-12-31,2018-04-30,0,13375400000,12945500000,12877800000,15373800000,0.945,5.761,-233000000,2382400000,3512175561,9709100000,1245100000,-0.906,0.702,-5593200000,-932000000,-4661200000,-8245592827,0,0,0,0.028,3.222,1631800000,1631800000,0.133,2405627972,2405627972,1407700000,4.5,4.42,6.634,7637400000,7568750000,11259188060,19216396624,7,7.988,1126900000,0.85,0.678,2526100000,0.206,10670600000,224100000,8944700000,8608550000,329000000,1917300000,0,1917300000,5359600000,-14215500000,-6517900000,30423258770,-246600000,-669500000,-560000000,492000000,-545800000,-704000000,-902500000,0,1359900000,-54400000,1160200000,1160200000,1710387041,0,84900000,0.095,894100000,1632000000,-13576500000,0.486,2.702,17.787,17.296,797700000,0,114.74,1.687,8.433,10674100000,7698500000,12235200000,18037344875,0,0.09,0.153,0.19,0.133,0,894100000,0.2,1325747724,1325747724,,13.605,2704800000,262700000,247500000,-1150800000,2.04,27093300000
WPP,MRY,2016-12-31,2016-12-31,2016-12-31,2018-04-30,0,15443000000,14409200000,14811400000,19125300000,0.999,7.014,-277400000,2436900000,3009633197,11348100000,1501600000,-0.883,0.609,-6567400000,-1002500000,-5564900000,-8110905273,0,0,0,0.03,3.336,2043500000,2043500000,0.142,2523774237,2523774237,1789000000,5.48,5.4,6.768,9324500000,8480950000,11515993577,17769812261,7,7.041,1496400000,1.126,0.81,3040800000,0.211,13214300000,254500000,9989600000,9467150000,400400000,2379700000,0,2379700000,5675400000,-16765200000,-8035500000,29421528843,-335900000,-638800000,-400200000,-22500000,-616500000,-1193500000,-916200000,0,1773800000,291900000,1400100000,1400100000,1729158947,0,101500000,0.097,977700000,2063100000,-16284200000,0.493,2.555,17.015,16.351,968700000,0,110.66,1.656,8.278,12579400000,8405900000,14388900000,17770655798,0,0.097,0.165,0.216,0.142,0,977700000,0.2,1329366024,1329366024,,13.368,2228700000,371600000,388900000,-1444700000,1.677,31576600000
WPP,MRY,2017-12-31,2017-12-31,2017-12-31,2018-04-30,0,15162700000,15302850000,14503700000,18506000000,0.998,7.128,-318200000,2391400000,3230748446,12090200000,1912300000,-0.935,0.548,-6874500000,-624100000,-6250400000,-9287354768,0,0,0,0.041,3.73,2283400000,2283400000,0.15,3084841934,3084841934,2013600000,7.2,7.12,9.727,9493200000,9408850000,12825182383,12460933379,4,4.039,1089900000,0.818,0.74,3175200000,0.208,12952900000,269800000,8458400000,9224000000,424300000,2218700000,0,2218700000,5200700000,-15514500000,-8192200000,24123023781,122800000,-181500000,-497800000,599600000,-751500000,-785600000,-499700000,0,1408100000,-27200000,1816600000,1816600000,2454201567,0,95700000,0.119,1267000000,1908200000,-15233900000,0.383,1.881,9.829,9.31,979500000,0,90.56,1.17,5.848,12288500000,9200800000,15265400000,20623345041,0,0.119,0.193,0.248,0.15,0,1267000000,0.2,1331880730,1331880730,,15.484,2209800000,395000000,197000000,-1163000000,1.659,30018200000
