ticker,dimension,calendardate,datekey,reportperiod,lastupdated,accoci,assets,assetsavg,assetsc,assetsnc,assetturnover,bvps,capex,cashneq,cashnequsd,cor,consolinc,currentratio,de,debt,debtc,debtnc,debtusd,deferredrev,depamor,deposits,divyield,dps,ebit,ebitda,ebitdamargin,ebitdausd,ebitusd,ebt,eps,epsdil,epsusd,equity,equityavg,equityusd,ev,evebit,evebitda,fcf,fcfps,fxusd,gp,grossmargin,intangibles,intexp,invcap,invcapavg,inventory,investments,investmentsc,investmentsnc,liabilities,liabilitiesc,liabilitiesnc,marketcap,ncf,ncfbus,ncfcommon,ncfdebt,ncfdiv,ncff,ncfi,ncfinv,ncfo,ncfx,netinc,netinccmn,netinccmnusd,netincdis,netincnci,netmargin,opex,opinc,payables,payoutratio,pb,pe,pe1,ppnenet,prefdivis,price,ps,ps1,receivables,retearn,revenue,revenueusd,rnd,roa,roe,roic,ros,sbcomp,sgna,sharefactor,sharesbas,shareswa,shareswadil,sps,tangibles,taxassets,taxexp,taxliabilities,tbvps,workingcapital
WSBC,MRY,2011-12-31,2011-12-31,2011-12-31,2018-04-30,-902000,5536030000,5458236750,,,0.036,23.8,-2514000,140325000,140325000,0,43809000,,7.735,471139000,,,471139000,0,6238000,4393866000,0.032,0.62,53647000,59885000,0.309,59885000,53647000,53647000,1.65,1.65,1.65,633790000,625801750,633790000,848374639,15,14.167,106186000,3.99,1.0,193942000,1.0,283150000,0,5583694000,5556257750,0,4799907000,,,4902240000,,,518473639,61189000,0,26000,-75118000,-15965000,130486000,-177997000,-175483000,108700000,0,43809000,43809000,43809000,0,0,0.226,140295000,53647000,0,0.376,0.818,11.835,11.8,82204000,0,19.47,2.673,2.672,0,388818000,193942000,193942000,0,0.008,0.07,0.01,0.277,0,133117000,1.0,26629360,26614697,26615281,7.287,5252880000,0,9838000,0,197.258,
WSBC,MRY,2012-12-31,2012-12-31,2012-12-31,2018-04-30,-6365000,6078717000,5695431000,,,0.037,25.943,-5970000,125605000,125605000,0,49544000,,7.511,367990000,,,367990000,0,6052000,4944284000,0.032,0.7,63132000,69184000,0.324,69184000,63132000,63132000,1.84,1.84,1.84,714184000,666154750,714184000,860690832,13,12.441,70845000,2.637,1.0,213252000,1.0,324465000,0,5996637000,5685588250,0,5280719000,,,5364533000,,,592507832,-14720000,10945000,14000,-223866000,-18119000,-146970000,55435000,50460000,76815000,0,49544000,49544000,49544000,0,0,0.232,150120000,63132000,0,0.38,0.83,11.959,12.076,88866000,0,22.22,2.778,2.799,0,419246000,213252000,213252000,0,0.009,0.074,0.011,0.296,0,140183000,1.0,26665519,26867227,26888847,7.937,5754252000,0,13588000,0,209.027,
WSBC,MRY,2013-12-31,2013-12-31,2013-12-31,2018-04-30,-12734000,6144773000,6113148000,,,0.04,25.48,-8845000,95551000,95551000,0,63925000,,7.23,296181000,,,296181000,0,6978000,5062530000,0.024,0.78,84688000,91666000,0.373,91666000,84688000,84688000,2.18,2.18,2.18,746595000,733481000,746595000,1083786952,12,11.823,102635000,3.506,1.0,245686000,1.0,321426000,0,6023977000,5978710750,0,5386310000,,,5398178000,,,939201952,-30054000,0,-3631000,-70520000,-22243000,22965000,-164499000,-158608000,111480000,0,63925000,63925000,63925000,0,0,0.26,160998000,84688000,0,0.358,1.258,14.692,14.679,93157000,0,32.0,3.823,3.812,0,460351000,245686000,245686000,0,0.01,0.087,0.014,0.345,0,153675000,1.0,29350061,29270922,29344683,8.394,5823347000,0,20763000,0,198.744,
WSBC,MRY,2014-12-31,2014-12-31,2014-12-31,2018-04-30,-18825000,6296565000,6272414000,,,0.041,26.908,-7374000,94002000,94002000,0,69974000,,6.989,409992000,,,409992000,0,7386000,5048983000,0.025,0.88,93694000,101080000,0.396,101080000,93694000,93694000,2.39,2.39,2.39,788190000,779179000,788190000,1289829890,13,12.76,87434000,2.989,1.0,255327000,1.0,319506000,0,6293049000,6171880750,0,5559071000,,,5508375000,,,1019071890,-1549000,0,1918000,112736000,-25136000,76649000,-173006000,-167984000,94808000,0,69974000,69974000,69974000,0,0,0.274,161633000,93694000,0,0.368,1.293,14.564,14.561,93135000,0,34.8,3.991,3.987,0,504578000,255327000,255327000,0,0.011,0.09,0.015,0.367,0,155028000,1.0,29283675,29249499,29333876,8.729,5977059000,0,23720000,0,204.052,
WSBC,MRY,2015-12-31,2015-12-31,2015-12-31,2018-04-30,-20954000,8470298000,8382856500,,,0.036,29.132,-9575000,86685000,86685000,0,80762000,,6.548,1229302000,,,1229302000,0,8122000,6066299000,0.031,0.92,109177000,117299000,0.387,117299000,109177000,109177000,2.15,2.15,2.15,1122132000,1105977750,1122132000,2147055600,19,18.304,78811000,2.102,1.0,303100000,1.0,490888000,0,9122027000,8776555250,0,7454481000,,,7348166000,,,1156130600,-7317000,-28551000,-4789000,386105000,-33007000,114625000,-210328000,-180005000,88386000,0,80762000,80762000,80762000,0,0,0.266,193923000,109177000,0,0.428,1.03,14.315,13.963,112203000,0,30.02,3.814,3.713,0,549921000,303100000,303100000,0,0.01,0.073,0.012,0.36,1666000,175598000,1.0,38512012,37488331,37547127,8.085,7979410000,0,28415000,0,207.155,
WSBC,MRY,2016-12-31,2016-12-31,2016-12-31,2018-04-30,-27126000,9790877000,9142516500,,,0.036,30.545,-2061000,128170000,128170000,0,86635000,,6.299,1331920000,,,1331920000,0,9242000,7040879000,0.022,0.96,117671000,126913000,0.389,126913000,117671000,117671000,2.16,2.16,2.16,1341408000,1249722250,1341408000,3019225621,25,23.79,121016000,3.018,1.0,326351000,1.0,593187000,0,10401440000,9736814500,0,8539291000,,,8449469000,,,1888649621,41485000,4863000,-1313000,-20277000,-37805000,-276180000,194588000,191767000,123077000,0,86635000,86635000,86635000,0,0,0.265,208680000,117671000,0,0.444,1.408,21.8,19.935,133297000,0,43.06,5.787,5.291,0,597071000,326351000,326351000,0,0.009,0.069,0.012,0.361,2022000,187831000,1.0,43860883,40100320,40127076,8.138,9197690000,0,31036000,0,209.441,
WSBC,MRY,2017-12-31,2017-12-31,2017-12-31,2018-04-30,-31495000,9816178000,9852336500,,,0.037,31.685,-6035000,117572000,117572000,0,94482000,,6.035,1297335000,,,1297335000,0,10441000,7043588000,0.026,1.04,148289000,158730000,0.43,158730000,148289000,148289000,2.15,2.14,2.15,1395321000,1381642250,1395321000,3023946303,20,19.051,135591000,3.081,1.0,369149000,1.0,589264000,0,10406677000,10451358750,0,8601299000,,,8420857000,,,1789952303,-10598000,0,1040000,-35287000,-44864000,-74849000,-77375000,-71689000,141626000,0,94482000,94482000,94482000,0,0,0.256,220860000,148289000,0,0.484,1.283,18.945,18.907,130722000,0,40.65,4.849,4.846,0,651357000,369149000,369149000,0,0.01,0.068,0.014,0.402,2956000,211471000,1.0,44033267,44003208,44075293,8.389,9226914000,0,53807000,0,209.527,
