ticker,dimension,calendardate,datekey,reportperiod,lastupdated,accoci,assets,assetsavg,assetsc,assetsnc,assetturnover,bvps,capex,cashneq,cashnequsd,cor,consolinc,currentratio,de,debt,debtc,debtnc,debtusd,deferredrev,depamor,deposits,divyield,dps,ebit,ebitda,ebitdamargin,ebitdausd,ebitusd,ebt,eps,epsdil,epsusd,equity,equityavg,equityusd,ev,evebit,evebitda,fcf,fcfps,fxusd,gp,grossmargin,intangibles,intexp,invcap,invcapavg,inventory,investments,investmentsc,investmentsnc,liabilities,liabilitiesc,liabilitiesnc,marketcap,ncf,ncfbus,ncfcommon,ncfdebt,ncfdiv,ncff,ncfi,ncfinv,ncfo,ncfx,netinc,netinccmn,netinccmnusd,netincdis,netincnci,netmargin,opex,opinc,payables,payoutratio,pb,pe,pe1,ppnenet,prefdivis,price,ps,ps1,receivables,retearn,revenue,revenueusd,rnd,roa,roe,roic,ros,sbcomp,sgna,sharefactor,sharesbas,shareswa,shareswadil,sps,tangibles,taxassets,taxexp,taxliabilities,tbvps,workingcapital
XEL,MRY,2011-12-31,2011-12-31,2011-12-31,2018-04-28,-94035000,29497267000,28376248500,2982564000,26514703000,0.375,17.445,-2205567000,155971000,155971000,7326356000,841172000,0.831,2.478,10548755000,1436336000,9112419000,10548755000,0,908853000,248345000,0.037,1.032,1900788000,2809641000,0.264,2809641000,1900788000,1309488000,1.72,1.72,1.72,8482198000,8332387250,8482198000,23463580736,12,8.351,199955000,0.412,1.0,3328414000,0.312,0,591300000,36301412000,35710626250,618232000,1680742000,64340000,1616402000,21015069000,3588639000,17426430000,13404176736,-47753000,-2446000,38691000,335575000,-474760000,-205474000,-2247801000,0,2405522000,0,841172000,834378000,834378000,0,0,0.078,1546812000,1781602000,902078000,0.6,1.58,16.065,16.07,22353367000,6794000,27.64,1.258,1.258,1441860000,2032556000,10654770000,10654770000,0,0.029,0.1,0.053,0.178,45006000,0,1.0,484955743,485039000,485615000,21.967,29497267000,178446000,468316000,4396833000,60.665,-606075000
XEL,MRY,2012-12-31,2012-12-31,2012-12-31,2018-04-28,-112653000,31140686000,30367895000,2625139000,28515547000,0.334,18.169,-2570209000,82323000,82323000,6710036000,905229000,0.894,2.509,11279408000,892637000,10386771000,11279408000,0,943702000,252888000,0.04,1.07,1956984000,2900686000,0.286,2900686000,1956984000,1355432000,1.86,1.85,1.86,8874077000,8708854000,8874077000,23827900993,12,8.215,-565453000,-1.159,1.0,3418187000,0.337,0,601552000,39400698000,37772561750,535574000,1813175000,69013000,1744162000,22266609000,2937073000,19329536000,13024317993,21639000,-980000,-33786000,870368000,-486757000,349825000,-2332942000,-14949000,2004756000,0,905229000,905229000,905229000,0,0,0.089,1595504000,1822683000,959093000,0.575,1.468,14.388,14.36,23809348000,0,26.71,1.286,1.287,1381409000,2413816000,10128223000,10128223000,0,0.03,0.104,0.052,0.193,26970000,0,1.0,487619543,487899000,488434000,20.759,31140686000,32528000,450203000,4852111000,63.757,-311934000
XEL,MRY,2013-12-31,2013-12-31,2013-12-31,2018-04-28,-106275000,33907490000,32722019750,3218040000,30689450000,0.334,19.189,-3358207000,107144000,107144000,7408278000,948234000,0.881,2.545,12183123000,1063145000,11119978000,12183123000,0,1001843000,275555000,0.04,1.11,2007409000,3009252000,0.276,3009252000,2007409000,1432210000,1.91,1.91,1.91,9565950000,9392148500,9565950000,25542780210,12,8.488,-774171000,-1.561,1.0,3506644000,0.321,0,575199000,42328971000,41438521750,576538000,1932539000,91707000,1840832000,24341540000,3654498000,20687042000,13904047210,24821000,-7504000,231767000,936444000,-514042000,654169000,-3213384000,-20590000,2584036000,0,948234000,948234000,948234000,0,0,0.087,1659089000,1847555000,1261238000,0.581,1.453,14.663,14.628,26122159000,0,27.94,1.274,1.27,1431390000,2807983000,10914922000,10914922000,0,0.029,0.101,0.048,0.184,24613000,0,1.0,497639485,496073000,496532000,22.003,33907490000,401762000,483976000,5789051000,68.016,-436458000
XEL,MRY,2014-12-31,2014-12-31,2014-12-31,2018-04-28,-108139000,36957884000,35309430250,3364380000,33593504000,0.331,20.169,-3199791000,79608000,79608000,7951352000,1021306000,0.828,2.618,12982428000,1298858000,11683570000,12982428000,0,1036515000,256945000,0.033,1.2,2111729000,3148244000,0.269,3148244000,2111729000,1545121000,2.03,2.03,2.03,10214482000,10009334500,10214482000,30692965354,14,9.749,-540305000,-1.072,1.0,3734783000,0.32,0,566608000,45796121000,44400550250,597183000,1972138000,85723000,1886415000,26743402000,4064583000,22678819000,18164238354,-27536000,-2376000,180798000,822136000,-561411000,430229000,-3117251000,-7139000,2659486000,0,1021306000,1021306000,1021306000,0,0,0.087,1786653000,1948130000,1173006000,0.591,1.778,17.785,17.695,28756916000,0,35.92,1.554,1.549,1554998000,3220958000,11686135000,11686135000,0,0.029,0.102,0.048,0.181,32189000,0,1.0,505685923,503847000,504117000,23.194,36957884000,431698000,523815000,6323299000,72.976,-700203000
XEL,MRY,2015-12-31,2015-12-31,2015-12-31,2018-04-28,-109753000,38821477000,37749658250,2770226000,36051251000,0.292,20.817,-3683000000,84940000,84940000,7034000000,984000000,0.683,2.662,14100051000,1532860000,12567191000,14100051000,0,1143000000,228999000,0.036,1.28,2122000000,3265000000,0.296,3265000000,2122000000,1527000000,1.94,1.94,1.94,10600920000,10407421500,10600920000,31232923480,14,9.566,-645000000,-1.27,1.0,3990000000,0.362,0,595000000,48778291000,47369043250,608584000,1987920000,33842000,1954078000,28220557000,4058297000,24162260000,18224216480,5000000,-2000000,7000000,1201000000,-607000000,590000000,-3623000000,-21000000,3038000000,0,984000000,984000000,984000000,0,0,0.089,1990000000,2000000000,960982000,0.66,1.719,18.521,18.51,31205851000,0,35.91,1.653,1.655,1379473000,3552728000,11024000000,11024000000,0,0.026,0.095,0.045,0.192,45000000,0,1.0,507496978,508000000,508000000,21.701,38821477000,163023000,543000000,6660050000,76.233,-1288071000
XEL,MRY,2016-12-31,2016-12-31,2016-12-31,2018-04-28,-110000000,41155000000,40009939500,2842000000,38313000000,0.278,21.632,-3256000000,85000000,85000000,6813000000,1123000000,0.875,2.734,15017000000,674000000,14343000000,15017000000,0,1319000000,195000000,0.033,1.36,2351000000,3670000000,0.33,3670000000,2351000000,1704000000,2.21,2.21,2.21,11021000000,10845927500,11021000000,34978294756,14,9.531,-204000000,-0.401,1.0,4294000000,0.387,0,647000000,52840000000,51082458500,604000000,2180000000,38000000,2142000000,30134000000,3247000000,26887000000,20673678756,0,-4000000,-32000000,934000000,-681000000,209000000,-3261000000,-68000000,3052000000,0,1123000000,1123000000,1123000000,0,0,0.101,2080000000,2214000000,1045000000,0.615,1.876,18.409,18.416,32842000000,0,40.7,1.861,1.865,1506000000,3982000000,11107000000,11107000000,0,0.028,0.104,0.046,0.212,41000000,0,1.0,507952795,509000000,509000000,21.821,41155000000,107000000,581000000,7304000000,80.778,-405000000
XEL,MRY,2017-12-31,2017-12-31,2017-12-31,2018-04-28,-125000000,43030000000,42161281000,2973000000,40057000000,0.27,22.435,-3319000000,83000000,83000000,6917000000,1148000000,0.727,2.756,15946000000,1300000000,14646000000,15946000000,0,1495000000,193000000,0.03,1.44,2353000000,3848000000,0.337,3848000000,2353000000,1690000000,2.26,2.25,2.26,11455000000,11271910750,11455000000,39811730204,16,10.346,-193000000,-0.379,1.0,4487000000,0.393,0,663000000,54805000000,53925420000,610000000,2489000000,44000000,2445000000,31575000000,4088000000,27487000000,24428472204,-2000000,-17000000,-3000000,910000000,-721000000,168000000,-3296000000,-28000000,3126000000,0,1148000000,1148000000,1148000000,0,0,0.101,2297000000,2190000000,1243000000,0.637,2.133,21.279,21.288,34329000000,0,48.11,2.142,2.147,1561000000,4413000000,11404000000,11404000000,0,0.027,0.102,0.044,0.206,57000000,0,1.0,507762881,509000000,509000000,22.405,43030000000,68000000,542000000,4351000000,84.274,-1115000000
