ticker,dimension,calendardate,datekey,reportperiod,lastupdated,accoci,assets,assetsavg,assetsc,assetsnc,assetturnover,bvps,capex,cashneq,cashnequsd,cor,consolinc,currentratio,de,debt,debtc,debtnc,debtusd,deferredrev,depamor,deposits,divyield,dps,ebit,ebitda,ebitdamargin,ebitdausd,ebitusd,ebt,eps,epsdil,epsusd,equity,equityavg,equityusd,ev,evebit,evebitda,fcf,fcfps,fxusd,gp,grossmargin,intangibles,intexp,invcap,invcapavg,inventory,investments,investmentsc,investmentsnc,liabilities,liabilitiesc,liabilitiesnc,marketcap,ncf,ncfbus,ncfcommon,ncfdebt,ncfdiv,ncff,ncfi,ncfinv,ncfo,ncfx,netinc,netinccmn,netinccmnusd,netincdis,netincnci,netmargin,opex,opinc,payables,payoutratio,pb,pe,pe1,ppnenet,prefdivis,price,ps,ps1,receivables,retearn,revenue,revenueusd,rnd,roa,roe,roic,ros,sbcomp,sgna,sharefactor,sharesbas,shareswa,shareswadil,sps,tangibles,taxassets,taxexp,taxliabilities,tbvps,workingcapital
XRM,MRY,2011-12-31,2011-12-31,2011-12-31,2018-04-30,-31546000,665721000,703014000,239895000,425826000,0.835,-0.152,-22390000,43566000,43566000,370754000,8190000,2.633,-289.816,469054000,3548000,465506000,469054000,0,43686000,0,0.0,0.0,58019000,101705000,0.173,101705000,58019000,18869000,0.54,0.54,0.54,-2305000,18060500,-2305000,531427640,9,5.225,22818000,1.513,1.0,216206000,0.368,81760000,39150000,918353000,962605500,83317000,0,0,0,668026000,91096000,576930000,99028640,4865000,0,0,-14161000,0,-31463000,-8688000,0,45208000,-192000,8190000,8190000,8190000,0,0,0.014,155105000,61101000,39743000,0.0,-42.963,12.091,12.111,335256000,0,6.54,0.169,0.168,91784000,-395804000,586960000,586960000,12097000,0.012,0.453,0.06,0.099,1439000,141419000,1.0,15141994,15079771,15083835,38.924,583961000,0,10679000,18582000,38.568,148799000
XRM,MRY,2012-12-31,2012-12-31,2012-12-31,2018-04-30,-41893000,618843000,634773000,220849000,397994000,0.849,-1.907,-20617000,34777000,34777000,345171000,-18035000,2.065,-22.295,444992000,10308000,434684000,444992000,0,40838000,0,0.0,0.0,16281000,57119000,0.106,57119000,16281000,-21597000,-1.18,-1.18,-1.18,-29061000,-16537250,-29061000,454864843,27,7.963,18705000,1.229,1.0,193569000,0.359,79805000,37878000,842304000,871594250,77391000,0,0,0,647904000,106949000,540955000,46631843,-8789000,0,0,-25690000,0,-27472000,-20617000,0,39322000,-22000,-18035000,-18035000,-18035000,0,0,-0.033,177173000,16396000,36884000,0.0,-1.605,-2.586,-2.585,308806000,0,3.05,0.087,0.086,84456000,-413839000,538740000,538740000,9567000,-0.028,1.091,0.019,0.03,1949000,141898000,1.0,15289129,15222462,15222462,35.391,539038000,0,-3562000,16582000,35.364,113900000
XRM,MRY,2013-12-31,2013-12-31,2013-12-31,2018-04-30,-30052000,624064000,617166000,221472000,402592000,0.886,-0.744,-41869000,25716000,25716000,337256000,4153000,1.942,-55.508,443139000,10433000,432706000,443139000,0,36403000,0,0.0,0.0,49197000,85600000,0.157,85600000,49197000,8516000,0.27,0.26,0.27,-11449000,-24488750,-11449000,648011560,13,7.57,-5755000,-0.375,1.0,209636000,0.383,83445000,40681000,844021000,832022000,83930000,0,0,0,635513000,114021000,521492000,253624560,-9061000,0,0,-28000,0,-3274000,-41869000,0,36114000,-32000,4153000,4153000,4153000,0,0,0.008,156264000,53372000,42220000,0.0,-22.153,61.07,61.074,309664000,0,16.49,0.464,0.463,87952000,-409686000,546892000,546892000,7858000,0.007,-0.17,0.059,0.09,1736000,133562000,1.0,15380507,15359445,15882376,35.606,540619000,5045000,4363000,16350000,35.149,107451000
XRM,MRY,2014-12-31,2014-12-31,2014-12-31,2018-04-30,-85938000,584273000,614993250,200322000,383951000,0.883,-4.764,-41788000,9517000,9517000,327161000,-7382000,1.953,-8.884,459664000,4650000,455014000,459664000,0,34292000,0,0.0,0.0,59466000,93758000,0.173,93758000,59466000,22698000,-0.48,-0.48,-0.48,-74110000,-36481250,-74110000,701013703,11,7.477,-32954000,-2.132,1.0,215771000,0.397,63863000,36768000,867971000,870511500,83550000,0,0,0,658383000,102586000,555797000,245469703,-16199000,0,0,22217000,0,18751000,-41788000,0,8834000,-1996000,-7382000,-7382000,-7382000,0,0,-0.014,155586000,60185000,41827000,0.0,-3.312,-33.252,-32.875,303617000,0,15.78,0.452,0.449,83069000,-417068000,542932000,542932000,7903000,-0.012,0.202,0.068,0.11,2548000,129541000,1.0,15555748,15458810,15458810,35.121,520410000,10662000,30080000,10416000,33.452,97736000
XRM,MRY,2015-12-31,2015-12-31,2015-12-31,2018-04-30,-121692000,550374000,564953250,173617000,376757000,0.845,-7.167,-47605000,9839000,9839000,288512000,-4380000,1.597,-5.868,483173000,11966000,471207000,483173000,0,29250000,0,0.0,0.0,47498000,76748000,0.161,76748000,47498000,9085000,-0.28,-0.28,-0.28,-113070000,-104659500,-113070000,665189219,14,8.667,-14318000,-0.915,1.0,188731000,0.395,60146000,38413000,854824000,861498750,71698000,0,0,0,663444000,108738000,554706000,186510219,322000,0,0,17236000,0,14450000,-47605000,0,33287000,190000,-4380000,-4380000,-4380000,0,0,-0.009,142717000,46014000,40696000,0.0,-1.65,-42.582,-42.321,297083000,0,11.85,0.391,0.388,68562000,-421448000,477243000,477243000,7404000,-0.008,0.042,0.055,0.1,3298000,120664000,1.0,15739259,15640836,15640836,30.513,490228000,9325000,13465000,8770000,31.074,64879000
XRM,MRY,2016-12-31,2016-12-31,2016-12-31,2018-04-30,-134678000,541913000,563662000,174406000,367507000,0.836,-9.108,-13589000,12808000,12808000,293842000,-21618000,1.496,-4.689,508087000,15928000,492159000,508087000,0,32956000,0,0.0,0.0,33819000,66775000,0.142,66775000,33819000,-12336000,-1.35,-1.35,-1.35,-146905000,-115416500,-146905000,596803378,17,8.938,22920000,1.433,1.0,177475000,0.377,64113000,46155000,856461000,878647250,70822000,0,0,0,688818000,116618000,572200000,90627378,2969000,0,0,23013000,0,-2326000,-29814000,0,36509000,-1400000,-21618000,-21618000,-21618000,0,0,-0.046,131335000,46140000,36158000,0.0,-0.617,-4.192,-4.163,284101000,0,5.62,0.192,0.191,68667000,-443066000,471317000,471317000,7100000,-0.038,0.187,0.038,0.072,2612000,113873000,1.0,16125868,15994467,15994467,29.468,477800000,10737000,9282000,7157000,29.625,57788000
XRM,MRY,2017-12-31,2017-12-31,2017-12-31,2018-04-30,-111259000,567849000,564136000,195262000,372587000,0.853,-8.337,-10537000,17253000,17253000,296199000,-14646000,1.587,-5.161,508868000,19012000,489856000,508868000,0,33105000,0,0.0,0.0,51808000,84913000,0.177,84913000,51808000,-1007000,-0.9,-0.9,-0.9,-136466000,-134999500,-136466000,583632585,11,6.873,14178000,0.871,1.0,184849000,0.384,70748000,52815000,865693000,884476500,74725000,0,0,0,704315000,123023000,581292000,69726585,4445000,0,0,-6683000,0,-7902000,-11736000,0,24715000,-632000,-14646000,-14646000,-14646000,0,0,-0.03,130067000,54782000,39856000,0.0,-0.511,-4.761,-4.733,282378000,0,4.26,0.145,0.144,76633000,-457712000,481048000,481048000,6581000,-0.026,0.108,0.059,0.108,2518000,115602000,1.0,16367743,16282536,16282536,29.544,497101000,10103000,13639000,12897000,30.369,72239000
