ticker,dimension,calendardate,datekey,reportperiod,lastupdated,accoci,assets,assetsavg,assetsc,assetsnc,assetturnover,bvps,capex,cashneq,cashnequsd,cor,consolinc,currentratio,de,debt,debtc,debtnc,debtusd,deferredrev,depamor,deposits,divyield,dps,ebit,ebitda,ebitdamargin,ebitdausd,ebitusd,ebt,eps,epsdil,epsusd,equity,equityavg,equityusd,ev,evebit,evebitda,fcf,fcfps,fxusd,gp,grossmargin,intangibles,intexp,invcap,invcapavg,inventory,investments,investmentsc,investmentsnc,liabilities,liabilitiesc,liabilitiesnc,marketcap,ncf,ncfbus,ncfcommon,ncfdebt,ncfdiv,ncff,ncfi,ncfinv,ncfo,ncfx,netinc,netinccmn,netinccmnusd,netincdis,netincnci,netmargin,opex,opinc,payables,payoutratio,pb,pe,pe1,ppnenet,prefdivis,price,ps,ps1,receivables,retearn,revenue,revenueusd,rnd,roa,roe,roic,ros,sbcomp,sgna,sharefactor,sharesbas,shareswa,shareswadil,sps,tangibles,taxassets,taxexp,taxliabilities,tbvps,workingcapital
AAP,MRY,2011-12-31,2011-12-31,2011-12-31,2018-02-21,2804000,3655754000,3627668250,2293820000,1361934000,1.701,11.664,-266841000,57901000,57901000,3101172000,394682000,1.048,3.311,415984000,848000,415136000,415984000,0,175949000,0,0.003,0.24,664185000,840134000,0.136,840134000,664185000,633236000,5.21,5.11,5.21,847914000,818425500,847914000,5578863928,8,6.64,562008000,7.432,1.0,3069290000,0.497,107769000,30949000,1718193000,1879020250,2043158000,0,0,0,2807840000,2187875000,619965000,5044405928,-1308000,-23133000,-610093000,121625000,-18554000,-540183000,-289974000,0,828849000,0,394682000,394682000,394682000,0,0,0.064,2404648000,664642000,1653183000,0.046,5.949,12.781,13.365,1223099000,0,69.63,0.818,0.853,140007000,1989629000,6170462000,6170462000,0,0.109,0.482,0.353,0.108,9890000,2404648000,1.0,72445870,75620000,77071000,81.598,3547985000,0,238554000,0,48.806,105945000
AAP,MRY,2012-12-31,2012-12-29,2012-12-29,2018-02-21,2667000,4613814000,4296319500,3184200000,1429614000,1.444,16.538,-264609000,598111000,598111000,3106967000,387670000,1.244,2.811,605088000,627000,604461000,605088000,0,189544000,0,0.003,0.24,657915000,847459000,0.137,847459000,657915000,624074000,5.29,5.22,5.29,1210694000,1098980500,1210694000,5367130717,8,6.333,420672000,5.755,1.0,3098036000,0.499,105234000,33841000,1955919000,1949373500,2308609000,0,0,0,3403120000,2559638000,843482000,5246264717,540210000,-8369000,-18600000,177445000,-17596000,127907000,-272978000,0,685281000,0,387670000,387670000,387670000,0,0,0.062,2440721000,657315000,2029814000,0.045,4.333,13.533,13.518,1291759000,0,71.51,0.845,0.842,229866000,714900000,6205003000,6205003000,0,0.09,0.353,0.338,0.106,-7863000,2440721000,1.0,73364071,73091000,74062000,84.894,4508580000,0,236404000,0,61.586,624562000
AAP,MRY,2013-12-31,2013-12-28,2013-12-28,2018-02-21,3683000,5564774000,5027311500,3989384000,1575390000,1.292,20.834,-195012000,1112471000,1112471000,3241668000,391758000,1.443,2.67,1053584000,916000,1052668000,1053584000,0,207795000,0,0.002,0.24,663016000,870811000,0.134,870811000,663016000,626398000,5.36,5.32,5.36,1516205000,1405869750,1516205000,8043459882,12,9.237,350238000,4.802,1.0,3252146000,0.501,249707000,36618000,2491395000,2171300500,2556557000,0,0,0,4048569000,2764785000,1283784000,8005703882,514360000,-167095000,-77184000,445679000,-17574000,331217000,-362107000,0,545250000,0,391758000,391758000,391758000,0,0,0.06,2591828000,660318000,2180614000,0.045,5.28,20.435,20.507,1283970000,0,109.92,1.233,1.234,277595000,1089112000,6493814000,6493814000,0,0.078,0.279,0.305,0.102,-3129000,2591828000,1.0,72832095,72930000,73414000,89.042,5315067000,0,234640000,0,73.032,1224599000
AAP,MRY,2014-12-31,2015-01-03,2015-01-03,2018-02-21,-12337000,7962358000,7960673500,4741040000,3221318000,1.237,27.441,-227454000,104671000,104671000,5390248000,493825000,1.297,2.975,1636893000,582000,1636311000,1636893000,0,284693000,0,0.002,0.24,854802000,1139495000,0.116,1139495000,854802000,781394000,6.75,6.71,6.75,2002912000,1852391750,2002912000,13220022863,15,11.602,481537000,6.603,1.0,4453613000,0.452,1743551000,73408000,4096613000,4212013000,3936955000,0,0,0,5959446000,3654416000,2305030000,11573956863,-1007800000,-2060783000,1424000,599619000,-17580000,575911000,-2288237000,0,708991000,-4465000,493825000,493825000,493825000,0,0,0.05,3601903000,851710000,3095365000,0.036,5.779,23.437,23.49,1432030000,0,158.56,1.176,1.175,579825000,1565341000,9843861000,9843861000,0,0.062,0.267,0.203,0.087,11218000,3601903000,1.0,72994178,72932000,73414000,134.973,6218807000,0,287569000,446351000,85.202,1086624000
AAP,MRY,2015-12-31,2016-01-02,2016-01-02,2018-02-21,-44059000,8127701000,8155951750,4940746000,3186955000,1.194,33.59,-234477000,90782000,90782000,5314246000,473398000,1.301,2.303,1206895000,598000,1206297000,1206895000,0,269476000,0,0.002,0.24,818296000,1087772000,0.112,1087772000,818296000,752888000,6.45,6.4,6.45,2460648000,2327360250,2460648000,12211191214,14,11.226,468167000,6.397,1.0,4422772000,0.454,1676609000,65408000,3769728000,3874951750,4174768000,0,0,0,5667053000,3797477000,1869576000,11022840214,-13889000,0,-1491000,-426322000,-17649000,-458954000,-253366000,0,702644000,-4213000,473398000,473398000,473398000,0,0,0.049,3596992000,825780000,3203922000,0.037,4.48,23.285,23.335,1434577000,0,150.51,1.132,1.131,597788000,2021077000,9737018000,9737018000,0,0.058,0.203,0.211,0.084,36929000,3596992000,1.0,73236597,73190000,73733000,133.038,6451092000,0,279490000,433925000,88.062,1143269000
AAP,MRY,2016-12-31,2016-12-31,2016-12-31,2018-02-21,-39701000,8315033000,8401542500,5172764000,3142269000,1.139,39.581,-257347000,135178000,135178000,5311764000,459622000,1.407,1.851,1042949000,0,1042949000,1042949000,0,258387000,0,0.001,0.24,798745000,1057132000,0.11,1057132000,798745000,738835000,6.22,6.2,6.22,2916192000,2787487250,2916192000,13379812060,16,12.657,265956000,3.615,1.0,4255915000,0.445,1631780000,59910000,3914978000,3940839250,4325868000,0,0,0,5398841000,3676046000,1722795000,12456301060,44396000,0,-13861000,-165573000,-17738000,-217120000,-262044000,0,523303000,257000,459622000,459622000,459622000,0,0,0.048,3468317000,787598000,3086177000,0.039,4.271,27.101,27.19,1446340000,0,169.12,1.302,1.3,641252000,2462935000,9567679000,9567679000,0,0.055,0.165,0.203,0.083,20452000,3468317000,1.0,73653625,73562000,73856000,130.063,6683253000,0,279213000,454282000,90.711,1496718000
AAP,MRY,2017-12-31,2017-12-30,2017-12-30,2018-02-21,-24954000,8482301000,8454148750,5426892000,3055409000,1.109,46.212,-178659000,546937000,546937000,5288735000,475505000,1.559,1.484,1044327000,0,1044327000,1044327000,0,249260000,0,0.002,0.24,579060000,828320000,0.088,828320000,579060000,520259000,6.44,6.42,6.44,3415196000,3199483750,3415196000,8047601906,13,9.716,422146000,5.717,1.0,4085049000,0.436,1591967000,58801000,3907627000,4006903250,4168492000,0,0,0,5067105000,3480097000,1587008000,7366895906,411759000,0,-2422000,14004000,-17854000,-14872000,-178639000,0,600805000,4465000,475505000,475505000,475505000,0,0,0.051,3514837000,570212000,2894582000,0.037,2.157,15.493,15.48,1394138000,0,99.69,0.786,0.785,606357000,2920096000,9373784000,9373784000,0,0.056,0.149,0.145,0.062,35267000,3514837000,1.0,73898043,73846000,74110000,126.937,6890334000,0,44754000,303620000,93.235,1946795000
