ticker,dimension,calendardate,datekey,reportperiod,lastupdated,accoci,assets,assetsavg,assetsc,assetsnc,assetturnover,bvps,capex,cashneq,cashnequsd,cor,consolinc,currentratio,de,debt,debtc,debtnc,debtusd,deferredrev,depamor,deposits,divyield,dps,ebit,ebitda,ebitdamargin,ebitdausd,ebitusd,ebt,eps,epsdil,epsusd,equity,equityavg,equityusd,ev,evebit,evebitda,fcf,fcfps,fxusd,gp,grossmargin,intangibles,intexp,invcap,invcapavg,inventory,investments,investmentsc,investmentsnc,liabilities,liabilitiesc,liabilitiesnc,marketcap,ncf,ncfbus,ncfcommon,ncfdebt,ncfdiv,ncff,ncfi,ncfinv,ncfo,ncfx,netinc,netinccmn,netinccmnusd,netincdis,netincnci,netmargin,opex,opinc,payables,payoutratio,pb,pe,pe1,ppnenet,prefdivis,price,ps,ps1,receivables,retearn,revenue,revenueusd,rnd,roa,roe,roic,ros,sbcomp,sgna,sharefactor,sharesbas,shareswa,shareswadil,sps,tangibles,taxassets,taxexp,taxliabilities,tbvps,workingcapital
AAPL,MRY,2011-12-31,2011-09-24,2011-09-24,2018-02-03,443000000,116371000000,101193750000,44988000000,71383000000,1.07,11.791,-7452000000,9815000000,9815000000,64431000000,25922000000,1.608,0.519,0,0,0,0,5777000000,1814000000,0,0.0,0.0,34205000000,36019000000,0.333,36019000000,34205000000,34205000000,4.007,3.954,4.007,76615000000,65525250000,76615000000,362731845210,10,10.071,30077000000,4.649,1.0,43818000000,0.405,4432000000,0,74154000000,61088250000,776000000,71755000000,16137000000,55618000000,39756000000,27970000000,11786000000,374822845210,-1446000000,-244000000,831000000,0,0,1444000000,-40419000000,-32464000000,37529000000,0,25922000000,25922000000,25922000000,0,0,0.239,10028000000,33790000000,14632000000,0.0,4.892,14.46,14.414,7777000000,0,57.757,3.463,3.452,11717000000,62841000000,108249000000,108249000000,2429000000,0.256,0.396,0.56,0.316,1168000000,7599000000,1.0,6489636202,6469806000,6556515000,16.731,111939000000,2014000000,8283000000,0,17.227,17018000000
AAPL,MRY,2012-12-31,2012-09-29,2012-09-29,2018-02-03,499000000,176064000000,157143750000,57653000000,118411000000,0.996,17.998,-9402000000,10746000000,10746000000,87846000000,41733000000,1.496,0.489,0,0,0,0,8601000000,3277000000,0,0.004,0.379,55763000000,59040000000,0.377,59040000000,55763000000,55763000000,6.38,6.31,6.38,118210000000,105627000000,118210000000,617403229630,11,10.457,41454000000,6.335,1.0,68662000000,0.439,5359000000,0,121417000000,107818750000,791000000,110505000000,18383000000,92122000000,57854000000,38542000000,19312000000,625348229630,931000000,-350000000,665000000,0,-2488000000,-1698000000,-48227000000,-38427000000,50856000000,0,41733000000,41733000000,41733000000,0,0,0.267,13421000000,55241000000,21175000000,0.059,5.29,14.985,14.937,15452000000,0,95.301,3.996,3.985,18692000000,101289000000,156508000000,156508000000,3381000000,0.266,0.395,0.517,0.356,1740000000,10040000000,1.0,6561842000,6543726000,6617483000,23.917,170705000000,2583000000,14030000000,0,25.991,19111000000
AAPL,MRY,2013-12-31,2013-09-28,2013-09-28,2018-02-03,-471000000,207000000000,199421750000,73286000000,133714000000,0.857,19.521,-9076000000,14259000000,14259000000,106606000000,37037000000,1.679,0.675,16960000000,0,16960000000,16960000000,10060000000,6757000000,0,0.024,1.629,50155000000,56912000000,0.333,56912000000,50155000000,50155000000,5.72,5.68,5.72,123549000000,127434750000,123549000000,444286926750,8,7.807,44590000000,6.884,1.0,64304000000,0.376,5756000000,0,160287000000,148129250000,1764000000,132502000000,26287000000,106215000000,83451000000,43658000000,39793000000,438576926750,3513000000,-496000000,-22330000000,16896000000,-10564000000,-16379000000,-33774000000,-24042000000,53666000000,0,37037000000,37037000000,37037000000,0,0,0.217,15305000000,48999000000,22367000000,0.285,3.55,11.842,12.057,16597000000,0,68.964,2.566,2.614,20641000000,104256000000,170910000000,170910000000,4475000000,0.186,0.291,0.339,0.293,2253000000,10830000000,1.0,6359479000,6477320000,6521634000,26.386,201244000000,3453000000,13118000000,0,31.796,29628000000
AAPL,MRY,2014-12-31,2014-09-27,2014-09-27,2018-02-03,1082000000,231839000000,221383000000,68531000000,163308000000,0.826,18.798,-9813000000,13844000000,13844000000,112258000000,39510000000,1.08,1.078,35295000000,6308000000,28987000000,35295000000,11522000000,7946000000,0,0.018,1.811,53483000000,61429000000,0.336,61429000000,53483000000,53483000000,6.49,6.45,6.49,111547000000,120587500000,111547000000,621340600250,11,10.115,49900000000,8.2,1.0,70537000000,0.386,8758000000,0,181084000000,173076000000,2111000000,141395000000,11233000000,130162000000,120292000000,63448000000,56844000000,603277600250,-415000000,-3765000000,-44270000000,18266000000,-11126000000,-37549000000,-22579000000,-9027000000,59713000000,0,39510000000,39510000000,39510000000,0,0,0.216,18034000000,52503000000,30196000000,0.279,5.408,15.269,15.524,20624000000,0,100.75,3.3,3.354,27219000000,87152000000,182795000000,182795000000,6041000000,0.178,0.328,0.309,0.293,2863000000,11993000000,1.0,5987867000,6085572000,6122663000,30.037,223081000000,4318000000,13973000000,0,37.595,5083000000
AAPL,MRY,2015-12-31,2015-09-26,2015-09-26,2018-02-03,-345000000,290345000000,271646000000,89378000000,200967000000,0.86,21.136,-11488000000,21120000000,21120000000,140089000000,53394000000,1.109,1.433,64328000000,10999000000,53329000000,64328000000,12564000000,11257000000,0,0.017,1.98,72515000000,83772000000,0.358,83772000000,72515000000,72515000000,9.28,9.22,9.28,119355000000,124341500000,119355000000,693258240620,9,8.276,69778000000,12.128,1.0,93626000000,0.401,9009000000,0,243934000000,225340000000,2349000000,184546000000,20481000000,164065000000,170990000000,80610000000,90380000000,654159240620,7276000000,-343000000,-34710000000,29305000000,-11561000000,-17716000000,-56274000000,-44417000000,81266000000,0,53394000000,53394000000,53394000000,0,0,0.228,22396000000,71230000000,35490000000,0.213,5.481,12.252,12.361,22471000000,0,114.71,2.799,2.824,30343000000,92284000000,233715000000,233715000000,8067000000,0.197,0.429,0.322,0.31,3586000000,14329000000,1.0,5702722000,5753421000,5793069000,40.622,281336000000,0,19121000000,0,49.821,8768000000
AAPL,MRY,2016-12-31,2016-09-24,2016-09-24,2018-02-03,634000000,321686000000,306462250000,106869000000,214817000000,0.704,23.896,-13548000000,20484000000,20484000000,131376000000,45687000000,1.353,1.508,87032000000,11605000000,75427000000,87032000000,11010000000,10505000000,0,0.019,2.18,61372000000,71877000000,0.333,71877000000,61372000000,61372000000,8.35,8.31,8.35,128249000000,128378500000,128249000000,674029410530,10,9.378,52276000000,9.555,1.0,84263000000,0.391,8620000000,0,300608000000,283318250000,2132000000,217101000000,46671000000,170430000000,193437000000,79006000000,114431000000,607331410530,-636000000,-297000000,-29227000000,22057000000,-12150000000,-20483000000,-45977000000,-32022000000,65824000000,0,45687000000,45687000000,45687000000,0,0,0.212,24239000000,60024000000,37294000000,0.261,4.736,13.293,13.498,27010000000,0,112.71,2.816,2.859,29299000000,96364000000,215639000000,215639000000,10045000000,0.149,0.356,0.217,0.285,4210000000,14194000000,1.0,5388443000,5470820000,5500281000,39.416,313066000000,0,15685000000,0,58.333,27863000000
AAPL,MRY,2017-12-31,2017-09-30,2017-09-30,2018-02-03,-150000000,375319000000,346541250000,128645000000,246674000000,0.661,26.031,-12795000000,20289000000,20289000000,141048000000,48351000000,1.276,1.8,115680000000,18473000000,97207000000,115680000000,10384000000,10157000000,0,0.016,2.4,64089000000,74246000000,0.324,74246000000,64089000000,64089000000,9.27,9.21,9.27,134047000000,133236000000,134047000000,885832939360,13,11.931,50803000000,9.738,1.0,88186000000,0.385,8015000000,0,361881000000,338449500000,4855000000,248606000000,53892000000,194714000000,241272000000,100814000000,140458000000,796064939360,-195000000,-329000000,-32345000000,29014000000,-12769000000,-17347000000,-46446000000,-33542000000,63598000000,0,48351000000,48351000000,48351000000,0,0,0.211,26842000000,61344000000,49049000000,0.259,5.939,16.464,16.626,33783000000,0,154.12,3.473,3.508,35673000000,98330000000,229234000000,229234000000,11581000000,0.14,0.363,0.189,0.28,4840000000,15261000000,1.0,5165228000,5217242000,5251692000,43.938,367304000000,0,15738000000,0,71.329,27831000000
