ticker,dimension,calendardate,datekey,reportperiod,lastupdated,accoci,assets,assetsavg,assetsc,assetsnc,assetturnover,bvps,capex,cashneq,cashnequsd,cor,consolinc,currentratio,de,debt,debtc,debtnc,debtusd,deferredrev,depamor,deposits,divyield,dps,ebit,ebitda,ebitdamargin,ebitdausd,ebitusd,ebt,eps,epsdil,epsusd,equity,equityavg,equityusd,ev,evebit,evebitda,fcf,fcfps,fxusd,gp,grossmargin,intangibles,intexp,invcap,invcapavg,inventory,investments,investmentsc,investmentsnc,liabilities,liabilitiesc,liabilitiesnc,marketcap,ncf,ncfbus,ncfcommon,ncfdebt,ncfdiv,ncff,ncfi,ncfinv,ncfo,ncfx,netinc,netinccmn,netinccmnusd,netincdis,netincnci,netmargin,opex,opinc,payables,payoutratio,pb,pe,pe1,ppnenet,prefdivis,price,ps,ps1,receivables,retearn,revenue,revenueusd,rnd,roa,roe,roic,ros,sbcomp,sgna,sharefactor,sharesbas,shareswa,shareswadil,sps,tangibles,taxassets,taxexp,taxliabilities,tbvps,workingcapital
ABC,MRY,2011-12-31,2011-09-30,2011-09-30,2018-02-06,-50868000,14982671000,14662933750,11375041000,3607630000,5.367,10.76,-155274000,1825990000,1825990000,76236682000,706624000,1.046,4.226,1364952000,392089000,972863000,1364952000,0,89659000,0,0.012,0.43,1203266000,1292925000,0.016,1292925000,1203266000,1127118000,2.59,2.54,2.59,2866858000,3041243500,2866858000,9396805041,7,7.268,1012674000,3.717,1.0,2458977000,0.031,2805720000,76148000,840649000,1292304750,5443101000,0,0,0,12115813000,10875264000,1240549000,10035194041,167808000,-45380000,-685046000,-7481000,-117624000,-787722000,-212418000,0,1167948000,0,706624000,706624000,706624000,-9129000,0,0.009,1269457000,1189520000,9191428000,0.166,3.5,14.202,14.39,672862000,0,37.27,0.128,0.129,3793850000,4055664000,78695659000,78695659000,0,0.048,0.232,0.931,0.015,27279000,1138022000,1.0,269256615,272471000,277717000,288.822,12176951000,0,420494000,838718000,45.704,499777000
ABC,MRY,2012-12-31,2012-09-30,2012-09-30,2018-02-06,-32657000,15442256000,15703287500,11058464000,4383792000,4.972,10.109,-133292000,1066608000,1066608000,75446120000,718986000,0.982,5.291,1395931000,0,1395931000,1395931000,0,113765000,0,0.013,0.52,1267067000,1380832000,0.018,1380832000,1267067000,1174498000,2.84,2.8,2.84,2454842000,2808907750,2454842000,9961086618,7,7.214,1172157000,4.635,1.0,2634686000,0.034,3523432000,92569000,982561000,1180396250,5472010000,0,0,0,12987414000,11265586000,1721828000,9740862618,-759382000,-775670000,-1047022000,41306000,-132760000,-1116882000,-947949000,0,1305449000,0,718986000,718986000,718986000,42375000,0,0.009,1331071000,1303615000,9492589000,0.183,3.968,13.548,13.63,743684000,0,38.71,0.125,0.125,3784619000,1270423000,78080806000,78080806000,0,0.046,0.256,1.073,0.016,25954000,1152556000,1.0,251636854,252906000,256903000,308.734,11918824000,0,455512000,963081000,49.08,-207122000
ABC,MRY,2013-12-31,2013-09-30,2013-09-30,2018-02-06,-35483000,18918638000,16776233250,14393651000,4524987000,5.243,10.066,-202450000,1231006000,1231006000,85451348000,433707000,0.968,7.155,1396606000,0,1396606000,1396606000,0,138690000,0,0.017,1.05,838627000,977317000,0.011,977317000,838627000,764730000,1.88,1.84,1.88,2319745000,2355363500,2319745000,13937034509,16,14.261,585675000,2.535,1.0,2507819000,0.029,3499713000,73897000,713890000,817735750,6981494000,0,0,0,16598893000,14870635000,1728258000,14108180509,164398000,329980000,-328463000,-8975000,-195716000,-740987000,117260000,0,788125000,0,433707000,433707000,433707000,59728000,0,0.005,1609420000,898399000,13335792000,0.559,6.082,32.529,32.5,803561000,0,61.1,0.16,0.161,6051920000,1508414000,87959167000,87959167000,0,0.026,0.184,1.026,0.01,36275000,1333712000,1.0,230903118,231067000,235345000,380.665,15418925000,0,331023000,1002279000,66.908,-476984000
ABC,MRY,2014-12-31,2014-09-30,2014-09-30,2018-02-06,-52046000,21532183000,20580032750,16800205000,4731978000,5.81,8.735,-264457000,1808513000,1808513000,116586761000,274230000,0.974,10.003,1995632000,0,1995632000,1995632000,0,165479000,0,0.012,0.94,745951000,911430000,0.008,911430000,745951000,662317000,1.21,1.16,1.21,1956899000,2084142750,1956899000,18078319158,24,19.835,1200197000,5.279,1.0,2982366000,0.025,3481744000,83634000,987398000,1381876000,8593852000,0,0,0,19575284000,17250160000,2325124000,17344701158,577507000,-9103000,-626020000,548894000,-214469000,-502992000,-384155000,-117794000,1464654000,0,274230000,274230000,274230000,7546000,0,0.002,2200275000,782091000,15592834000,0.777,8.863,63.249,63.884,899582000,0,77.3,0.145,0.147,6312883000,1570429000,119569127000,119569127000,0,0.013,0.132,0.54,0.006,43107000,1580664000,1.0,224381645,227367000,235405000,525.886,18050439000,0,388087000,1336668000,80.569,-449955000
ABC,MRY,2015-12-31,2015-09-30,2015-09-30,2018-02-06,-136333000,27962982000,26801733000,20334488000,7628494000,5.073,2.906,-231585000,2167442000,2167442000,132432490000,-138165000,0.942,44.366,3739225000,0,3739225000,3739225000,0,193290000,0,0.012,1.16,378000000,571290000,0.004,571290000,378000000,268964000,-0.63,-0.63,-0.63,616386000,1469152750,616386000,21732006998,57,38.04,3690643000,16.946,1.0,3529313000,0.026,6137510000,109036000,1819028000,1434475250,9755094000,0,0,0,27346596000,21578227000,5768369000,20537038998,358929000,-2616249000,-1859106000,1496390000,-253919000,-632134000,-2931165000,-86214000,3922228000,0,-138165000,-138165000,-138165000,0,0,-0.001,3107093000,422220000,20886439000,-1.841,33.318,-148.641,-150.778,1192510000,0,94.99,0.151,0.152,8222951000,1164489000,135961803000,135961803000,0,-0.005,-0.094,0.264,0.003,60944000,1907840000,1.0,216202116,217786000,217786000,624.291,21825472000,0,407129000,1944240000,102.913,-1243739000
ABC,MRY,2016-12-31,2016-09-30,2016-09-30,2018-02-06,-114308000,33637501000,32200725250,22851847000,10785654000,4.56,9.718,-464616000,2741832000,2741832000,142577080000,1427929000,0.904,14.797,4462694000,610210000,3852484000,4462694000,0,232538000,0,0.017,1.36,1530822000,1763360000,0.012,1763360000,1530822000,1390910000,6.73,6.32,6.73,2129404000,1874975500,2129404000,19888247118,12,11.279,2713881000,12.789,1.0,4272606000,0.029,8959346000,139912000,1118648000,1363154000,10723920000,0,0,0,31508097000,25280369000,6227728000,17346233118,574390000,-2731356000,-2266344000,713214000,-288477000,565072000,-3169179000,40712000,3178497000,0,1427929000,1427929000,1427929000,0,0,0.01,2746832000,1525774000,23926320000,0.202,8.146,12.148,12.003,1530682000,0,80.78,0.118,0.117,9175876000,2303941000,146849686000,146849686000,0,0.044,0.762,1.123,0.01,64992000,2091237000,1.0,214734255,212206000,225959000,692.015,24678155000,0,-37019000,2214774000,112.619,-2428522000
ABC,MRY,2017-12-31,2017-09-30,2017-09-30,2018-02-06,-95850000,35316470000,34571691250,24303299000,11013171000,4.43,9.449,-466397000,2435115000,2435115000,148597824000,364484000,0.906,16.107,3793690000,12121000,3781569000,3793690000,0,262420000,0,0.018,1.46,1063072000,1325492000,0.009,1325492000,1063072000,917887000,1.67,1.64,1.67,2064461000,2315956000,2064461000,20605927003,19,15.546,1037741000,4.752,1.0,4546002000,0.03,8877562000,145185000,979318000,1908328500,11461428000,0,0,0,33252009000,26818165000,6433844000,18131482003,-306717000,-49554000,-329929000,-749553000,-320270000,-1312814000,-498041000,14796000,1504138000,0,364484000,364484000,364484000,0,0,0.002,3485660000,1060342000,25404042000,0.874,8.783,49.746,49.551,1797945000,0,82.75,0.118,0.118,10303324000,2395218000,153143826000,153143826000,0,0.011,0.157,0.557,0.007,62206000,2128730000,1.0,219111565,218375000,221602000,701.288,26438908000,0,553403000,2576869000,121.006,-2514866000
