ticker,dimension,calendardate,datekey,reportperiod,lastupdated,accoci,assets,assetsavg,assetsc,assetsnc,assetturnover,bvps,capex,cashneq,cashnequsd,cor,consolinc,currentratio,de,debt,debtc,debtnc,debtusd,deferredrev,depamor,deposits,divyield,dps,ebit,ebitda,ebitdamargin,ebitdausd,ebitusd,ebt,eps,epsdil,epsusd,equity,equityavg,equityusd,ev,evebit,evebitda,fcf,fcfps,fxusd,gp,grossmargin,intangibles,intexp,invcap,invcapavg,inventory,investments,investmentsc,investmentsnc,liabilities,liabilitiesc,liabilitiesnc,marketcap,ncf,ncfbus,ncfcommon,ncfdebt,ncfdiv,ncff,ncfi,ncfinv,ncfo,ncfx,netinc,netinccmn,netinccmnusd,netincdis,netincnci,netmargin,opex,opinc,payables,payoutratio,pb,pe,pe1,ppnenet,prefdivis,price,ps,ps1,receivables,retearn,revenue,revenueusd,rnd,roa,roe,roic,ros,sbcomp,sgna,sharefactor,sharesbas,shareswa,shareswadil,sps,tangibles,taxassets,taxexp,taxliabilities,tbvps,workingcapital
ACN,MRY,2011-12-31,2011-08-31,2011-08-31,2017-12-22,-134380000,15731510000,14349506500,11471183000,4260327000,1.906,6.72,-396959000,5701078000,5701078000,18966195000,2553240000,1.451,2.616,4419000,4419000,0,4419000,2772710000,513256000,0,0.017,0.9,3251459000,3764715000,0.138,3764715000,3251459000,3236459000,3.53,3.39,3.53,4350872000,3971546250,4350872000,29282557960,9,7.778,3044780000,4.716,1.0,8386719000,0.307,1131991000,15000000,996271000,1323889250,0,45294000,4929000,40365000,11380638000,7906589000,3474049000,34534620960,862786000,-306187000,-1614511000,-1608000,-643642000,-2121504000,-703387000,-241000,3441739000,245938000,2277677000,2277677000,2277677000,0,275563000,0.083,4916262000,3470457000,949250000,0.255,7.937,15.162,15.181,785231000,0,53.59,1.263,1.265,4670984000,6281517000,27352914000,27352914000,0,0.159,0.573,2.456,0.119,450137000,4914742000,1.0,644422858,645631170,743211312,42.366,14599519000,1312239000,958782000,2310523000,22.55,3564594000
ACN,MRY,2012-12-31,2012-08-31,2012-08-31,2017-12-22,-678148000,16665415000,15825067750,12587931000,4077484000,1.882,7.271,-365997000,6640526000,6640526000,20790284000,2824933000,1.552,2.604,33000,11000,22000,33000,2828816000,593545000,0,0.022,1.35,3647812000,4241357000,0.142,4241357000,3647812000,3632751000,3.97,3.84,3.97,4624428000,4606212500,4624428000,33480493688,9,7.894,3890855000,6.05,1.0,8987701000,0.302,1215383000,15061000,700334000,1173513000,0,30441000,2261000,28180000,12040987000,8109205000,3931782000,39103722688,939448000,-174383000,-1644454000,-6268000,-950857000,-2558855000,-535385000,4995000,4256852000,-223164000,2553510000,2553510000,2553510000,0,271423000,0.086,5116153000,3871548000,903847000,0.34,8.456,15.314,15.516,779494000,0,61.6,1.313,1.33,4492862000,7904242000,29777985000,29777985000,0,0.161,0.554,3.108,0.123,538086000,5114462000,1.0,634800693,643132601,727386654,46.301,15450032000,1494497000,1079241000,2296199000,24.292,4478726000
ACN,MRY,2013-12-31,2013-08-31,2013-08-31,2017-12-22,-1052746000,16867049000,16539389250,11844178000,5022871000,1.838,8.451,-352227000,5631885000,5631885000,21010110000,3554519000,1.451,2.108,25600000,0,25600000,25600000,2748012000,593028000,0,0.022,1.62,4080688000,4673716000,0.154,4673716000,4080688000,4066653000,5.08,4.93,5.08,5427829000,5542933000,5427829000,51835303302,12,11.091,2950901000,4.571,1.0,9384175000,0.309,1818586000,14035000,1281188000,1511604000,0,46156000,2525000,43631000,11439220000,8160990000,3278230000,57773388302,-1008641000,-803988000,-2028540000,54000,-1121738000,-3065629000,-1156215000,0,3303128000,-89925000,3281878000,3281878000,3281878000,0,272641000,0.108,5045495000,4338680000,961851000,0.319,10.644,17.604,14.222,779675000,0,72.25,1.901,1.535,4865021000,10069844000,30394285000,30394285000,0,0.198,0.592,2.7,0.134,615878000,5317537000,1.0,799631672,645536995,713340470,47.084,15048463000,1813484000,784775000,1998348000,23.429,3683188000
ACN,MRY,2014-12-31,2014-08-31,2014-08-31,2017-12-22,-871948000,17930452000,16951495750,11904442000,6026010000,1.88,9.958,-316344000,4921305000,4921305000,22190212000,3175958000,1.459,1.853,26733000,330000,26403000,26733000,2892865000,620743000,0,0.023,1.86,4080862000,4701605000,0.148,4701605000,4080862000,4063241000,4.64,4.52,4.64,6285337000,5908395750,6285337000,61825024164,15,13.15,3169741000,4.998,1.0,9684466000,0.304,2395894000,17621000,2481907000,2712216750,0,69385000,2602000,66783000,11645115000,8158079000,3487036000,65847210164,-710580000,-740067000,-2000937000,543000,-1254916000,-3165416000,-1056411000,0,3486085000,25162000,2941498000,2941498000,2941498000,0,234460000,0.092,5383954000,4300512000,1064228000,0.401,10.476,22.386,17.47,793444000,0,81.06,2.066,1.613,5691373000,11758131000,31874678000,31874678000,0,0.174,0.498,1.505,0.128,671301000,5401969000,1.0,812326797,634216250,692389966,50.258,15534558000,1883925000,1121743000,2241742000,24.612,3746363000
ACN,MRY,2015-12-31,2015-08-31,2015-08-31,2017-12-22,-1411972000,18202647000,17533243000,10700074000,7502573000,1.877,10.642,-389233000,4360766000,4360766000,23105185000,3273789000,1.26,1.738,27435000,1848000,25587000,27435000,2776072000,645923000,0,0.022,2.04,4204900000,4850823000,0.147,4850823000,4204900000,4190322000,4.87,4.76,4.87,6647571000,6419952250,6647571000,73663836989,17,15.186,3786930000,6.042,1.0,9809239000,0.298,2929833000,14578000,2448477000,2718548000,0,47475000,2448000,45027000,11555076000,8491006000,3064070000,77662807989,-560539000,-781151000,-1898840000,701000,-1353471000,-3286322000,-1170384000,0,4176163000,-279996000,3053581000,3053581000,3053581000,0,220208000,0.093,5373370000,4435869000,1151464000,0.419,11.683,25.433,19.357,801884000,0,94.27,2.36,1.795,5740925000,13470008000,32914424000,32914424000,0,0.174,0.476,1.547,0.128,680329000,5308988000,1.0,823833754,626799586,678757070,52.512,15272814000,2089928000,1136741000,1923626000,24.451,2209068000
ACN,MRY,2016-12-31,2016-08-31,2016-08-31,2017-12-22,-1661720000,20609004000,18985426000,11976222000,8632782000,1.833,13.156,-492346000,4905609000,4905609000,24520234000,4349603000,1.349,1.517,27230000,2773000,24457000,27230000,3119540000,729052000,0,0.019,2.2,5382119000,6111171000,0.176,6111171000,5382119000,5365861000,6.58,6.45,6.58,8189376000,7418715500,8189376000,92802651140,17,15.186,4175054000,6.682,1.0,10277427000,0.295,3609437000,16258000,3242264000,3571577000,0,201508000,2875000,198633000,12419628000,8878924000,3540704000,96271656140,544843000,-118004000,-2013632000,-1059000,-1438138000,-3489218000,-610350000,0,4667400000,-22989000,4111892000,4111892000,4111892000,0,237711000,0.118,5466982000,4810445000,1280821000,0.334,11.756,23.413,17.477,956542000,0,115.0,2.767,2.065,6290544000,7879960000,34797661000,34797661000,0,0.217,0.554,1.507,0.155,758176000,5466982000,1.0,837144836,624797820,667770274,55.694,16999567000,2077312000,1253969000,1683051000,27.308,3097298000
ACN,MRY,2017-12-31,2017-08-31,2017-08-31,2017-12-22,-1094784000,22689890000,21086999000,12097289000,10592601000,1.744,15.729,-505656000,4126860000,4126860000,25734986000,3634932000,1.231,1.337,25070000,2907000,22163000,25070000,3332768000,801789000,0,0.019,2.42,4441794000,5243583000,0.143,5243583000,4441794000,4426249000,5.56,5.44,5.56,9710200000,8809040000,9710200000,86206756672,19,16.44,4467383000,7.204,1.0,11030492000,0.3,5002352000,15545000,3761469000,3820750750,0,214621000,3011000,211610000,12979690000,9824279000,3155411000,89561290672,-778749000,-1728223000,-1973006000,-2120000,-1567578000,-3560235000,-2233879000,0,4973039000,42326000,3445149000,3445149000,3445149000,0,189783000,0.094,6397883000,4632609000,1525065000,0.435,9.223,25.996,23.518,1140598000,0,130.76,2.436,2.205,6926195000,7081855000,36765478000,36765478000,0,0.163,0.391,1.163,0.121,795235000,5888090000,1.0,684928806,620104250,660463227,59.289,17687538000,2214901000,981100000,1803754000,28.651,2273010000
