ticker,dimension,calendardate,datekey,reportperiod,lastupdated,accoci,assets,assetsavg,assetsc,assetsnc,assetturnover,bvps,capex,cashneq,cashnequsd,cor,consolinc,currentratio,de,debt,debtc,debtnc,debtusd,deferredrev,depamor,deposits,divyield,dps,ebit,ebitda,ebitdamargin,ebitdausd,ebitusd,ebt,eps,epsdil,epsusd,equity,equityavg,equityusd,ev,evebit,evebitda,fcf,fcfps,fxusd,gp,grossmargin,intangibles,intexp,invcap,invcapavg,inventory,investments,investmentsc,investmentsnc,liabilities,liabilitiesc,liabilitiesnc,marketcap,ncf,ncfbus,ncfcommon,ncfdebt,ncfdiv,ncff,ncfi,ncfinv,ncfo,ncfx,netinc,netinccmn,netinccmnusd,netincdis,netincnci,netmargin,opex,opinc,payables,payoutratio,pb,pe,pe1,ppnenet,prefdivis,price,ps,ps1,receivables,retearn,revenue,revenueusd,rnd,roa,roe,roic,ros,sbcomp,sgna,sharefactor,sharesbas,shareswa,shareswadil,sps,tangibles,taxassets,taxexp,taxliabilities,tbvps,workingcapital
ADM,MRY,2011-12-31,2011-06-30,2011-06-30,2018-02-16,176000000,42352000000,41190250000,27504000000,14848000000,1.959,29.343,-1247000000,615000000,615000000,76376000000,2018000000,2.081,1.248,10319000000,2053000000,8266000000,10319000000,0,877000000,0,0.021,0.62,3515000000,4392000000,0.054,4392000000,3515000000,3033000000,3.17,3.13,3.17,18838000000,16702250000,18838000000,32632088090,9,7.43,-3587000000,-5.587,1.0,4300000000,0.053,602000000,482000000,38236000000,36343000000,12055000000,8041000000,4135000000,3906000000,23514000000,13218000000,10296000000,19232088090,-431000000,-218000000,-301000000,2528000000,-395000000,3584000000,-1675000000,-285000000,-2340000000,0,2036000000,2036000000,2036000000,0,-18000000,0.025,1611000000,2689000000,2581000000,0.196,1.021,9.446,9.511,9500000000,0,30.15,0.238,0.24,4808000000,11996000000,80676000000,80676000000,0,0.049,0.122,0.097,0.044,47000000,1611000000,1.0,637880202,642000000,654000000,125.664,41750000000,0,997000000,1018000000,65.031,14286000000
ADM,MRY,2012-12-31,2012-06-30,2012-06-30,2018-02-16,-907000000,41771000000,41648250000,26954000000,14817000000,2.138,27.322,-1477000000,1291000000,1291000000,85370000000,1242000000,1.843,1.299,10320000000,3785000000,6535000000,10320000000,0,848000000,0,0.023,0.685,2187000000,3035000000,0.034,3035000000,2187000000,1746000000,1.84,1.84,1.84,18169000000,18323500000,18169000000,28951680346,13,9.539,1418000000,2.132,1.0,3668000000,0.041,603000000,441000000,35571000000,35130000000,12192000000,7089000000,3439000000,3650000000,23602000000,14626000000,8976000000,19439680346,676000000,-323000000,-527000000,-64000000,-455000000,-1097000000,-1122000000,648000000,2895000000,0,1223000000,1223000000,1223000000,0,19000000,0.014,2075000000,1593000000,2474000000,0.372,1.07,15.895,16.043,9812000000,0,29.52,0.218,0.22,3439000000,12774000000,89038000000,89038000000,0,0.029,0.067,0.062,0.025,48000000,1626000000,1.0,658525757,665000000,666000000,133.892,41168000000,0,523000000,1001000000,61.907,12328000000
ADM,MRY,2013-12-31,2013-12-31,2013-12-31,2018-02-16,-57000000,43752000000,42166000000,28530000000,15222000000,2.13,30.551,-913000000,3121000000,3121000000,85915000000,1354000000,1.822,1.167,6870000000,1523000000,5347000000,6870000000,0,909000000,0,0.018,0.76,2425000000,3334000000,0.037,3334000000,2425000000,2012000000,2.03,2.02,2.03,20194000000,19437250000,20194000000,32187901472,13,9.654,4313000000,6.525,1.0,3889000000,0.043,561000000,413000000,31282000000,32064500000,11441000000,8440000000,4394000000,4046000000,23558000000,15658000000,7900000000,28555901472,1407000000,42000000,-101000000,-2713000000,-501000000,-3242000000,-577000000,104000000,5226000000,0,1342000000,1342000000,1342000000,0,12000000,0.015,2018000000,1871000000,9345000000,0.374,1.414,21.279,21.379,10137000000,0,43.4,0.318,0.319,3224000000,14077000000,89804000000,89804000000,0,0.032,0.069,0.076,0.027,43000000,1759000000,1.0,657970080,661000000,663000000,135.861,43191000000,0,670000000,1448000000,65.342,12872000000
ADM,MRY,2014-12-31,2014-12-31,2014-12-31,2018-02-16,-1241000000,43997000000,41798000000,26028000000,17969000000,1.943,30.34,-894000000,1099000000,1099000000,76433000000,2253000000,1.668,1.241,5660000000,132000000,5528000000,5660000000,0,894000000,0,0.018,0.96,3462000000,4356000000,0.054,4356000000,3462000000,3125000000,3.44,3.43,3.44,19630000000,20043000000,19630000000,34478952912,9,7.915,4049000000,6.201,1.0,4768000000,0.059,3392000000,337000000,29564000000,30250500000,9374000000,9769000000,5392000000,4377000000,24367000000,15602000000,8765000000,33476952912,-2041000000,-2540000000,-1183000000,-1708000000,-624000000,-3577000000,-3407000000,-105000000,4943000000,0,2248000000,2248000000,2248000000,0,5000000,0.028,2038000000,2730000000,10200000000,0.279,1.705,14.892,15.116,9851000000,0,52.0,0.412,0.418,2704000000,15701000000,81201000000,81201000000,0,0.054,0.112,0.114,0.043,55000000,1933000000,1.0,643787556,653000000,656000000,124.351,40605000000,0,877000000,1662000000,62.759,10426000000
ADM,MRY,2015-12-31,2015-12-31,2015-12-31,2018-02-16,-2146000000,40157000000,40829250000,21829000000,18328000000,1.658,29.858,-1125000000,910000000,910000000,63736000000,1846000000,1.616,1.242,5877000000,98000000,5779000000,5877000000,0,882000000,0,0.031,1.12,2595000000,3477000000,0.051,3477000000,2595000000,2287000000,2.99,2.98,2.99,17915000000,18277000000,17915000000,27950418981,10,8.039,580000000,0.939,1.0,3966000000,0.059,3688000000,308000000,27931000000,29485750000,8243000000,9992000000,5652000000,4340000000,22242000000,13505000000,8737000000,21888418981,-965000000,1060000000,-2040000000,240000000,-687000000,-2649000000,-21000000,35000000,1705000000,0,1849000000,1849000000,1849000000,0,-3000000,0.027,2185000000,1781000000,9294000000,0.375,1.222,11.838,12.268,9853000000,0,36.68,0.323,0.335,1738000000,16865000000,67702000000,67702000000,0,0.045,0.101,0.088,0.038,79000000,1985000000,1.0,596739885,618000000,621000000,109.55,36469000000,0,438000000,1563000000,60.782,8324000000
ADM,MRY,2016-12-31,2016-12-31,2016-12-31,2018-02-16,-2598000000,39769000000,39850250000,21045000000,18724000000,1.565,29.674,-882000000,619000000,619000000,58727000000,1288000000,1.598,1.315,6931000000,427000000,6504000000,6931000000,0,900000000,0,0.026,1.2,2106000000,3006000000,0.048,3006000000,2106000000,1813000000,2.18,2.16,2.18,17181000000,17579750000,17181000000,32638995163,15,10.858,673000000,1.145,1.0,3619000000,0.058,3703000000,293000000,29205000000,29303250000,8831000000,9991000000,5307000000,4684000000,22588000000,13173000000,9415000000,26266995163,-235000000,-597000000,-1000000000,1088000000,-701000000,-579000000,-1211000000,258000000,1555000000,0,1279000000,1279000000,1279000000,0,9000000,0.021,2035000000,1584000000,8764000000,0.55,1.529,20.537,20.94,9758000000,0,45.65,0.421,0.431,1905000000,17444000000,62346000000,62346000000,0,0.032,0.073,0.072,0.034,74000000,1980000000,1.0,575399675,588000000,591000000,106.031,36066000000,0,534000000,1669000000,62.29,7872000000
ADM,MRY,2017-12-31,2017-12-31,2017-12-31,2018-02-16,-1637000000,39963000000,39094750000,19925000000,20038000000,1.556,32.544,-1049000000,804000000,804000000,57322000000,1602000000,1.585,1.181,7493000000,870000000,6623000000,7493000000,0,924000000,0,0.032,1.28,1932000000,2856000000,0.047,2856000000,1932000000,1602000000,2.8,2.79,2.8,18322000000,17611500000,18322000000,29232752505,15,10.236,1162000000,2.042,1.0,3506000000,0.058,3918000000,330000000,30164000000,29548750000,9173000000,10006000000,4826000000,5180000000,21641000000,12570000000,9071000000,22414752505,297000000,-272000000,-750000000,382000000,-730000000,-1028000000,-886000000,447000000,2211000000,0,1595000000,1595000000,1595000000,0,7000000,0.026,2166000000,1340000000,8867000000,0.457,1.223,14.053,14.314,10138000000,0,40.08,0.368,0.375,1947000000,17552000000,60828000000,60828000000,0,0.041,0.091,0.065,0.032,66000000,1993000000,1.0,559250312,569000000,572000000,106.903,36045000000,0,7000000,1053000000,64.023,7355000000
