ticker,dimension,calendardate,datekey,reportperiod,lastupdated,accoci,assets,assetsavg,assetsc,assetsnc,assetturnover,bvps,capex,cashneq,cashnequsd,cor,consolinc,currentratio,de,debt,debtc,debtnc,debtusd,deferredrev,depamor,deposits,divyield,dps,ebit,ebitda,ebitdamargin,ebitdausd,ebitusd,ebt,eps,epsdil,epsusd,equity,equityavg,equityusd,ev,evebit,evebitda,fcf,fcfps,fxusd,gp,grossmargin,intangibles,intexp,invcap,invcapavg,inventory,investments,investmentsc,investmentsnc,liabilities,liabilitiesc,liabilitiesnc,marketcap,ncf,ncfbus,ncfcommon,ncfdebt,ncfdiv,ncff,ncfi,ncfinv,ncfo,ncfx,netinc,netinccmn,netinccmnusd,netincdis,netincnci,netmargin,opex,opinc,payables,payoutratio,pb,pe,pe1,ppnenet,prefdivis,price,ps,ps1,receivables,retearn,revenue,revenueusd,rnd,roa,roe,roic,ros,sbcomp,sgna,sharefactor,sharesbas,shareswa,shareswadil,sps,tangibles,taxassets,taxexp,taxliabilities,tbvps,workingcapital
ADP,MRY,2011-12-31,2011-06-30,2011-06-30,2018-02-01,367100000,34238300000,34843475000,28583500000,5654800000,0.282,12.157,-264600000,1389400000,1389400000,5708400000,1254200000,1.067,4.697,34200000,0,34200000,34200000,828100000,314600000,0,0.027,1.42,1941300000,2255900000,0.229,2255900000,1941300000,1932700000,2.54,2.52,2.54,6010400000,5934300000,6010400000,24758148969,12,10.975,1441200000,2.92,1.0,4124600000,0.419,3789300000,8600000,2307000000,2373700000,0,134300000,36300000,98000000,28227900000,26786800000,1441100000,26324448969,-253900000,-776000000,-254600000,-5700000,-692400000,5339200000,-7340600000,-6302900000,1705800000,41700000,1254200000,1254200000,1254200000,-9200000,0,0.128,2314600000,1810000000,153300000,0.559,4.38,20.989,20.74,716200000,0,52.68,2.677,2.644,1493500000,11803900000,9833000000,9833000000,0,0.036,0.211,0.818,0.197,90300000,2314600000,1.0,499704802,493500000,498300000,19.925,30449000000,0,678500000,402100000,61.588,1796700000
ADP,MRY,2012-12-31,2012-06-30,2012-06-30,2018-02-01,230200000,30817400000,32674525000,25272600000,5544800000,0.324,12.578,-178000000,1548100000,1548100000,6203900000,1388500000,1.087,4.04,16800000,0,16800000,16800000,779400000,319300000,0,0.028,1.545,2129800000,2449100000,0.231,2449100000,2129800000,2122100000,2.85,2.82,2.85,6114000000,6193050000,6114000000,25574677222,12,10.442,1732200000,3.555,1.0,4391500000,0.414,3750300000,7700000,2283100000,2455400000,0,117300000,30400000,86900000,24703400000,23252700000,1450700000,27222477222,158700000,-265700000,-491300000,-2000000,-739700000,-4953900000,3243600000,3703700000,1910200000,-41200000,1388500000,1388500000,1388500000,-13300000,0,0.131,2452900000,1938600000,167400000,0.542,4.452,19.606,19.53,706300000,0,55.66,2.569,2.56,1521500000,12438300000,10595400000,10595400000,0,0.042,0.224,0.867,0.201,94100000,2452900000,1.0,489085110,487300000,492200000,21.743,27067100000,0,733600000,420800000,55.682,2019900000
ADP,MRY,2013-12-31,2013-06-30,2013-06-30,2018-02-01,15400000,32268100000,33977125000,26214500000,6053600000,0.278,12.831,-225200000,1699100000,1699100000,5574100000,1405800000,1.06,4.213,260600000,245900000,14700000,260600000,807800000,251200000,0,0.025,1.7,2160200000,2411400000,0.255,2411400000,2160200000,2151100000,2.91,2.89,2.91,6189900000,6359750000,6189900000,31780015634,14,13.179,1352000000,2.801,1.0,3867900000,0.41,3682400000,9100000,2414400000,2809375000,0,342000000,28000000,314000000,26078200000,24732800000,1345400000,33412415634,151000000,119400000,-441600000,228400000,-805500000,151000000,-1578400000,-1425000000,1577200000,1200000,1405800000,1405800000,1405800000,-283600000,0,0.149,2243100000,1624800000,156500000,0.584,5.398,23.768,23.663,728600000,0,68.86,3.539,3.52,1734000000,13020300000,9442000000,9442000000,0,0.041,0.221,0.769,0.229,65800000,2200400000,1.0,485222417,482700000,487100000,19.561,28585700000,0,745300000,273400000,59.257,1481700000
ADP,MRY,2014-12-31,2014-06-30,2014-06-30,2018-02-01,178200000,32059800000,34114850000,27493000000,4566800000,0.3,13.946,-303000000,1584000000,1584000000,6041000000,1515900000,1.138,3.806,2184500000,2173000000,11500000,2184500000,612300000,266600000,0,0.024,1.875,2300200000,2566800000,0.251,2566800000,2300200000,2294100000,3.17,3.14,3.17,6670200000,6434400000,6670200000,36562164953,15,14.244,1518400000,3.171,1.0,4185400000,0.409,2374500000,6100000,6118200000,4234700000,0,2086300000,2032200000,54100000,25389600000,24167600000,1222000000,38221064953,284500000,24400000,-473100000,1923800000,-883100000,-2358200000,813300000,1182400000,1821400000,8000000,1515900000,1515900000,1515900000,-273300000,0,0.148,2370300000,1815100000,152100000,0.591,5.73,25.213,25.009,667100000,0,79.28,3.737,3.713,1654200000,13632900000,10226400000,10226400000,0,0.044,0.236,0.543,0.225,67200000,2370300000,1.0,482102232,478900000,483100000,21.354,29685300000,0,778200000,235600000,62.064,3325400000
ADP,MRY,2015-12-31,2015-06-30,2015-06-30,2018-02-01,-260600000,33110500000,35982250000,28809200000,4301300000,0.304,10.339,-311900000,1639300000,1639300000,6427600000,1452500000,1.063,5.886,9200000,0,9200000,9200000,591300000,277900000,0,0.147,11.772,2248700000,2526600000,0.231,2526600000,2248700000,2242200000,3.07,3.05,3.07,4808500000,5326525000,4808500000,35871012926,15,14.197,1662100000,3.517,1.0,4510900000,0.412,2296700000,6500000,2070000000,2850650000,0,55500000,26600000,28900000,28302000000,27113700000,1188300000,37669912926,-344300000,735500000,-1448100000,-2175300000,-927600000,1548300000,-3760300000,-4167200000,1974000000,-106300000,1452500000,1452500000,1452500000,-76000000,0,0.133,2496900000,2014000000,194500000,3.835,7.834,25.935,26.134,672700000,0,80.23,3.444,3.466,1579100000,13460300000,10938500000,10938500000,0,0.04,0.273,0.789,0.206,143200000,2496900000,1.0,469524030,472600000,475800000,23.145,30813800000,0,789700000,199300000,66.252,1695500000
ADP,MRY,2016-12-31,2016-06-30,2016-06-30,2018-02-01,-215100000,43670000000,42268850000,39500400000,4169600000,0.276,9.884,-370300000,3191100000,3191100000,6840300000,1492500000,1.102,8.744,2007700000,0,2007700000,2007700000,614300000,288600000,0,0.023,2.08,2289500000,2578100000,0.221,2578100000,2289500000,2233300000,3.27,3.25,3.27,4481600000,4455300000,4481600000,40916282351,17,15.871,1527000000,3.341,1.0,4827500000,0.414,2216200000,56200000,4423000000,4517200000,0,0,0,0,39188400000,35847400000,3341000000,41849982351,1551800000,162200000,-1080400000,1996800000,-943600000,8752700000,-9087200000,-8879100000,1897300000,-11000000,1492500000,1492500000,1492500000,900000,0,0.128,2637000000,2190500000,152300000,0.636,9.338,28.04,28.095,685000000,0,91.87,3.587,3.598,1769900000,14003300000,11667800000,11667800000,0,0.035,0.335,0.507,0.196,137600000,2637000000,1.0,455534803,457000000,459100000,25.531,41453800000,0,740800000,279300000,91.429,3653000000
ADP,MRY,2017-12-31,2017-06-30,2017-06-30,2018-02-01,-379200000,37180000000,38843175000,32658700000,4521300000,0.319,8.947,-470600000,2780400000,2780400000,7269800000,1733400000,1.095,8.349,2002400000,0,2002400000,2002400000,624300000,316100000,0,0.022,2.24,2611100000,2927200000,0.236,2927200000,2611100000,2531100000,3.87,3.85,3.87,3977000000,4036325000,3977000000,44848663846,17,15.321,1655300000,3.697,1.0,5110000000,0.413,2361200000,80000000,4224900000,4269950000,0,0,0,0,33203000000,29815900000,3387100000,45841663846,-410700000,146600000,-1163900000,-2000000,-995200000,-8281700000,5730400000,6054400000,2125900000,14700000,1733400000,1733400000,1733400000,0,0,0.14,2783200000,2326800000,149700000,0.579,11.527,26.446,26.475,779900000,0,102.46,3.703,3.706,1731600000,14728200000,12379800000,12379800000,0,0.045,0.429,0.612,0.211,138900000,2783200000,1.0,447410344,447800000,450300000,27.646,34818800000,0,797700000,212100000,78.333,2842800000
