ticker,dimension,calendardate,datekey,reportperiod,lastupdated,accoci,assets,assetsavg,assetsc,assetsnc,assetturnover,bvps,capex,cashneq,cashnequsd,cor,consolinc,currentratio,de,debt,debtc,debtnc,debtusd,deferredrev,depamor,deposits,divyield,dps,ebit,ebitda,ebitdamargin,ebitdausd,ebitusd,ebt,eps,epsdil,epsusd,equity,equityavg,equityusd,ev,evebit,evebitda,fcf,fcfps,fxusd,gp,grossmargin,intangibles,intexp,invcap,invcapavg,inventory,investments,investmentsc,investmentsnc,liabilities,liabilitiesc,liabilitiesnc,marketcap,ncf,ncfbus,ncfcommon,ncfdebt,ncfdiv,ncff,ncfi,ncfinv,ncfo,ncfx,netinc,netinccmn,netinccmnusd,netincdis,netincnci,netmargin,opex,opinc,payables,payoutratio,pb,pe,pe1,ppnenet,prefdivis,price,ps,ps1,receivables,retearn,revenue,revenueusd,rnd,roa,roe,roic,ros,sbcomp,sgna,sharefactor,sharesbas,shareswa,shareswadil,sps,tangibles,taxassets,taxexp,taxliabilities,tbvps,workingcapital
AES,MRY,2011-12-31,2011-12-31,2011-12-31,2018-02-28,-2758000000,45346000000,42341000000,9229000000,36117000000,0.38,7.747,-2430000000,2172000000,2172000000,12058000000,1530000000,1.094,5.99,22020000000,2428000000,19592000000,22020000000,0,1262000000,0,0.0,0.0,2244000000,3506000000,0.218,3506000000,2244000000,714000000,0.07,0.07,0.07,5946000000,6470500000,5946000000,25778771126,11,7.353,454000000,0.591,1.0,4040000000,0.251,4365000000,1530000000,52391000000,50002750000,775000000,2778000000,1356000000,1422000000,35617000000,8438000000,27179000000,9087771126,-736000000,-2639000000,-279000000,2981000000,0,1412000000,-4906000000,259000000,2884000000,-122000000,58000000,58000000,58000000,0,1472000000,0.004,622000000,3418000000,2008000000,0.0,1.528,156.686,169.143,25001000000,0,11.84,0.565,0.565,2522000000,678000000,16098000000,16098000000,0,0.001,0.009,0.045,0.139,0,346000000,1.0,767548237,767548237,,20.973,40981000000,1169000000,656000000,1321000000,53.392,791000000
AES,MRY,2012-12-31,2012-12-31,2012-12-31,2018-02-28,-2920000000,41830000000,42841500000,8465000000,33365000000,0.401,6.141,-2108000000,2634000000,2634000000,13581000000,-357000000,1.018,7.511,20721000000,2505000000,18216000000,20721000000,0,1394000000,0,0.004,0.04,1317000000,2711000000,0.158,2711000000,1317000000,-227000000,-1.21,-1.21,-1.21,4569000000,5401250000,4569000000,26842383663,20,9.901,793000000,1.066,1.0,3583000000,0.209,2323000000,1544000000,49275000000,50913750000,719000000,1889000000,693000000,1196000000,34316000000,8319000000,25997000000,7960383663,276000000,619000000,-301000000,-652000000,-30000000,-1867000000,-895000000,441000000,2901000000,5000000,-912000000,-912000000,-912000000,0,555000000,-0.053,2246000000,1337000000,2545000000,-0.033,1.742,-8.728,-8.843,24635000000,0,10.7,0.464,0.464,2539000000,-264000000,17164000000,17164000000,0,-0.021,-0.169,0.026,0.077,0,274000000,1.0,743961090,743961090,,23.071,39507000000,1139000000,685000000,1179000000,53.104,146000000
AES,MRY,2013-12-31,2013-12-31,2013-12-31,2018-02-28,-2882000000,40411000000,41303750000,7739000000,32672000000,0.385,5.833,-1988000000,2239000000,2239000000,12644000000,551000000,1.011,7.566,21049000000,2180000000,18869000000,21049000000,0,1294000000,0,0.011,0.16,1939000000,3233000000,0.203,3233000000,1939000000,457000000,0.15,0.15,0.15,4330000000,4631250000,4330000000,29156166438,15,9.018,727000000,0.979,1.0,3247000000,0.204,1919000000,1482000000,49649000000,49424500000,684000000,1678000000,668000000,1010000000,32760000000,7653000000,25107000000,10771166438,-258000000,163000000,-322000000,-186000000,-119000000,-1136000000,-1774000000,-82000000,2715000000,-59000000,114000000,114000000,114000000,0,437000000,0.007,763000000,2484000000,2259000000,1.067,2.488,94.484,96.733,25112000000,0,14.51,0.678,0.678,2363000000,-150000000,15891000000,15891000000,0,0.003,0.025,0.039,0.122,0,220000000,1.0,742327115,742327115,,21.407,38492000000,832000000,343000000,1119000000,51.853,86000000
AES,MRY,2014-12-31,2014-12-31,2014-12-31,2018-02-28,-3286000000,38966000000,39588750000,7826000000,31140000000,0.407,5.991,-2016000000,1822000000,1822000000,13144000000,1147000000,1.118,7.407,20858000000,2133000000,18725000000,20858000000,0,1245000000,0,0.015,0.2,2591000000,3836000000,0.238,3836000000,2591000000,1140000000,1.07,1.06,1.07,4272000000,4268250000,4272000000,28727648322,11,7.489,-225000000,-0.316,1.0,2980000000,0.185,1739000000,1451000000,49266000000,49978500000,702000000,1246000000,709000000,537000000,31641000000,6997000000,24644000000,9818648322,-119000000,1079000000,-308000000,-420000000,-144000000,-1262000000,-656000000,-120000000,1791000000,-51000000,769000000,769000000,769000000,0,378000000,0.048,507000000,2473000000,2278000000,0.187,2.298,12.768,12.869,25151000000,0,13.77,0.609,0.609,2709000000,512000000,16124000000,16124000000,0,0.019,0.18,0.052,0.161,0,187000000,1.0,713046356,713046356,,22.613,37227000000,937000000,371000000,1277000000,52.208,829000000
AES,MRY,2015-12-31,2015-12-31,2015-12-31,2018-02-28,-3883000000,36470000000,37512750000,6842000000,29628000000,0.3,4.68,-2308000000,1552000000,1552000000,8597000000,762000000,0.988,9.622,20081000000,2172000000,17909000000,20081000000,0,1144000000,0,0.042,0.4,1863000000,3007000000,0.267,3007000000,1863000000,718000000,0.45,0.44,0.45,3149000000,3650500000,3149000000,25359290880,13,8.433,-174000000,-0.259,1.0,2663000000,0.237,1497000000,1145000000,46576000000,48103250000,671000000,1079000000,469000000,610000000,30299000000,6926000000,23373000000,6439290880,-231000000,121000000,-482000000,468000000,-276000000,28000000,-2366000000,47000000,2134000000,-52000000,306000000,306000000,306000000,0,456000000,0.027,822000000,1841000000,1571000000,0.889,2.045,21.043,21.267,22022000000,0,9.57,0.572,0.572,2302000000,143000000,11260000000,11260000000,0,0.008,0.084,0.039,0.165,0,196000000,1.0,672862161,672862161,,16.734,34973000000,410000000,412000000,1090000000,51.976,-84000000
AES,MRY,2016-12-31,2016-12-31,2016-12-31,2018-02-28,-2756000000,36124000000,36776500000,6416000000,29708000000,0.28,4.239,-2345000000,1521000000,1521000000,7901000000,-777000000,1.216,10.889,19454000000,1052000000,18402000000,19454000000,0,1176000000,0,0.038,0.44,36000000,1212000000,0.118,1212000000,36000000,-1098000000,-1.72,-1.72,-1.72,2794000000,2910750000,2794000000,26874624422,746,22.174,539000000,0.818,1.0,2380000000,0.231,1444000000,1134000000,47336000000,48312250000,622000000,1151000000,530000000,621000000,30424000000,5277000000,25147000000,7659624422,26000000,576000000,-79000000,-77000000,-290000000,-747000000,-2108000000,-253000000,2884000000,9000000,-1130000000,-1130000000,-1130000000,0,353000000,-0.11,1369000000,1011000000,1238000000,-0.256,2.741,-6.778,-6.756,20415000000,0,11.62,0.745,0.745,1421000000,-1146000000,10281000000,10281000000,0,-0.031,-0.388,0.001,0.004,0,194000000,1.0,659175940,659175940,,15.597,34680000000,227000000,32000000,804000000,52.611,1139000000
AES,MRY,2017-12-31,2017-12-31,2017-12-31,2018-02-28,-1876000000,33112000000,36230750000,6398000000,26714000000,0.291,3.733,-2177000000,1223000000,1223000000,8066000000,-777000000,1.061,11.467,19965000000,2164000000,17801000000,19965000000,0,1169000000,0,0.044,0.48,999000000,2168000000,0.206,2168000000,999000000,-171000000,-1.76,-1.76,-1.76,2465000000,2915750000,2465000000,27349986509,27,12.615,312000000,0.472,1.0,2464000000,0.234,1425000000,1170000000,44401000000,47773500000,562000000,1621000000,424000000,1197000000,28267000000,6028000000,22239000000,7151986509,-295000000,-517000000,0,769000000,-317000000,43000000,-2749000000,141000000,2489000000,3000000,-1161000000,-1161000000,-1161000000,0,384000000,-0.11,809000000,1655000000,1371000000,-0.273,2.901,-6.16,-6.153,20296000000,0,10.83,0.679,0.679,1463000000,-2276000000,10530000000,10530000000,0,-0.032,-0.398,0.021,0.095,0,215000000,1.0,660386566,660386566,,15.945,31687000000,130000000,990000000,1006000000,47.983,370000000
