ticker,dimension,calendardate,datekey,reportperiod,lastupdated,accoci,assets,assetsavg,assetsc,assetsnc,assetturnover,bvps,capex,cashneq,cashnequsd,cor,consolinc,currentratio,de,debt,debtc,debtnc,debtusd,deferredrev,depamor,deposits,divyield,dps,ebit,ebitda,ebitdamargin,ebitdausd,ebitusd,ebt,eps,epsdil,epsusd,equity,equityavg,equityusd,ev,evebit,evebitda,fcf,fcfps,fxusd,gp,grossmargin,intangibles,intexp,invcap,invcapavg,inventory,investments,investmentsc,investmentsnc,liabilities,liabilitiesc,liabilitiesnc,marketcap,ncf,ncfbus,ncfcommon,ncfdebt,ncfdiv,ncff,ncfi,ncfinv,ncfo,ncfx,netinc,netinccmn,netinccmnusd,netincdis,netincnci,netmargin,opex,opinc,payables,payoutratio,pb,pe,pe1,ppnenet,prefdivis,price,ps,ps1,receivables,retearn,revenue,revenueusd,rnd,roa,roe,roic,ros,sbcomp,sgna,sharefactor,sharesbas,shareswa,shareswadil,sps,tangibles,taxassets,taxexp,taxliabilities,tbvps,workingcapital
APD,MRY,2011-12-31,2011-09-30,2011-09-30,2018-01-26,-1253400000,14290700000,14005650000,3189800000,11100900000,0.691,27.403,-1309300000,421400000,421400000,7098300000,1261500000,1.362,1.441,4561500000,634000000,3927500000,4561500000,0,834300000,0,0.029,2.23,1715000000,2549300000,0.264,2549300000,1715000000,1599500000,5.75,5.63,5.75,5795800000,5915800000,5795800000,20344564460,11,7.98,401100000,1.883,1.0,2575400000,0.266,1056700000,115500000,15032100000,14690525000,670200000,2054400000,0,2054400000,8352000000,2342000000,6010000000,16276964460,48200000,38100000,-501000000,457000000,-456700000,-484600000,-1169800000,81600000,1710400000,-8300000,1224200000,1224200000,1224200000,-89900000,37300000,0.127,1018800000,1556600000,1599700000,0.388,2.808,13.296,13.282,7222700000,0,76.37,1.683,1.682,1777500000,8599500000,9673700000,9673700000,118800000,0.087,0.207,0.117,0.177,44800000,941700000,1.0,213132964,213000000,217600000,45.416,13234000000,0,375300000,623200000,62.572,847800000
APD,MRY,2012-12-31,2012-09-30,2012-09-30,2018-01-26,-1348800000,16941800000,15292450000,3415800000,13526000000,0.629,30.582,-1521000000,454400000,454400000,7051900000,1193300000,1.27,1.532,5291900000,707700000,4584200000,5291900000,0,840800000,0,0.03,2.5,1578300000,2419100000,0.252,2419100000,1578300000,1454600000,5.53,5.44,5.53,6477200000,6290625000,6477200000,21363822174,13,8.831,244100000,1.156,1.0,2559800000,0.266,2360000000,123700000,16729400000,15727475000,786600000,2504600000,0,2504600000,9926000000,2689900000,7236100000,17508122174,31900000,-1038800000,71200000,419600000,-514900000,-78400000,-2435200000,52500000,1765100000,-18600000,1167300000,1167300000,1167300000,-168100000,26000000,0.121,1277400000,1282400000,1927700000,0.452,2.703,14.999,14.955,8240600000,0,82.7,1.822,1.817,2077500000,9234500000,9611700000,9611700000,126400000,0.076,0.186,0.1,0.164,43800000,946800000,1.0,211706435,211200000,214700000,45.51,14581800000,0,287300000,719300000,68.847,725900000
APD,MRY,2013-12-31,2013-09-30,2013-09-30,2018-01-26,-1020600000,17850100000,17488925000,3439100000,14411000000,0.582,33.391,-1524200000,450400000,450400000,7472100000,1032500000,1.066,1.459,6273600000,1217300000,5056300000,6273600000,0,907000000,0,0.026,2.77,1443900000,2350900000,0.231,2350900000,1443900000,1302100000,4.74,4.68,4.74,7042100000,6561925000,7042100000,28053448003,19,11.933,28900000,0.138,1.0,2708300000,0.266,2371100000,141800000,18074600000,17596925000,706100000,2672400000,0,2672400000,10275400000,3227600000,7047800000,22341948003,-4000000,-223600000,-235200000,927400000,-565600000,115400000,-1697000000,52800000,1553100000,11400000,994200000,994200000,994200000,10000000,38300000,0.098,1383900000,1324400000,1944900000,0.584,3.173,22.472,22.483,8974000000,0,106.57,2.195,2.195,2159000000,9646400000,10180400000,10180400000,133700000,0.057,0.152,0.082,0.142,43500000,1066300000,1.0,209645754,209700000,212300000,48.547,15479000000,0,307900000,890200000,73.395,211500000
APD,MRY,2014-12-31,2014-09-30,2014-09-30,2018-01-26,-1241900000,17779100000,17993375000,3294800000,14484300000,0.58,34.484,-1362700000,336600000,336600000,7629900000,993100000,1.112,1.354,6118500000,1294000000,4824500000,6118500000,0,956900000,0,0.023,3.02,1486200000,2443100000,0.234,2443100000,1486200000,1361100000,4.66,4.61,4.66,7365800000,7424350000,7365800000,33528786820,22,13.724,827400000,3.89,1.0,2809100000,0.269,1853100000,125100000,18744900000,18501850000,706000000,2672800000,0,2672800000,9970500000,2963000000,7007500000,27730386820,-113800000,2000000,141600000,1100000,-627700000,-504300000,-1316500000,45600000,2190100000,-11300000,991700000,991700000,991700000,2900000,1400000,0.095,1470000000,1339100000,1591000000,0.648,3.765,27.962,27.936,9532100000,0,130.18,2.656,2.652,2164400000,9993200000,10439000000,10439000000,139800000,0.055,0.134,0.08,0.142,44000000,1054700000,1.0,213015723,212700000,215200000,49.079,15926000000,0,369400000,1073500000,74.56,331800000
APD,MRY,2015-12-31,2015-09-30,2015-09-30,2018-01-26,-2125900000,17334500000,17533800000,2793500000,14541000000,0.446,33.685,-1162400000,206400000,206400000,5598200000,1317600000,0.767,1.373,5879000000,1929900000,3949100000,5879000000,0,858500000,0,0.025,3.2,1680900000,2539400000,0.325,2539400000,1680900000,1578100000,5.95,5.88,5.95,7249000000,7379750000,7249000000,33075361098,19,13.025,884600000,4.116,1.0,2226100000,0.285,1639600000,102800000,17723100000,18388575000,657800000,2615900000,0,2615900000,9953400000,3644400000,6309000000,27427461098,-130200000,-38800000,121300000,-73900000,-677500000,-960400000,-1146700000,55300000,2047000000,-22900000,1277900000,1277900000,1277900000,-351700000,39700000,0.163,992900000,1233200000,1641700000,0.538,3.784,21.463,21.442,8745100000,0,127.58,3.505,3.504,1860500000,10580400000,7824300000,7824300000,76400000,0.073,0.173,0.091,0.215,39500000,773000000,1.0,214982451,214900000,217300000,36.409,15694900000,0,300200000,859200000,72.932,-850900000
APD,MRY,2016-12-31,2016-09-30,2016-09-30,2018-01-26,-2388300000,18028600000,17295800000,4317300000,13711300000,0.434,32.58,-907700000,1293200000,1293200000,5176600000,661500000,1.315,1.528,5210900000,1301200000,3909700000,5210900000,0,854600000,0,0.023,3.39,1178900000,2033500000,0.271,2033500000,1178900000,1063700000,2.92,2.89,2.92,7079600000,7102175000,7079600000,37724982499,32,18.552,1351100000,6.244,1.0,2327100000,0.31,1233000000,115200000,17430200000,17210900000,255000000,2505300000,0,2505300000,10815200000,3283100000,7532100000,32556082499,1294900000,0,141300000,-237700000,-721200000,-860200000,-864800000,44600000,2258800000,7500000,631100000,631100000,631100000,460500000,30400000,0.084,797400000,1529700000,1652200000,1.161,4.599,51.586,51.486,8259700000,0,150.34,4.339,4.336,1749000000,10475500000,7503700000,7503700000,71600000,0.036,0.089,0.068,0.157,31000000,685000000,1.0,216549704,216400000,218300000,34.675,16795600000,0,432600000,828300000,77.292,1034200000
APD,MRY,2017-12-31,2017-09-30,2017-09-30,2018-01-26,-1847400000,18467200000,17537175000,5876700000,12590500000,0.467,46.203,-1039700000,3273600000,3273600000,5753400000,3021200000,2.361,0.821,3962800000,560400000,3402400000,3962800000,0,865800000,0,0.024,3.62,3381900000,4247700000,0.519,4247700000,3381900000,3261300000,13.76,13.65,13.76,10086200000,8994375000,10086200000,34552913340,10,8.134,1494400000,6.855,1.0,2434200000,0.297,1089800000,120600000,15577600000,15765625000,335400000,2822700000,404000000,2418700000,8281700000,2489000000,5792700000,32959513340,1942800000,-16300000,68400000,-1280100000,-787900000,-2040900000,-1417700000,-359400000,2534100000,13400000,3000400000,3000400000,3000400000,-1866000000,20800000,0.366,1006600000,1427600000,1814300000,0.263,3.268,10.985,10.99,8440200000,0,151.22,4.026,4.026,1662100000,12846600000,8187600000,8187600000,57800000,0.171,0.334,0.215,0.413,39900000,715600000,1.0,217957369,218000000,219800000,37.558,17377400000,0,260900000,877000000,79.603,3387700000
