ticker,dimension,calendardate,datekey,reportperiod,lastupdated,accoci,assets,assetsavg,assetsc,assetsnc,assetturnover,bvps,capex,cashneq,cashnequsd,cor,consolinc,currentratio,de,debt,debtc,debtnc,debtusd,deferredrev,depamor,deposits,divyield,dps,ebit,ebitda,ebitdamargin,ebitdausd,ebitusd,ebt,eps,epsdil,epsusd,equity,equityavg,equityusd,ev,evebit,evebitda,fcf,fcfps,fxusd,gp,grossmargin,intangibles,intexp,invcap,invcapavg,inventory,investments,investmentsc,investmentsnc,liabilities,liabilitiesc,liabilitiesnc,marketcap,ncf,ncfbus,ncfcommon,ncfdebt,ncfdiv,ncff,ncfi,ncfinv,ncfo,ncfx,netinc,netinccmn,netinccmnusd,netincdis,netincnci,netmargin,opex,opinc,payables,payoutratio,pb,pe,pe1,ppnenet,prefdivis,price,ps,ps1,receivables,retearn,revenue,revenueusd,rnd,roa,roe,roic,ros,sbcomp,sgna,sharefactor,sharesbas,shareswa,shareswadil,sps,tangibles,taxassets,taxexp,taxliabilities,tbvps,workingcapital
ARE,MRY,2011-12-31,2011-12-31,2011-12-31,2018-01-30,-34511000,6574129000,6339078000,,,0.085,54.464,-714990000,101871000,101871000,157634000,135393000,,0.931,2779264000,,,2779264000,0,158026000,0,0.027,1.86,194791000,352817000,0.657,352817000,194791000,131418000,1.73,1.73,1.73,3374301000,3272177500,3374301000,6831363208,35,19.362,-468030000,-7.554,1.0,379146000,0.706,0,63373000,9251522000,8905453750,0,95777000,,,3141236000,,,4272982208,-12693000,-5256000,453656000,183712000,-106889000,479156000,-733579000,-11150000,246960000,-5230000,131418000,101973000,101973000,-18077000,3975000,0.19,192018000,187128000,325393000,1.075,1.266,41.903,39.867,6008440000,29445000,68.97,7.96,7.96,7480000,0,536780000,536780000,0,0.016,0.031,0.022,0.363,11755000,41112000,1.0,61954215,61954215,,8.664,6574129000,0,0,0,106.113,
ARE,MRY,2012-12-31,2012-12-31,2012-12-31,2018-01-30,-24833000,7150116000,6918740750,,,0.083,54.042,-549030000,180918000,180918000,172756000,105528000,,1.06,3181949000,,,3181949000,0,192005000,0,0.03,2.09,171310000,363315000,0.632,363315000,171310000,102126000,1.09,1.09,1.09,3441851000,3418508000,3441851000,7307236230,42,20.113,-243497000,-3.823,1.0,401741000,0.699,0,69184000,10151147000,9779155000,0,115048000,,,3647058000,,,4414859230,62432000,15550000,98045000,397292000,-126498000,314860000,-558100000,-9251000,305533000,139000,102126000,67630000,67630000,-8816000,3402000,0.118,235484000,166257000,423708000,1.917,1.283,65.28,63.596,6424578000,34496000,69.32,7.685,7.685,8449000,,574497000,574497000,0,0.01,0.02,0.018,0.298,14160000,47747000,1.0,63688102,63688102,,9.02,7150116000,0,0,0,112.268,
ARE,MRY,2013-12-31,2013-12-31,2013-12-31,2018-01-30,-36204000,7529764000,7339585250,,,0.086,54.683,-593389000,85405000,85405000,189039000,140249000,,0.907,3061061000,,,3061061000,0,190778000,0,0.041,2.61,204169000,394947000,0.626,394947000,204169000,136217000,1.6,1.6,1.6,3916789000,3801760500,3916789000,7343301411,35,18.593,-280662000,-3.918,1.0,442112000,0.7,0,67952000,10505420000,10203543250,0,140288000,,,3550823000,,,4556951411,-83275000,-17987000,534469000,-121553000,-169076000,197570000,-591375000,-19553000,312727000,-2197000,136217000,108751000,108751000,-900000,4032000,0.172,237643000,204469000,435342000,1.631,1.163,41.903,39.763,6776914000,27466000,63.62,7.22,7.22,9918000,,631151000,631151000,0,0.015,0.029,0.02,0.323,15552000,48520000,1.0,71627655,71627655,,8.812,7529764000,0,0,0,105.124,
ARE,MRY,2014-12-31,2014-12-31,2014-12-31,2018-01-30,-628000,8136036000,7932009500,,,0.092,53.167,-497773000,112895000,112895000,219164000,106778000,,1.104,3678579000,,,3678579000,0,224096000,0,0.032,2.88,180873000,404969000,0.557,404969000,180873000,101574000,1.01,1.01,1.01,3828439000,3883293750,3828439000,9799822100,54,24.199,-163448000,-2.27,1.0,507713000,0.698,0,79299000,11701720000,11274641750,0,353795000,,,4226478000,,,6389975100,28315000,-70758000,0,569072000,-202386000,331312000,-634829000,-11374000,334325000,-2493000,101574000,72113000,72113000,-1233000,5204000,0.099,329301000,178412000,489085000,2.851,1.669,88.611,87.861,7108610000,29461000,88.74,8.791,8.791,10548000,,726877000,726877000,0,0.009,0.019,0.016,0.249,13996000,53530000,1.0,72007833,72007833,,10.094,8136036000,0,0,0,112.988,
ARE,MRY,2015-12-31,2015-12-31,2015-12-31,2018-01-30,49191000,8881017000,8637118250,,,0.098,54.83,-564206000,153970000,153970000,261232000,146114000,,1.154,3935692000,,,3935692000,0,261289000,0,0.034,3.05,250030000,511319000,0.606,511319000,250030000,144217000,1.63,1.63,1.63,3975087000,3834418250,3975087000,10751860760,43,21.028,-221595000,-3.057,1.0,582242000,0.69,0,105813000,12662739000,12566947500,0,480677000,,,4587053000,,,6551004760,39087000,-9027000,78463000,200811000,-218104000,419126000,-722395000,-24527000,342611000,-255000,144217000,116867000,116867000,43000,1897000,0.139,344160000,238082000,589356000,1.871,1.648,56.055,55.436,7629922000,27350000,90.36,7.767,7.767,10485000,,843474000,843474000,0,0.014,0.03,0.02,0.296,17512000,59621000,1.0,72498946,72498946,,11.634,8881017000,0,0,0,122.499,
ARE,MRY,2016-12-31,2016-12-31,2016-12-31,2018-01-30,5355000,10354888000,9441287750,,,0.098,61.649,-821690000,141366000,141366000,278408000,-49799000,,1.016,4164025000,,,4164025000,0,313390000,0,0.029,3.23,41052000,354442000,0.385,354442000,41052000,-65901000,-1.99,-1.99,-1.99,4895796000,4173325750,4895796000,12980051266,316,36.621,-429189000,-5.404,1.0,643298000,0.698,0,106953000,14377547000,13430098250,0,392698000,,,4972610000,,,8825291266,-66000,-11529000,1432177000,6101000,-240347000,1105521000,-1496628000,-48140000,392501000,-1460000,-65901000,-151141000,-151141000,0,16102000,-0.164,586535000,56763000,731671000,-1.623,1.803,-58.391,-55.844,9077972000,85240000,111.13,9.575,9.575,9744000,,921706000,921706000,0,-0.016,-0.036,0.003,0.045,25433000,63884000,1.0,79414121,79414121,,11.606,10354888000,0,0,0,130.391,
ARE,MRY,2017-12-31,2017-12-31,2017-12-31,2018-01-30,50024000,12103953000,11440892250,,,0.099,62.158,-893685000,277186000,277186000,325609000,194204000,,0.945,4764807000,,,4764807000,0,416783000,0,0.026,3.45,297738000,714521000,0.633,714521000,297738000,169093000,1.59,1.58,1.59,5949666000,5366557750,5949666000,17170555897,57,24.031,-443360000,-4.632,1.0,802488000,0.711,0,128645000,16591574000,15953404500,0,633872000,,,5620784000,,,12499790897,129349000,-39591000,1275397000,602427000,-312131000,1415427000,-1738126000,-141398000,450325000,1723000,169093000,145395000,145395000,0,25111000,0.129,491995000,310493000,763832000,2.17,2.101,85.971,82.132,10298019000,23698000,130.59,11.08,11.08,10262000,,1128097000,1128097000,0,0.013,0.027,0.019,0.264,25610000,75009000,1.0,95717826,95717826,,11.786,12103953000,0,0,0,126.455,
