ticker,dimension,calendardate,datekey,reportperiod,lastupdated,accoci,assets,assetsavg,assetsc,assetsnc,assetturnover,bvps,capex,cashneq,cashnequsd,cor,consolinc,currentratio,de,debt,debtc,debtnc,debtusd,deferredrev,depamor,deposits,divyield,dps,ebit,ebitda,ebitdamargin,ebitdausd,ebitusd,ebt,eps,epsdil,epsusd,equity,equityavg,equityusd,ev,evebit,evebitda,fcf,fcfps,fxusd,gp,grossmargin,intangibles,intexp,invcap,invcapavg,inventory,investments,investmentsc,investmentsnc,liabilities,liabilitiesc,liabilitiesnc,marketcap,ncf,ncfbus,ncfcommon,ncfdebt,ncfdiv,ncff,ncfi,ncfinv,ncfo,ncfx,netinc,netinccmn,netinccmnusd,netincdis,netincnci,netmargin,opex,opinc,payables,payoutratio,pb,pe,pe1,ppnenet,prefdivis,price,ps,ps1,receivables,retearn,revenue,revenueusd,rnd,roa,roe,roic,ros,sbcomp,sgna,sharefactor,sharesbas,shareswa,shareswadil,sps,tangibles,taxassets,taxexp,taxliabilities,tbvps,workingcapital
AVGO,MRY,2011-12-31,2011-10-30,2011-10-30,2017-12-22,2000000,2446000000,2216750000,1393000000,1053000000,1.054,8.289,-112000000,829000000,829000000,1189000000,552000000,3.98,0.219,6000000,2000000,4000000,6000000,0,157000000,0,0.01,0.35,565000000,722000000,0.309,722000000,565000000,561000000,2.25,2.19,2.25,2006000000,1827750000,2006000000,7547861875,13,10.454,614000000,2.506,1.0,1147000000,0.491,676000000,4000000,597000000,596750000,194000000,0,0,0,440000000,350000000,90000000,8245861875,268000000,-8000000,-23000000,-233000000,-86000000,-336000000,-122000000,-2000000,726000000,0,552000000,552000000,552000000,0,0,0.236,563000000,584000000,221000000,0.156,4.111,14.938,14.929,316000000,0,33.59,3.53,3.523,328000000,525000000,2336000000,2336000000,317000000,0.249,0.302,0.947,0.242,44000000,220000000,1.0,245485617,245000000,252000000,9.535,1770000000,0,9000000,0,7.314,1043000000
AVGO,MRY,2012-12-31,2012-10-28,2012-10-28,2017-12-22,-11000000,2862000000,2658000000,1691000000,1171000000,0.889,9.873,-241000000,1084000000,1084000000,1222000000,563000000,4.887,0.183,3000000,1000000,2000000,3000000,0,155000000,0,0.017,0.56,586000000,741000000,0.313,741000000,586000000,585000000,2.3,2.25,2.3,2419000000,2228750000,2419000000,7313794689,12,9.87,452000000,1.845,1.0,1142000000,0.483,602000000,1000000,833000000,735250000,194000000,0,0,0,443000000,346000000,97000000,8283794689,255000000,-4000000,-66000000,-2000000,-137000000,-194000000,-244000000,0,693000000,0,563000000,563000000,563000000,0,0,0.238,560000000,582000000,248000000,0.243,3.424,14.714,14.709,503000000,0,33.83,3.504,3.506,341000000,951000000,2364000000,2364000000,335000000,0.212,0.253,0.797,0.248,57000000,199000000,1.0,244865347,245000000,250000000,9.649,2260000000,0,22000000,0,9.224,1345000000
AVGO,MRY,2013-12-31,2013-11-03,2013-11-03,2017-12-22,-6000000,3415000000,3137500000,1818000000,1597000000,0.803,11.544,-236000000,985000000,985000000,1322000000,552000000,4.391,0.183,0,0,0,0,0,187000000,0,0.018,0.8,570000000,757000000,0.3,757000000,570000000,568000000,2.23,2.19,2.23,2886000000,2685250000,2886000000,10207924032,17,13.485,486000000,1.968,1.0,1198000000,0.475,883000000,2000000,1133000000,993250000,285000000,0,0,0,529000000,414000000,115000000,11067924032,-99000000,-414000000,6000000,-2000000,-198000000,-169000000,-652000000,-2000000,722000000,0,552000000,552000000,552000000,0,0,0.219,646000000,552000000,278000000,0.359,3.835,20.051,20.054,661000000,0,44.72,4.392,4.383,418000000,1305000000,2520000000,2520000000,398000000,0.176,0.206,0.574,0.226,85000000,222000000,1.0,247493829,247000000,252000000,10.202,2532000000,0,16000000,0,10.128,1404000000
AVGO,MRY,2014-12-31,2014-11-02,2014-11-02,2017-12-22,-50000000,10491000000,6974000000,3835000000,6656000000,0.612,12.92,-409000000,1604000000,1604000000,2392000000,263000000,3.775,2.235,5509000000,46000000,5463000000,5509000000,0,625000000,0,0.013,1.13,406000000,1031000000,0.242,1031000000,406000000,296000000,1.05,0.99,1.05,3243000000,3121750000,3243000000,26053555913,64,25.27,766000000,3.052,1.0,1877000000,0.44,5213000000,110000000,8167000000,4733750000,519000000,0,0,0,7248000000,1016000000,6232000000,21812555913,619000000,-5511000000,112000000,5464000000,-284000000,5329000000,-5885000000,35000000,1175000000,0,263000000,263000000,263000000,46000000,0,0.062,1439000000,438000000,515000000,1.076,6.726,82.937,82.143,1158000000,0,86.25,5.11,5.071,782000000,1284000000,4269000000,4269000000,695000000,0.038,0.084,0.086,0.095,124000000,407000000,1.0,252899199,251000000,267000000,17.008,5278000000,0,33000000,0,21.028,2819000000
AVGO,MRY,2015-12-31,2015-11-01,2015-11-01,2017-12-22,-73000000,10515000000,10433000000,3759000000,6756000000,0.654,17.08,-483000000,1822000000,1822000000,3271000000,1364000000,3.359,1.231,3872000000,46000000,3826000000,3872000000,0,962000000,0,0.013,1.55,1631000000,2593000000,0.38,2593000000,1631000000,1440000000,5.17,4.85,5.17,4714000000,4171000000,4714000000,36512230096,22,14.081,1835000000,6.951,1.0,3553000000,0.521,4951000000,191000000,6495000000,6955500000,524000000,0,0,0,5801000000,1119000000,4682000000,33905230096,218000000,256000000,241000000,-1817000000,-408000000,-1859000000,-241000000,-14000000,2318000000,0,1364000000,1364000000,1364000000,27000000,0,0.2,1921000000,1632000000,617000000,0.3,7.192,24.857,23.816,1460000000,0,123.13,4.969,4.764,1019000000,2240000000,6824000000,6824000000,1049000000,0.131,0.327,0.234,0.239,107000000,486000000,1.0,275361245,264000000,281000000,25.848,5564000000,0,76000000,0,20.159,2640000000
AVGO,MRY,2016-12-31,2016-10-30,2016-10-30,2017-12-22,-134000000,49966000000,40475500000,7125000000,42841000000,0.327,54.827,-718000000,3097000000,3097000000,7300000000,-1861000000,2.315,1.284,13642000000,454000000,13188000000,13642000000,0,3042000000,0,0.011,1.94,-512000000,2530000000,0.191,2530000000,-512000000,-1097000000,-4.75,-4.86,-4.75,21876000000,18065750000,21876000000,79041751841,-154,31.242,2693000000,7.358,1.0,5940000000,0.449,39800000000,585000000,17633000000,15680250000,1400000000,0,0,0,28090000000,3078000000,25012000000,67287751841,1275000000,-9157000000,295000000,8070000000,-750000000,7704000000,-9840000000,46000000,3411000000,0,-1739000000,-1739000000,-1739000000,112000000,-122000000,-0.131,6349000000,-409000000,1261000000,-0.408,3.076,-38.693,-35.653,2509000000,0,169.35,5.082,4.681,2181000000,-215000000,13240000000,13240000000,2674000000,-0.043,-0.096,-0.033,-0.039,590000000,806000000,1.0,397329506,366000000,383000000,36.175,10166000000,0,642000000,0,25.479,4047000000
AVGO,MRY,2017-12-31,2017-10-29,2017-10-29,2017-12-22,-91000000,54418000000,50956500000,15823000000,38595000000,0.346,56.414,-628000000,11204000000,11204000000,9127000000,1784000000,6.257,1.347,17548000000,117000000,17431000000,17548000000,0,4737000000,0,0.016,4.08,2181000000,6918000000,0.392,6918000000,2181000000,1727000000,4.18,4.02,4.18,23186000000,22560750000,23186000000,111500978627,51,16.118,5923000000,14.625,1.0,8509000000,0.482,35538000000,454000000,22695000000,20062750000,1447000000,0,0,0,31232000000,2529000000,28703000000,103177978627,8107000000,-30000000,257000000,3718000000,-1745000000,2230000000,-674000000,-7000000,6551000000,0,1692000000,1692000000,1692000000,6000000,92000000,0.096,6126000000,2383000000,1105000000,0.976,4.45,60.98,60.502,2599000000,0,252.9,5.85,5.808,2448000000,-129000000,17636000000,17636000000,3292000000,0.033,0.075,0.109,0.124,921000000,787000000,1.0,407979354,405000000,421000000,43.546,18880000000,0,35000000,0,45.937,13294000000
