ticker,dimension,calendardate,datekey,reportperiod,lastupdated,accoci,assets,assetsavg,assetsc,assetsnc,assetturnover,bvps,capex,cashneq,cashnequsd,cor,consolinc,currentratio,de,debt,debtc,debtnc,debtusd,deferredrev,depamor,deposits,divyield,dps,ebit,ebitda,ebitdamargin,ebitdausd,ebitusd,ebt,eps,epsdil,epsusd,equity,equityavg,equityusd,ev,evebit,evebitda,fcf,fcfps,fxusd,gp,grossmargin,intangibles,intexp,invcap,invcapavg,inventory,investments,investmentsc,investmentsnc,liabilities,liabilitiesc,liabilitiesnc,marketcap,ncf,ncfbus,ncfcommon,ncfdebt,ncfdiv,ncff,ncfi,ncfinv,ncfo,ncfx,netinc,netinccmn,netinccmnusd,netincdis,netincnci,netmargin,opex,opinc,payables,payoutratio,pb,pe,pe1,ppnenet,prefdivis,price,ps,ps1,receivables,retearn,revenue,revenueusd,rnd,roa,roe,roic,ros,sbcomp,sgna,sharefactor,sharesbas,shareswa,shareswadil,sps,tangibles,taxassets,taxexp,taxliabilities,tbvps,workingcapital
AYI,MRY,2011-12-31,2011-08-31,2011-08-31,2018-01-09,-53800000,1597400000,1561700000,630500000,966900000,1.15,18.067,-22100000,170200000,170200000,1065700000,105500000,1.903,1.11,353400000,0,353400000,353400000,0,40100000,0,0.011,0.52,187500000,227600000,0.127,227600000,187500000,157600000,2.46,2.42,2.46,757000000,751675000,757000000,2187927053,11,9.613,139000000,3.294,1.0,730000000,0.407,793400000,29900000,655800000,678000000,165900000,0,0,0,840400000,331400000,509000000,1995327053,-20800000,-90400000,-54500000,0,-22600000,-71800000,-112500000,0,161100000,2400000,105500000,105500000,105500000,0,0,0.059,541300000,188700000,203800000,0.211,2.636,18.913,18.715,143200000,0,46.04,1.111,1.082,262600000,541000000,1795700000,1795700000,0,0.068,0.14,0.277,0.104,8900000,541300000,1.0,43338989,42200000,42800000,42.552,804000000,18000000,52100000,36400000,19.189,299100000
AYI,MRY,2012-12-31,2012-08-31,2012-08-31,2018-01-09,-84700000,1736900000,1646575000,779000000,957900000,1.174,20.145,-31300000,284500000,284500000,1145700000,116300000,2.135,1.083,353500000,0,353500000,353500000,0,39800000,0,0.008,0.52,209700000,249500000,0.129,249500000,209700000,179000000,2.75,2.72,2.75,834000000,803400000,834000000,2842349630,13,11.392,140900000,3.403,1.0,788000000,0.408,785700000,30700000,655400000,667725000,194100000,0,0,0,902900000,364800000,538100000,2717149630,114300000,-3800000,-1600000,0,-22000000,-18700000,-35100000,0,172200000,-4100000,116300000,116300000,116300000,0,0,0.06,580000000,208000000,232700000,0.189,3.258,23.363,23.331,139200000,0,64.16,1.405,1.374,263800000,635300000,1933700000,1933700000,0,0.071,0.145,0.314,0.108,11000000,566700000,1.0,42349589,41400000,41900000,46.708,951200000,17100000,62700000,33400000,22.976,414200000
AYI,MRY,2013-12-31,2013-08-31,2013-08-31,2018-01-09,-62600000,1903800000,1801925000,913500000,990300000,1.159,23.213,-33000000,359100000,359100000,1251500000,127400000,2.365,0.916,353600000,0,353600000,353600000,0,40800000,0,0.006,0.52,224300000,265100000,0.127,265100000,224300000,193100000,2.97,2.95,2.97,993500000,918225000,993500000,3713523532,16,14.008,99300000,2.353,1.0,837600000,0.401,813300000,31200000,698800000,714450000,203000000,0,0,0,910300000,386200000,524100000,3661923532,74600000,-25500000,14900000,0,-22400000,1100000,-58500000,0,132300000,-300000,127400000,127400000,127400000,0,0,0.061,616100000,221500000,249500000,0.175,3.686,28.744,28.788,147900000,0,85.5,1.753,1.727,318300000,740300000,2089100000,2089100000,0,0.071,0.139,0.314,0.107,7900000,607600000,1.0,42829515,42200000,42500000,49.505,1090500000,15300000,65700000,53900000,25.479,527300000
AYI,MRY,2014-12-31,2014-08-31,2014-08-31,2018-01-09,-71900000,2166400000,2038675000,1186400000,980000000,1.174,26.995,-34300000,552500000,552500000,1414300000,175800000,2.522,0.862,351900000,0,351900000,351900000,0,43400000,0,0.004,0.52,297800000,341200000,0.143,341200000,297800000,265700000,4.07,4.05,4.07,1163500000,1101825000,1163500000,5239731833,17,15.357,198800000,4.645,1.0,979200000,0.409,801000000,32100000,694300000,718250000,212000000,0,0,0,1002900000,470500000,532400000,5353431833,193400000,0,8400000,0,-22500000,-6300000,-34300000,0,233100000,900000,175800000,175800000,175800000,0,0,0.073,680100000,299100000,287400000,0.128,4.601,30.452,30.437,152500000,0,123.88,2.237,2.215,373400000,893600000,2393500000,2393500000,0,0.086,0.16,0.415,0.124,7300000,680300000,1.0,43214658,42800000,43000000,55.923,1365400000,24500000,89900000,58400000,31.68,715900000
AYI,MRY,2015-12-31,2015-08-31,2015-08-31,2018-01-09,-110400000,2407000000,2289750000,1413400000,993600000,1.182,31.555,-55200000,756800000,756800000,1561100000,222100000,2.713,0.77,352400000,0,352400000,352400000,0,45800000,0,0.003,0.52,375100000,420900000,0.156,420900000,375100000,343600000,5.13,5.09,5.13,1360000000,1284000000,1360000000,8186676308,21,19.45,233700000,5.422,1.0,1145600000,0.423,788400000,31500000,693300000,730300000,224800000,0,0,0,1047000000,520900000,526100000,8485076308,204300000,-14600000,11600000,0,-22700000,-3900000,-72400000,0,288900000,-8300000,222100000,222100000,222100000,0,0,0.082,769300000,376300000,311100000,0.101,6.239,38.204,37.986,174600000,0,194.87,3.135,3.103,411700000,1093000000,2706700000,2706700000,0,0.097,0.173,0.514,0.139,600000,756900000,1.0,43542240,43100000,43400000,62.8,1618600000,3500000,121500000,31700000,37.555,892500000
AYI,MRY,2016-12-31,2016-08-31,2016-08-31,2018-01-09,-139400000,2948000000,2714325000,1322900000,1625100000,1.213,37.895,-81500000,413200000,413200000,1855100000,290800000,1.967,0.776,355200000,200000,355000000,355200000,0,62600000,0,0.002,0.52,476800000,539400000,0.164,539400000,476800000,444600000,6.67,6.63,6.67,1659800000,1544000000,1659800000,12091612899,25,22.417,264200000,6.074,1.0,1436200000,0.436,1329200000,32200000,888300000,854975000,295200000,0,0,0,1288200000,672500000,615700000,12074212899,-343600000,-623200000,14200000,2500000,-22900000,19400000,-704700000,0,345700000,-4000000,290800000,290800000,290800000,0,0,0.088,961000000,475200000,401000000,0.078,7.274,41.521,41.247,267800000,0,275.12,3.669,3.636,572800000,1360900000,3291300000,3291300000,0,0.107,0.188,0.558,0.145,2100000,946000000,1.0,43887078,43500000,43800000,75.662,1618800000,5100000,153800000,74600000,36.959,650400000
AYI,MRY,2017-12-31,2017-08-31,2017-08-31,2018-01-09,-99700000,2899600000,2898150000,1245600000,1654000000,1.209,39.752,-61800000,311100000,311100000,2023900000,321700000,2.073,0.741,356900000,400000,356500000,356900000,0,74600000,0,0.003,0.52,525100000,599700000,0.171,599700000,525100000,492600000,7.46,7.43,7.46,1665600000,1683925000,1665600000,7608674153,14,12.687,254400000,5.903,1.0,1481200000,0.423,1349700000,32500000,994800000,990375000,328600000,0,0,0,1234000000,600900000,633100000,7441674153,-102100000,0,-354900000,1000000,-22700000,-371400000,-48800000,13200000,316200000,1900000,321700000,321700000,321700000,0,0,0.092,962400000,518800000,395100000,0.07,4.468,23.132,23.698,287700000,0,176.79,2.123,2.174,573300000,1659900000,3505100000,3505100000,0,0.111,0.191,0.53,0.15,26800000,951100000,1.0,42093298,43100000,43300000,81.325,1549900000,3400000,170900000,108200000,36.99,644700000
