ticker,dimension,calendardate,datekey,reportperiod,lastupdated,accoci,assets,assetsavg,assetsc,assetsnc,assetturnover,bvps,capex,cashneq,cashnequsd,cor,consolinc,currentratio,de,debt,debtc,debtnc,debtusd,deferredrev,depamor,deposits,divyield,dps,ebit,ebitda,ebitdamargin,ebitdausd,ebitusd,ebt,eps,epsdil,epsusd,equity,equityavg,equityusd,ev,evebit,evebitda,fcf,fcfps,fxusd,gp,grossmargin,intangibles,intexp,invcap,invcapavg,inventory,investments,investmentsc,investmentsnc,liabilities,liabilitiesc,liabilitiesnc,marketcap,ncf,ncfbus,ncfcommon,ncfdebt,ncfdiv,ncff,ncfi,ncfinv,ncfo,ncfx,netinc,netinccmn,netinccmnusd,netincdis,netincnci,netmargin,opex,opinc,payables,payoutratio,pb,pe,pe1,ppnenet,prefdivis,price,ps,ps1,receivables,retearn,revenue,revenueusd,rnd,roa,roe,roic,ros,sbcomp,sgna,sharefactor,sharesbas,shareswa,shareswadil,sps,tangibles,taxassets,taxexp,taxliabilities,tbvps,workingcapital
AZO,MRY,2011-12-31,2011-08-27,2011-08-27,2017-12-21,-119691000,5869602000,5790143000,2792425000,3077177000,1.394,-30.444,-318303000,97606000,97606000,3953510000,848974000,0.814,-5.68,3351682000,34082000,3317600000,3351682000,0,196209000,0,0.0,0.0,1494803000,1691012000,0.209,1691012000,1494803000,1324246000,19.91,19.47,19.91,-1254232000,-1057338250,-1254232000,15642600964,10,9.25,973235000,22.829,1.0,4119463000,0.51,302645000,170557000,5390137000,5221069500,2466107000,0,0,0,7123834000,3430896000,3692938000,12522181964,-674000,0,-1410956000,419420000,0,-973771000,-318994000,-691000,1291538000,553000,848974000,848974000,848974000,0,0,0.105,2624660000,1494803000,2755853000,0.0,-9.984,14.75,15.133,2668875000,0,301.3,1.551,1.591,140690000,-643998000,8072973000,8072973000,0,0.147,-0.803,0.286,0.185,-8320000,2624660000,1.0,41560511,42632000,43603000,189.364,5566957000,10661000,475272000,191634000,135.127,-638471000
AZO,MRY,2012-12-31,2012-08-25,2012-08-25,2017-12-21,-152013000,6265639000,6100884250,2978946000,3286693000,1.41,-41.213,-371481000,103093000,103093000,4171827000,930373000,0.815,-5.048,3768183000,49881000,3718302000,3768183000,0,211831000,0,0.0,0.0,1628891000,1840722000,0.214,1840722000,1628891000,1452986000,24.04,23.48,24.04,-1548025000,-1401869250,-1548025000,17169561148,10,9.328,852500000,22.031,1.0,4432036000,0.515,302645000,175905000,5972492000,5665327500,2627983000,0,0,0,7813664000,3655592000,4158072000,13666352148,5487000,0,-1287526000,391979000,0,-843433000,-374761000,-3280000,1223981000,-300000,930373000,930373000,930373000,0,0,0.108,2803145000,1628891000,2926740000,0.0,-8.828,14.689,15.186,2855928000,0,365.08,1.588,1.642,161375000,-1033197000,8603863000,8603863000,0,0.152,-0.664,0.288,0.189,-29678000,2803145000,1.0,37433856,38696000,39625000,222.345,5962994000,34642000,522613000,200886000,158.751,-676646000
AZO,MRY,2013-12-31,2013-08-31,2013-08-31,2017-12-21,-120788000,6892089000,6683839250,3278013000,3614076000,1.369,-48.01,-404686000,142191000,142191000,4406595000,1016480000,0.786,-5.085,4187000000,173733000,4013267000,4187000000,0,227251000,0,0.0,0.0,1773098000,2000349000,0.219,2000349000,1773098000,1587683000,28.28,27.79,28.28,-1687319000,-1590284750,-1687319000,18784178069,10,9.39,1010325000,28.109,1.0,4740935000,0.518,367829000,185415000,6399919000,6202159250,2861014000,0,0,0,8579408000,4169150000,4410258000,14916763069,39098000,-116084000,-1290161000,391107000,0,-847022000,-527295000,-6525000,1415011000,-1596000,1016480000,1016480000,1016480000,0,0,0.111,2967837000,1773098000,3307535000,0.0,-8.841,14.675,14.849,3071361000,0,419.94,1.631,1.65,171638000,-1378936000,9147530000,9147530000,0,0.152,-0.639,0.286,0.194,-29445000,2967837000,1.0,35521177,35943000,36581000,254.501,6524260000,5796000,571203000,220051000,185.638,-891137000
AZO,MRY,2014-12-31,2014-08-30,2014-08-30,2017-12-21,-128903000,7497163000,7288820000,3580612000,3916551000,1.3,-49.779,-433916000,124485000,124485000,4540406000,1069744000,0.788,-5.623,4323106000,180910000,4142196000,4323106000,0,251267000,0,0.0,0.0,1830223000,2081490000,0.22,2081490000,1830223000,1662714000,32.16,31.57,32.16,-1621857000,-1715392250,-1621857000,21799318520,11,10.473,907318000,27.274,1.0,4934907000,0.521,367829000,167509000,6786861000,6617008000,3140100000,0,0,0,9119020000,4541094000,4577926000,17566267520,-17706000,0,-1057178000,124144000,0,-911557000,-447968000,-2940000,1341234000,585000,1069744000,1069744000,1069744000,0,0,0.113,3104684000,1830223000,3609199000,0.0,-10.831,16.421,16.755,3310475000,0,538.84,1.854,1.892,200899000,-1529123000,9475313000,9475313000,0,0.147,-0.624,0.277,0.193,15619000,3104684000,1.0,32600155,33267000,33882000,284.826,7129334000,49845000,592970000,269091000,218.819,-960482000
AZO,MRY,2015-12-31,2015-08-29,2015-08-29,2017-12-21,-249518000,8102349000,7950463750,3970294000,4132055000,1.281,-55.072,-478838000,175309000,175309000,4860309000,1160241000,0.842,-5.762,4624876000,0,4624876000,4624876000,0,269919000,0,0.0,0.0,1953051000,2222970000,0.218,2222970000,1953051000,1802612000,36.76,36.03,36.76,-1701390000,-1619031000,-1701390000,26805466880,13,12.058,1094180000,34.67,1.0,5327031000,0.523,391887000,150439000,7447156000,7142110000,3421635000,0,0,0,9803739000,4712873000,5090866000,22425425880,50824000,-75744000,-1204699000,268814000,0,-944597000,-567911000,-3329000,1573018000,-9686000,1160241000,1160241000,1160241000,0,0,0.114,3373980000,1953051000,3864168000,0.0,-13.181,19.328,19.76,3505632000,0,726.39,2.201,2.25,247872000,-1418738000,10187340000,10187340000,0,0.146,-0.717,0.273,0.192,40995000,3373980000,1.0,30872432,31560000,32206000,322.793,7710462000,46246000,642371000,317144000,249.578,-742579000
AZO,MRY,2016-12-31,2016-08-27,2016-08-27,2017-12-21,-307529000,8599787000,8411958500,4239573000,4360214000,1.264,-60.906,-486137000,189734000,189734000,5026940000,1241007000,0.904,-5.811,4924119000,0,4924119000,4924119000,0,297397000,0,0.0,0.0,2060395000,2357792000,0.222,2357792000,2060395000,1912714000,41.52,40.7,41.52,-1787538000,-1792563500,-1787538000,26765775397,12,11.352,1154923000,38.64,1.0,5608736000,0.527,391887000,147681000,8251965000,7918262250,3631916000,0,0,0,10387325000,4690320000,5697005000,22025458397,14425000,0,-1372173000,263580000,0,-1116528000,-505835000,-9698000,1641060000,-4272000,1241007000,1241007000,1241007000,0,0,0.117,3548341000,2060395000,4095854000,0.0,-12.322,17.748,18.147,3733254000,0,753.47,2.071,2.117,287680000,-1602186000,10635676000,10635676000,0,0.148,-0.692,0.26,0.194,39825000,3548341000,1.0,29232031,29889000,30488000,355.839,8207900000,36855000,671707000,327341000,279.665,-450747000
AZO,MRY,2017-12-31,2017-08-26,2017-08-26,2017-12-21,-254557000,9259781000,8983304750,4611255000,4648526000,1.212,-50.988,-550881000,293270000,293270000,5149056000,1280869000,0.967,-7.483,5081238000,0,5081238000,5081238000,0,323051000,0,0.0,0.0,2080069000,2403120000,0.221,2403120000,2080069000,1925489000,45.05,44.07,45.05,-1428377000,-1716314000,-1428377000,19752538649,9,8.22,1019731000,35.868,1.0,5739620000,0.527,391887000,154580000,8889561000,8657032500,3882086000,0,0,0,10688158000,4766301000,5921857000,14826836649,103536000,0,-1016963000,109996000,0,-914329000,-553599000,-2718000,1570612000,852000,1280869000,1280869000,1280869000,0,0,0.118,3659551000,2080069000,4168940000,0.0,-10.38,11.576,11.741,4031018000,0,528.95,1.362,1.381,280733000,-1642387000,10888676000,10888676000,0,0.143,-0.746,0.24,0.191,38244000,3659551000,1.0,28030696,28430000,29065000,383.0,8867894000,35308000,644620000,405122000,316.552,-155046000
