ticker,dimension,calendardate,datekey,reportperiod,lastupdated,accoci,assets,assetsavg,assetsc,assetsnc,assetturnover,bvps,capex,cashneq,cashnequsd,cor,consolinc,currentratio,de,debt,debtc,debtnc,debtusd,deferredrev,depamor,deposits,divyield,dps,ebit,ebitda,ebitdamargin,ebitdausd,ebitusd,ebt,eps,epsdil,epsusd,equity,equityavg,equityusd,ev,evebit,evebitda,fcf,fcfps,fxusd,gp,grossmargin,intangibles,intexp,invcap,invcapavg,inventory,investments,investmentsc,investmentsnc,liabilities,liabilitiesc,liabilitiesnc,marketcap,ncf,ncfbus,ncfcommon,ncfdebt,ncfdiv,ncff,ncfi,ncfinv,ncfo,ncfx,netinc,netinccmn,netinccmnusd,netincdis,netincnci,netmargin,opex,opinc,payables,payoutratio,pb,pe,pe1,ppnenet,prefdivis,price,ps,ps1,receivables,retearn,revenue,revenueusd,rnd,roa,roe,roic,ros,sbcomp,sgna,sharefactor,sharesbas,shareswa,shareswadil,sps,tangibles,taxassets,taxexp,taxliabilities,tbvps,workingcapital
BLK,MRY,2011-12-31,2011-12-31,2011-12-31,2018-02-28,-127000000,179896000000,179412000000,,,0.051,140.325,-247000000,3560000000,3560000000,1030000000,2339000000,,6.17,6364000000,,,6364000000,0,380000000,0,0.031,5.5,3309000000,3689000000,0.406,3689000000,3309000000,3133000000,12.56,12.37,12.56,25048000000,25169500000,25048000000,28107273604,8,7.619,2579000000,13.996,1.0,8051000000,0.887,30148000000,176000000,152552000000,152070500000,0,24188000000,,,154534000000,,,24784273604,139000000,0,-2864000000,1304000000,-1014000000,-2485000000,-204000000,43000000,2826000000,2000000,2337000000,2337000000,2337000000,0,2000000,0.257,4802000000,3249000000,945000000,0.438,0.989,10.605,14.191,537000000,0,178.24,2.729,3.617,2102000000,5118000000,9081000000,9081000000,0,0.013,0.093,0.022,0.364,497000000,4614000000,1.0,139050009,184265367,187116410,49.282,149748000000,0,796000000,5323000000,838.927,
BLK,MRY,2012-12-31,2012-12-31,2012-12-31,2018-02-28,-59000000,200451000000,190319250000,,,0.049,148.128,-150000000,4903000000,4903000000,1010000000,2440000000,,6.882,8189000000,,,8189000000,0,350000000,0,0.029,6.0,3703000000,4053000000,0.434,4053000000,3703000000,3488000000,14.03,13.79,14.03,25403000000,25108750000,25403000000,38659033578,10,9.538,2090000000,11.946,1.0,8327000000,0.892,30312000000,215000000,173425000000,163645500000,0,27035000000,,,174834000000,,,35045033578,1100000000,-267000000,-1598000000,1326000000,-1060000000,-944000000,-266000000,151000000,2240000000,70000000,2458000000,2458000000,2458000000,0,-18000000,0.263,4803000000,3524000000,1055000000,0.428,1.38,14.258,14.733,557000000,0,206.71,3.753,3.873,2250000000,6473000000,9337000000,9337000000,0,0.013,0.098,0.023,0.397,451000000,4646000000,1.0,169537195,174961018,178017679,53.366,170139000000,0,1030000000,5293000000,992.104,
BLK,MRY,2013-12-31,2013-12-31,2013-12-31,2018-02-28,-35000000,219873000000,206768250000,,,0.049,156.57,-94000000,4551000000,4551000000,1062000000,2951000000,,7.302,7308000000,,,7308000000,0,343000000,0,0.027,8.4,4165000000,4508000000,0.443,4508000000,4165000000,3954000000,17.23,16.87,17.23,26460000000,25848250000,26460000000,55805010276,13,12.379,3548000000,20.848,1.0,9118000000,0.896,30481000000,211000000,192149000000,179603500000,0,26264000000,,,193203000000,,,52879010276,-216000000,-298000000,-1215000000,-1260000000,-1168000000,-3392000000,-483000000,-91000000,3642000000,17000000,2932000000,2932000000,2932000000,0,19000000,0.288,5261000000,3857000000,1084000000,0.488,1.998,18.035,18.367,525000000,0,316.47,5.194,5.291,2247000000,8230000000,10180000000,10180000000,0,0.014,0.113,0.023,0.409,448000000,5100000000,1.0,167090120,170185870,173828902,59.817,189392000000,0,1022000000,5085000000,1120.678,
BLK,MRY,2014-12-31,2014-12-31,2014-12-31,2018-02-28,-273000000,239792000000,227648500000,,,0.049,163.685,-66000000,6001000000,6001000000,1168000000,3264000000,,7.757,8311000000,,,8311000000,0,334000000,0,0.022,7.72,4657000000,4991000000,0.45,4991000000,4657000000,4425000000,19.58,19.25,19.58,27366000000,26957750000,27366000000,61575916409,13,12.337,3021000000,17.958,1.0,9913000000,0.895,30305000000,232000000,211797000000,200166750000,0,38895000000,,,212272000000,,,59073916409,1333000000,0,-1340000000,509000000,-1338000000,-1861000000,239000000,305000000,3087000000,-132000000,3294000000,3294000000,3294000000,0,-30000000,0.297,5439000000,4474000000,1035000000,0.394,2.159,17.934,18.261,467000000,0,357.56,5.331,5.428,2120000000,10145000000,11081000000,11081000000,0,0.014,0.122,0.023,0.42,453000000,5282000000,1.0,165213996,168225154,171112261,65.87,209487000000,0,1131000000,4989000000,1253.013,
BLK,MRY,2015-12-31,2015-12-31,2015-12-31,2018-02-28,-448000000,225261000000,231799750000,,,0.049,171.891,-221000000,6231000000,6231000000,1224000000,3352000000,,6.884,4930000000,,,4930000000,0,295000000,0,0.026,8.72,4799000000,5094000000,0.447,5094000000,4799000000,4595000000,20.1,19.79,20.1,28503000000,27947500000,28503000000,55043740061,11,10.806,2783000000,16.726,1.0,10177000000,0.893,30495000000,204000000,193465000000,201954250000,0,33944000000,,,196217000000,,,55842740061,360000000,-273000000,-1205000000,37000000,-1476000000,-2064000000,-465000000,29000000,3004000000,-115000000,3345000000,3345000000,3345000000,0,7000000,0.293,5513000000,4664000000,1068000000,0.434,1.959,16.694,16.941,581000000,0,340.52,4.898,4.97,2237000000,12033000000,11401000000,11401000000,0,0.014,0.12,0.024,0.421,514000000,5385000000,1.0,163992541,166390009,169038571,68.52,194766000000,0,1250000000,4851000000,1174.558,
BLK,MRY,2016-12-31,2016-12-31,2016-12-31,2018-02-28,-716000000,220177000000,222982250000,,,0.05,178.041,-119000000,6175000000,6175000000,1229000000,3170000000,,6.558,4915000000,,,4915000000,0,263000000,0,0.024,9.16,4667000000,4930000000,0.442,4930000000,4667000000,4462000000,19.29,19.04,19.29,29098000000,28741000000,29098000000,61019868546,13,12.377,2035000000,12.376,1.0,9926000000,0.89,30481000000,205000000,188436000000,191903500000,0,30395000000,,,190833000000,,,61673868546,8000000,-30000000,-1373000000,0,-1545000000,-1685000000,-188000000,-39000000,2154000000,-273000000,3172000000,3172000000,3172000000,0,-2000000,0.284,5356000000,4570000000,880000000,0.475,2.12,19.443,19.727,559000000,0,380.54,5.529,5.609,2115000000,13660000000,11155000000,11155000000,0,0.014,0.11,0.024,0.418,521000000,5181000000,1.0,162069345,164425858,166579752,67.842,189696000000,0,1290000000,4840000000,1160.686,
BLK,MRY,2017-12-31,2017-12-31,2017-12-31,2018-02-28,-432000000,220217000000,222214500000,,,0.056,197.348,-155000000,7038000000,7038000000,1413000000,5007000000,,5.905,5014000000,,,5014000000,0,240000000,0,0.019,10.0,5445000000,5685000000,0.455,5685000000,5445000000,5240000000,30.65,30.23,30.65,31825000000,30144500000,31825000000,81117234427,14,14.269,3673000000,22.65,1.0,11078000000,0.887,30609000000,205000000,187584000000,190618000000,0,27664000000,,,187926000000,,,82364234427,803000000,-102000000,-1421000000,-3000000,-1662000000,-2630000000,-587000000,-330000000,3828000000,192000000,4970000000,4970000000,4970000000,0,37000000,0.398,5806000000,5272000000,1161000000,0.326,2.588,16.572,16.761,592000000,0,513.71,6.594,6.669,2699000000,16966000000,12491000000,12491000000,0,0.022,0.165,0.029,0.436,542000000,5717000000,1.0,160332161,162160601,164415035,77.029,189608000000,0,270000000,3538000000,1175.767,
