ticker,dimension,calendardate,datekey,reportperiod,lastupdated,accoci,assets,assetsavg,assetsc,assetsnc,assetturnover,bvps,capex,cashneq,cashnequsd,cor,consolinc,currentratio,de,debt,debtc,debtnc,debtusd,deferredrev,depamor,deposits,divyield,dps,ebit,ebitda,ebitdamargin,ebitdausd,ebitusd,ebt,eps,epsdil,epsusd,equity,equityavg,equityusd,ev,evebit,evebitda,fcf,fcfps,fxusd,gp,grossmargin,intangibles,intexp,invcap,invcapavg,inventory,investments,investmentsc,investmentsnc,liabilities,liabilitiesc,liabilitiesnc,marketcap,ncf,ncfbus,ncfcommon,ncfdebt,ncfdiv,ncff,ncfi,ncfinv,ncfo,ncfx,netinc,netinccmn,netinccmnusd,netincdis,netincnci,netmargin,opex,opinc,payables,payoutratio,pb,pe,pe1,ppnenet,prefdivis,price,ps,ps1,receivables,retearn,revenue,revenueusd,rnd,roa,roe,roic,ros,sbcomp,sgna,sharefactor,sharesbas,shareswa,shareswadil,sps,tangibles,taxassets,taxexp,taxliabilities,tbvps,workingcapital
CERN,MRY,2011-12-31,2011-12-31,2011-12-31,2018-02-12,-11967000,3000358000,2781569250,1502313000,1498045000,0.792,6.816,-187737000,243146000,243146000,441672000,306627000,3.424,0.298,126543000,39722000,86821000,126543000,166926000,212556000,0,0.0,0.0,469694000,682250000,0.31,682250000,469694000,469694000,0.91,0.88,0.91,2310801000,2167744250,2310801000,10278753107,21,15.066,358557000,1.063,1.0,1761481000,0.8,535942000,0,1909093000,1819931000,23296000,890959000,531635000,359324000,689557000,438720000,250837000,10376106107,28635000,-65341000,75333000,-25701000,0,48853000,-565091000,-291393000,546294000,-1421000,306627000,306627000,306627000,0,0,0.139,1301683000,459798000,85545000,0.0,4.49,33.84,33.654,488996000,0,30.625,4.71,4.688,563209000,1597462000,2203153000,2203153000,286801000,0.11,0.141,0.258,0.213,27919000,1014882000,1.0,338811628,337267000,347734000,6.532,2464416000,46795000,163067000,150229000,7.269,1063593000
CERN,MRY,2012-12-31,2012-12-29,2012-12-29,2018-02-12,-5255000,3704468000,3403381750,1790506000,1913962000,0.783,8.247,-283618000,317120000,317120000,608197000,397232000,3.086,0.307,196139000,59582000,136557000,196139000,200589000,222580000,0,0.0,0.0,587708000,810288000,0.304,810288000,587708000,587708000,1.16,1.13,1.16,2833650000,2635674750,2833650000,12961156151,22,15.996,424696000,1.242,1.0,2057239000,0.772,646968000,0,2356407000,2225068000,23681000,1229132000,719665000,509467000,870818000,580112000,290706000,13052600151,73974000,-40540000,86517000,-17083000,0,66034000,-701631000,-354603000,708314000,1257000,397232000,397232000,397232000,0,0,0.149,1485577000,571662000,141212000,0.0,4.606,32.859,32.793,569708000,0,38.04,4.897,4.879,577848000,1994694000,2665436000,2665436000,301370000,0.117,0.151,0.264,0.22,36113000,1184207000,1.0,343128290,341861000,351394000,7.797,3057500000,38620000,190476000,143212000,8.899,1210394000
CERN,MRY,2013-12-31,2013-12-28,2013-12-28,2018-02-12,-13429000,4098364000,3918456000,1761708000,2336656000,0.743,9.222,-527526000,202377000,202377000,514722000,398354000,2.751,0.294,165824000,54107000,111717000,165824000,217905000,263538000,0,0.0,0.0,588054000,851592000,0.293,851592000,588054000,588054000,1.16,1.13,1.16,3167664000,3023825250,3167664000,18973935204,32,22.281,168339000,0.49,1.0,2396026000,0.823,798631000,0,2622748000,2470983750,32299000,1231877000,677004000,554873000,930700000,640432000,290268000,19078553204,-114743000,-67877000,-98712000,-24700000,0,-119389000,-688429000,-36221000,695865000,-2790000,398354000,398354000,398354000,0,0,0.137,1820014000,576012000,145019000,0.0,6.023,47.893,47.914,792781000,0,55.58,6.555,6.562,582926000,2393048000,2910748000,2910748000,338786000,0.102,0.132,0.238,0.202,46295000,1468434000,1.0,343262922,343636000,352281000,8.47,3299733000,91614000,189700000,170392000,9.606,1121276000
CERN,MRY,2014-12-31,2015-01-03,2015-01-03,2018-02-12,-44096000,4530565000,4344956500,2348786000,2181779000,0.783,10.432,-454384000,635203000,635203000,604377000,525433000,3.703,0.271,130328000,67460000,62868000,130328000,220468000,302353000,0,0.0,0.0,774174000,1076527000,0.316,1076527000,774174000,774174000,1.54,1.5,1.54,3565968000,3367086000,3565968000,21856243897,28,20.303,392643000,1.148,1.0,2798326000,0.822,867373000,0,2524002000,2583446250,23789000,1016810000,785663000,231147000,964597000,634315000,330282000,22205939897,432826000,-7476000,-145671000,-14930000,0,-120324000,-284567000,190810000,847027000,-9310000,525433000,525433000,525433000,0,0,0.154,2035242000,763084000,160285000,0.0,6.227,42.262,42.227,924260000,0,65.03,6.526,6.539,672778000,2918481000,3402703000,3402703000,392805000,0.121,0.156,0.3,0.228,59292000,1628961000,1.0,341472242,342150000,350386000,9.945,3663192000,22075000,248741000,256601000,10.716,1714471000
CERN,MRY,2015-12-31,2016-01-02,2016-01-02,2018-02-12,-76354000,5561984000,5480586750,1827833000,3734151000,0.807,11.353,-626788000,402122000,402122000,750781000,539362000,2.35,0.437,605150000,41797000,563353000,605150000,304308000,452225000,0,0.0,0.0,781380000,1233605000,0.279,1233605000,781380000,781380000,1.57,1.54,1.57,3870384000,3820530750,3870384000,20953353423,26,16.985,413140000,1.204,1.0,3674486000,0.83,2049799000,0,2937347000,2960177500,15788000,284132000,111059000,173073000,1691600000,777866000,913734000,20584441423,-233081000,-1478129000,-293582000,485675000,0,143847000,-1405943000,720406000,1039928000,-10913000,539362000,539362000,539362000,0,0,0.122,2893350000,781136000,215510000,0.0,5.318,38.164,38.325,1309214000,0,60.17,4.652,4.666,1034084000,3457843000,4425267000,4425267000,539799000,0.098,0.141,0.264,0.177,70121000,2262024000,1.0,342104727,343178000,350908000,12.895,3512185000,0,242018000,324516000,10.302,1049967000
CERN,MRY,2016-12-31,2016-12-31,2016-12-31,2018-02-12,-110165000,5629963000,5738133250,1619361000,4010602000,0.836,11.727,-753123000,170861000,170861000,779116000,636484000,1.915,0.433,563749000,26197000,537552000,563749000,324639000,504236000,0,0.0,0.0,918434000,1422670000,0.297,1422670000,918434000,918434000,1.88,1.85,1.88,3927947000,4044071250,3927947000,16222983010,17,11.403,492514000,1.458,1.0,4017357000,0.838,2129456000,0,3047994000,3064743250,14740000,294962000,185588000,109374000,1702016000,845401000,856615000,16081941010,-231261000,0,-636481000,0,0,-676677000,-789774000,-18179000,1245637000,-10447000,636484000,636484000,636484000,0,0,0.133,3106344000,911013000,238134000,0.0,4.094,25.267,25.197,1552524000,0,47.37,3.353,3.336,944943000,4094327000,4796473000,4796473000,551418000,0.111,0.157,0.3,0.191,74536000,2464380000,1.0,339496327,337740000,343653000,14.202,3500507000,0,281950000,306263000,10.451,773960000
CERN,MRY,2017-12-31,2017-12-30,2017-12-30,2018-02-12,-73382000,6469311000,6140854000,2380227000,4089084000,0.837,14.434,-636231000,370923000,370923000,854091000,866978000,3.014,0.352,526715000,11585000,515130000,526715000,324901000,580723000,0,0.0,0.0,967129000,1547852000,0.301,1547852000,967129000,967129000,2.62,2.57,2.62,4785348000,4454432500,4785348000,22363389841,23,14.448,671444000,2.026,1.0,4288181000,0.834,2154917000,0,3680591000,3264002000,15749000,631681000,434844000,196837000,1683963000,789595000,894368000,22401439841,200062000,0,-96729000,0,0,-110984000,-1005851000,-339974000,1307675000,9222000,866978000,866978000,866978000,0,0,0.169,3327710000,960471000,218996000,0.0,4.681,25.839,25.721,1603319000,0,67.39,4.356,4.343,1042781000,4938866000,5142272000,5142272000,605046000,0.141,0.195,0.296,0.188,83019000,2632088000,1.0,332414896,331373000,337999000,15.518,4314394000,0,100151000,365674000,13.013,1590632000
