ticker,dimension,calendardate,datekey,reportperiod,lastupdated,accoci,assets,assetsavg,assetsc,assetsnc,assetturnover,bvps,capex,cashneq,cashnequsd,cor,consolinc,currentratio,de,debt,debtc,debtnc,debtusd,deferredrev,depamor,deposits,divyield,dps,ebit,ebitda,ebitdamargin,ebitdausd,ebitusd,ebt,eps,epsdil,epsusd,equity,equityavg,equityusd,ev,evebit,evebitda,fcf,fcfps,fxusd,gp,grossmargin,intangibles,intexp,invcap,invcapavg,inventory,investments,investmentsc,investmentsnc,liabilities,liabilitiesc,liabilitiesnc,marketcap,ncf,ncfbus,ncfcommon,ncfdebt,ncfdiv,ncff,ncfi,ncfinv,ncfo,ncfx,netinc,netinccmn,netinccmnusd,netincdis,netincnci,netmargin,opex,opinc,payables,payoutratio,pb,pe,pe1,ppnenet,prefdivis,price,ps,ps1,receivables,retearn,revenue,revenueusd,rnd,roa,roe,roic,ros,sbcomp,sgna,sharefactor,sharesbas,shareswa,shareswadil,sps,tangibles,taxassets,taxexp,taxliabilities,tbvps,workingcapital
CLX,MRY,2011-12-31,2011-06-30,2011-06-30,2018-02-02,-250000000,4163000000,4291250000,1279000000,2884000000,1.219,-0.65,-228000000,259000000,259000000,2958000000,557000000,0.937,-49.407,2584000000,459000000,2125000000,2584000000,0,173000000,0,0.033,2.2,956000000,1129000000,0.216,1129000000,956000000,833000000,4.06,4.02,4.06,-86000000,58750000,-86000000,11307099181,11,10.015,470000000,3.438,1.0,2273000000,0.435,1703000000,123000000,3420000000,3489250000,382000000,0,0,0,4249000000,1365000000,2884000000,8992099181,172000000,747000000,-562000000,-213000000,-303000000,-1078000000,544000000,0,698000000,8000000,557000000,557000000,557000000,-270000000,0,0.106,1587000000,686000000,423000000,0.542,-104.559,16.144,16.611,1039000000,0,67.44,1.719,1.762,525000000,1143000000,5231000000,5231000000,115000000,0.13,9.481,0.274,0.183,32000000,1237000000,1.0,133334804,136699000,138101000,38.267,2460000000,0,276000000,181000000,18.597,-86000000
CLX,MRY,2012-12-31,2012-06-30,2012-06-30,2018-02-02,-396000000,4355000000,4277000000,1376000000,2979000000,1.278,-1.038,-192000000,267000000,267000000,3164000000,541000000,0.668,-33.259,2721000000,1150000000,1571000000,2721000000,0,178000000,0,0.033,2.4,914000000,1092000000,0.2,1092000000,914000000,789000000,4.14,4.09,4.14,-135000000,-129000000,-135000000,11971715106,13,10.963,420000000,3.21,1.0,2304000000,0.421,1754000000,125000000,2994000000,3235000000,384000000,0,0,0,4490000000,2061000000,2429000000,9424715106,8000000,-93000000,-139000000,133000000,-315000000,-321000000,-277000000,0,612000000,-6000000,541000000,541000000,541000000,2000000,0,0.099,1388000000,916000000,412000000,0.58,-69.813,17.421,17.502,1081000000,0,72.46,1.724,1.734,576000000,1350000000,5468000000,5468000000,121000000,0.126,-4.194,0.283,0.167,27000000,1280000000,1.0,130067832,130852000,132310000,41.788,2601000000,0,248000000,124000000,19.998,-685000000
CLX,MRY,2013-12-31,2013-06-30,2013-06-30,2018-02-02,-367000000,4311000000,4520750000,1420000000,2891000000,1.224,1.111,-190000000,299000000,299000000,3142000000,572000000,1.252,28.527,2372000000,202000000,2170000000,2372000000,0,180000000,0,0.031,2.56,973000000,1153000000,0.208,1153000000,973000000,851000000,4.37,4.3,4.37,146000000,83500000,146000000,13084473625,13,11.348,585000000,4.463,1.0,2391000000,0.432,1732000000,122000000,3518000000,3584500000,394000000,0,0,0,4165000000,1134000000,3031000000,10946473625,32000000,0,5000000,-355000000,-335000000,-685000000,-55000000,0,775000000,-3000000,572000000,572000000,572000000,1000000,0,0.103,1421000000,970000000,413000000,0.586,74.976,19.137,19.025,1021000000,0,83.14,1.978,1.97,580000000,1561000000,5533000000,5533000000,130000000,0.127,6.85,0.271,0.176,35000000,1291000000,1.0,131663142,131075000,132969000,42.212,2579000000,0,279000000,148000000,19.624,286000000
CLX,MRY,2014-12-31,2014-06-30,2014-06-30,2018-02-02,-417000000,4258000000,4330250000,1395000000,2863000000,1.273,1.194,-137000000,329000000,329000000,3158000000,558000000,0.852,26.649,2313000000,718000000,1595000000,2313000000,0,177000000,0,0.031,2.84,966000000,1143000000,0.207,1143000000,966000000,863000000,4.31,4.23,4.31,154000000,111000000,154000000,13952874650,14,12.207,630000000,4.863,1.0,2356000000,0.427,1712000000,103000000,2892000000,3277500000,386000000,0,0,0,4104000000,1638000000,2466000000,11752874650,30000000,0,-164000000,-60000000,-368000000,-592000000,-138000000,0,767000000,-7000000,558000000,558000000,558000000,21000000,0,0.101,1369000000,987000000,440000000,0.659,76.317,21.062,21.206,977000000,0,91.4,2.131,2.148,546000000,1739000000,5514000000,5514000000,125000000,0.129,5.027,0.295,0.175,36000000,1254000000,1.0,128587250,129558000,131742000,42.56,2546000000,0,305000000,111000000,19.736,-243000000
CLX,MRY,2015-12-31,2015-06-30,2015-06-30,2018-02-02,-502000000,4164000000,4304000000,1429000000,2735000000,1.314,0.911,-125000000,382000000,382000000,3190000000,580000000,1.017,34.288,2191000000,395000000,1796000000,2191000000,0,169000000,0,0.028,2.96,995000000,1164000000,0.206,1164000000,995000000,895000000,4.45,4.37,4.45,118000000,217500000,118000000,15433157612,15,13.259,749000000,5.748,1.0,2465000000,0.436,1652000000,100000000,2916000000,2972250000,385000000,0,0,0,4046000000,1405000000,2641000000,13645157612,53000000,0,-183000000,-128000000,-385000000,-696000000,-106000000,0,874000000,-19000000,580000000,580000000,580000000,26000000,0,0.103,1444000000,1021000000,979000000,0.665,115.637,23.526,23.375,918000000,0,104.02,2.413,2.397,519000000,1923000000,5655000000,5655000000,136000000,0.135,2.667,0.335,0.176,32000000,1321000000,1.0,131178212,130310000,132776000,43.397,2512000000,0,315000000,126000000,19.391,24000000
CLX,MRY,2016-12-31,2016-06-30,2016-06-30,2018-02-02,-570000000,4510000000,4266000000,1485000000,3025000000,1.35,2.293,-172000000,401000000,401000000,3163000000,648000000,0.953,14.185,2312000000,523000000,1789000000,2312000000,0,165000000,0,0.022,3.08,1071000000,1236000000,0.215,1236000000,1071000000,983000000,5.01,4.92,5.01,297000000,218250000,297000000,19713421415,18,15.949,606000000,4.681,1.0,2598000000,0.451,1932000000,88000000,2931000000,3014250000,443000000,0,0,0,4213000000,1558000000,2655000000,17899421415,19000000,-290000000,-44000000,126000000,-398000000,-316000000,-430000000,0,778000000,-13000000,648000000,648000000,648000000,0,0,0.112,1527000000,1071000000,1035000000,0.615,60.267,27.623,27.623,906000000,0,138.39,3.107,3.11,569000000,2163000000,5761000000,5761000000,141000000,0.152,2.969,0.355,0.186,45000000,1393000000,1.0,129340425,129472000,131717000,44.496,2578000000,0,335000000,82000000,19.907,-73000000
CLX,MRY,2017-12-31,2017-06-30,2017-06-30,2018-02-02,-543000000,4573000000,4559000000,1514000000,3059000000,1.31,4.198,-231000000,418000000,418000000,3302000000,701000000,0.837,7.437,2195000000,804000000,1391000000,2195000000,0,163000000,0,0.024,3.2,1119000000,1282000000,0.215,1282000000,1119000000,1031000000,5.43,5.33,5.43,542000000,376250000,542000000,19170077364,17,14.953,637000000,4.94,1.0,2671000000,0.447,1918000000,88000000,2623000000,2777000000,459000000,0,0,0,4031000000,1809000000,2222000000,17161077364,17000000,0,-108000000,-125000000,-412000000,-645000000,-205000000,0,868000000,-1000000,701000000,701000000,701000000,2000000,0,0.117,1550000000,1121000000,1005000000,0.589,31.663,24.481,24.538,931000000,0,133.24,2.873,2.877,565000000,2440000000,5973000000,5973000000,135000000,0.154,1.863,0.403,0.187,51000000,1409000000,1.0,128798239,128953000,131566000,46.319,2655000000,0,330000000,61000000,20.563,-295000000
