ticker,dimension,calendardate,datekey,reportperiod,lastupdated,accoci,assets,assetsavg,assetsc,assetsnc,assetturnover,bvps,capex,cashneq,cashnequsd,cor,consolinc,currentratio,de,debt,debtc,debtnc,debtusd,deferredrev,depamor,deposits,divyield,dps,ebit,ebitda,ebitdamargin,ebitdausd,ebitusd,ebt,eps,epsdil,epsusd,equity,equityavg,equityusd,ev,evebit,evebitda,fcf,fcfps,fxusd,gp,grossmargin,intangibles,intexp,invcap,invcapavg,inventory,investments,investmentsc,investmentsnc,liabilities,liabilitiesc,liabilitiesnc,marketcap,ncf,ncfbus,ncfcommon,ncfdebt,ncfdiv,ncff,ncfi,ncfinv,ncfo,ncfx,netinc,netinccmn,netinccmnusd,netincdis,netincnci,netmargin,opex,opinc,payables,payoutratio,pb,pe,pe1,ppnenet,prefdivis,price,ps,ps1,receivables,retearn,revenue,revenueusd,rnd,roa,roe,roic,ros,sbcomp,sgna,sharefactor,sharesbas,shareswa,shareswadil,sps,tangibles,taxassets,taxexp,taxliabilities,tbvps,workingcapital
COL,MRY,2011-12-31,2011-09-30,2011-09-30,2018-01-26,-1497000000,5389000000,5106500000,2889000000,2500000000,0.941,9.954,-138000000,530000000,530000000,3427000000,634000000,1.932,2.535,528000000,0,528000000,528000000,0,108000000,0,0.018,0.96,893000000,1001000000,0.208,1001000000,893000000,874000000,4.11,4.06,4.11,1523000000,1559750000,1523000000,8423444065,9,8.415,519000000,3.366,1.0,1379000000,0.287,1088000000,19000000,2804000000,2808750000,1195000000,0,0,0,3861000000,1495000000,2366000000,8107444065,95000000,27000000,-306000000,-24000000,-148000000,-471000000,-92000000,20000000,657000000,1000000,634000000,634000000,634000000,-19000000,0,0.132,533000000,846000000,485000000,0.234,5.323,12.788,12.837,754000000,0,52.76,1.687,1.693,969000000,3288000000,4806000000,4806000000,0,0.124,0.406,0.318,0.186,85000000,533000000,1.0,153666491,154200000,156100000,31.167,4301000000,554000000,240000000,0,28.111,1394000000
COL,MRY,2012-12-31,2012-09-30,2012-09-30,2018-01-26,-1607000000,5314000000,5209250000,2787000000,2527000000,0.87,8.866,-121000000,335000000,335000000,3168000000,609000000,1.935,3.217,779000000,0,779000000,779000000,0,116000000,0,0.025,1.32,879000000,995000000,0.22,995000000,879000000,852000000,4.19,4.15,4.19,1259000000,1279500000,1259000000,8339014237,9,8.381,413000000,2.842,1.0,1363000000,0.301,1071000000,27000000,3247000000,3271000000,1332000000,0,0,0,4050000000,1440000000,2610000000,7625014237,-195000000,-3000000,-693000000,247000000,-157000000,-594000000,-129000000,0,534000000,-6000000,609000000,609000000,609000000,-20000000,0,0.134,530000000,833000000,475000000,0.315,6.056,12.521,12.802,773000000,0,53.64,1.683,1.72,971000000,3708000000,4531000000,4531000000,0,0.117,0.476,0.269,0.194,84000000,530000000,1.0,142151645,145300000,146800000,31.184,4243000000,513000000,243000000,0,29.88,1347000000
COL,MRY,2013-12-31,2013-09-30,2013-09-30,2018-01-26,-1287000000,5400000000,5365750000,3094000000,2306000000,0.834,12.012,-117000000,391000000,391000000,3103000000,632000000,1.562,2.334,999000000,436000000,563000000,999000000,0,124000000,0,0.018,1.2,895000000,1019000000,0.228,1019000000,895000000,867000000,4.63,4.58,4.63,1618000000,1248250000,1618000000,9972744127,11,9.787,500000000,3.663,1.0,1371000000,0.306,1067000000,28000000,2960000000,3106000000,1518000000,0,0,0,3777000000,1981000000,1796000000,9161744127,56000000,0,-528000000,235000000,-164000000,-448000000,-118000000,0,617000000,5000000,632000000,632000000,632000000,-2000000,0,0.141,495000000,876000000,463000000,0.259,5.662,14.496,14.657,773000000,0,67.86,2.048,2.07,1058000000,4163000000,4474000000,4474000000,0,0.118,0.506,0.288,0.2,64000000,495000000,1.0,135009492,136500000,138100000,32.777,4333000000,264000000,235000000,0,32.168,1113000000
COL,MRY,2014-12-31,2014-09-30,2014-09-30,2018-01-26,-1366000000,7063000000,7123000000,3204000000,3859000000,0.699,14.007,-163000000,323000000,323000000,3469000000,604000000,1.458,2.746,2167000000,504000000,1663000000,2167000000,0,141000000,0,0.015,1.2,927000000,1068000000,0.215,1068000000,927000000,868000000,4.47,4.42,4.47,1884000000,1850750000,1884000000,12673273541,13,11.866,481000000,3.56,1.0,1510000000,0.303,2551000000,59000000,4158000000,4245500000,1709000000,0,0,0,5174000000,2198000000,2976000000,10605273541,-68000000,-1381000000,-174000000,1158000000,-162000000,827000000,-1527000000,0,644000000,-12000000,604000000,604000000,604000000,14000000,0,0.121,594000000,916000000,535000000,0.268,5.629,17.558,17.562,919000000,0,78.5,2.13,2.13,1033000000,4605000000,4979000000,4979000000,0,0.085,0.326,0.218,0.186,68000000,594000000,1.0,135099026,135100000,136700000,36.854,4512000000,110000000,264000000,57000000,33.546,1006000000
COL,MRY,2015-12-31,2015-09-30,2015-09-30,2018-01-26,-1699000000,7304000000,7211500000,3224000000,4080000000,0.727,14.205,-210000000,252000000,252000000,3630000000,686000000,1.565,2.893,2128000000,448000000,1680000000,2128000000,0,252000000,0,0.015,1.26,1015000000,1267000000,0.242,1267000000,1015000000,954000000,5.19,5.13,5.19,1875000000,1933750000,1875000000,12902072104,12,10.183,525000000,3.968,1.0,1614000000,0.308,2607000000,61000000,4513000000,4465250000,1824000000,0,0,0,5424000000,2060000000,3364000000,10784072104,-71000000,-74000000,-281000000,-56000000,-167000000,-492000000,-291000000,0,735000000,-23000000,686000000,686000000,686000000,8000000,0,0.131,606000000,1008000000,487000000,0.243,5.752,15.72,15.769,964000000,0,81.84,2.056,2.065,1038000000,5124000000,5244000000,5244000000,0,0.095,0.355,0.227,0.194,61000000,606000000,1.0,131770187,132300000,133700000,39.637,4697000000,165000000,268000000,0,35.583,1164000000
COL,MRY,2016-12-31,2016-09-30,2016-09-30,2018-01-26,-1898000000,7699000000,7596500000,3490000000,4209000000,0.692,15.997,-193000000,340000000,340000000,3642000000,728000000,1.488,2.702,2114000000,740000000,1374000000,2114000000,0,253000000,0,0.016,1.32,1000000000,1253000000,0.238,1253000000,1000000000,936000000,5.58,5.51,5.58,2078000000,2017000000,2078000000,13150400359,13,10.495,530000000,4.061,1.0,1617000000,0.307,2586000000,64000000,4541000000,4549000000,1939000000,0,0,0,5615000000,2346000000,3269000000,10958400359,88000000,-17000000,-240000000,-8000000,-172000000,-422000000,-209000000,0,723000000,-4000000,728000000,728000000,728000000,-1000000,0,0.138,638000000,979000000,527000000,0.237,5.274,15.053,15.115,1035000000,0,84.34,2.084,2.093,1094000000,3327000000,5259000000,5259000000,0,0.096,0.361,0.22,0.19,86000000,638000000,1.0,129931235,130500000,132100000,40.299,5113000000,219000000,208000000,1000000,39.361,1144000000
COL,MRY,2017-12-31,2017-09-30,2017-09-30,2018-01-26,-1575000000,17997000000,12959250000,4760000000,13237000000,0.526,37.165,-240000000,703000000,703000000,4868000000,705000000,1.551,1.977,7155000000,479000000,6676000000,7155000000,0,394000000,0,0.01,1.32,1118000000,1512000000,0.222,1512000000,1118000000,931000000,4.85,4.79,4.85,6043000000,4061000000,6043000000,28438220444,25,18.808,1024000000,7.038,1.0,1954000000,0.286,11287000000,187000000,10093000000,7689250000,2451000000,0,0,0,11947000000,3069000000,8878000000,21237220444,363000000,-3429000000,18000000,2940000000,-194000000,2759000000,-3674000000,0,1264000000,14000000,705000000,705000000,705000000,0,0,0.103,852000000,1102000000,927000000,0.272,3.514,30.124,26.951,1398000000,0,130.71,3.113,2.788,1426000000,3838000000,6822000000,6822000000,0,0.054,0.174,0.145,0.164,98000000,732000000,1.0,162475866,145500000,147200000,46.887,6710000000,21000000,226000000,331000000,41.267,1691000000
