ticker,dimension,calendardate,datekey,reportperiod,lastupdated,accoci,assets,assetsavg,assetsc,assetsnc,assetturnover,bvps,capex,cashneq,cashnequsd,cor,consolinc,currentratio,de,debt,debtc,debtnc,debtusd,deferredrev,depamor,deposits,divyield,dps,ebit,ebitda,ebitdamargin,ebitdausd,ebitusd,ebt,eps,epsdil,epsusd,equity,equityavg,equityusd,ev,evebit,evebitda,fcf,fcfps,fxusd,gp,grossmargin,intangibles,intexp,invcap,invcapavg,inventory,investments,investmentsc,investmentsnc,liabilities,liabilitiesc,liabilitiesnc,marketcap,ncf,ncfbus,ncfcommon,ncfdebt,ncfdiv,ncff,ncfi,ncfinv,ncfo,ncfx,netinc,netinccmn,netinccmnusd,netincdis,netincnci,netmargin,opex,opinc,payables,payoutratio,pb,pe,pe1,ppnenet,prefdivis,price,ps,ps1,receivables,retearn,revenue,revenueusd,rnd,roa,roe,roic,ros,sbcomp,sgna,sharefactor,sharesbas,shareswa,shareswadil,sps,tangibles,taxassets,taxexp,taxliabilities,tbvps,workingcapital
COST,MRY,2011-12-31,2011-08-28,2011-08-28,2017-12-22,373000000,26761000000,26373500000,13706000000,13055000000,3.371,27.494,-1290000000,4009000000,4009000000,77739000000,1542000000,1.137,1.182,2153000000,900000000,1253000000,2153000000,973000000,855000000,0,0.012,0.89,2419000000,3274000000,0.037,3274000000,2419000000,2303000000,3.35,3.3,3.35,12002000000,11686750000,12002000000,31869538641,13,9.734,1908000000,4.375,1.0,11176000000,0.126,0,116000000,12855000000,13032500000,6638000000,1604000000,1604000000,0,14188000000,12050000000,2138000000,33803538641,795000000,165000000,-339000000,-540000000,-389000000,-1277000000,-1180000000,-60000000,3198000000,54000000,1462000000,1462000000,1462000000,0,80000000,0.016,8737000000,2439000000,6544000000,0.266,2.816,23.121,23.048,12432000000,0,77.21,0.38,0.379,965000000,7111000000,88915000000,88915000000,0,0.055,0.125,0.186,0.027,162000000,8691000000,1.0,437812960,436119000,443094000,203.878,26761000000,490000000,841000000,1220000000,61.304,1656000000
COST,MRY,2012-12-31,2012-09-02,2012-09-02,2017-12-22,156000000,27140000000,27622750000,13526000000,13614000000,3.589,28.58,-1480000000,3528000000,3528000000,86823000000,1767000000,1.103,1.183,1381000000,0,1381000000,1381000000,1101000000,908000000,0,0.011,1.03,2804000000,3712000000,0.037,3712000000,2804000000,2709000000,3.94,3.89,3.94,12361000000,12271750000,12361000000,38895585478,13,10.478,1577000000,3.637,1.0,12314000000,0.124,0,95000000,12733000000,12604000000,7096000000,1326000000,1326000000,0,14622000000,12260000000,2362000000,42313585478,-481000000,0,-523000000,-313000000,-446000000,-2281000000,-1236000000,255000000,3057000000,-21000000,1709000000,1709000000,1709000000,0,58000000,0.017,9555000000,2759000000,7303000000,0.261,3.423,24.759,24.84,12961000000,0,97.87,0.427,0.428,1026000000,7834000000,99137000000,99137000000,0,0.062,0.139,0.222,0.028,177000000,9518000000,1.0,432344799,433620000,439373000,228.626,27140000000,550000000,1000000000,1378000000,62.751,1266000000
COST,MRY,2013-12-31,2013-09-01,2013-09-01,2017-12-22,-122000000,30283000000,29675250000,15840000000,14443000000,3.544,24.81,-2083000000,4644000000,4644000000,91948000000,2061000000,1.195,1.779,4998000000,0,4998000000,4998000000,1167000000,946000000,0,0.073,8.17,3128000000,4074000000,0.039,4074000000,3128000000,3029000000,4.68,4.63,4.68,10833000000,11020500000,10833000000,48290865145,15,11.853,1354000000,3.107,1.0,13208000000,0.126,0,99000000,17380000000,15621500000,7894000000,1480000000,1480000000,0,19271000000,13257000000,6014000000,48851865145,1116000000,0,-36000000,3686000000,-3560000000,44000000,-2251000000,-187000000,3437000000,-114000000,2039000000,2039000000,2039000000,0,22000000,0.019,10155000000,3053000000,7872000000,1.746,4.51,23.959,23.904,13881000000,0,111.87,0.465,0.464,1201000000,6283000000,105156000000,105156000000,0,0.069,0.185,0.2,0.03,224000000,10104000000,1.0,436684233,435741000,440512000,241.327,30283000000,621000000,990000000,1398000000,69.355,2583000000
COST,MRY,2014-12-31,2014-08-31,2014-08-31,2017-12-22,-76000000,33024000000,32402500000,17588000000,15436000000,3.476,28.091,-1993000000,5738000000,5738000000,98458000000,2088000000,1.22,1.667,5093000000,0,5093000000,5093000000,1254000000,1029000000,0,0.011,1.33,3280000000,4309000000,0.038,4309000000,3280000000,3167000000,4.69,4.65,4.69,12303000000,11714500000,12303000000,52317842871,15,12.142,1991000000,4.538,1.0,14182000000,0.126,0,113000000,17967000000,17610250000,8456000000,1577000000,1577000000,0,20509000000,14412000000,6097000000,53068842871,1094000000,0,-334000000,178000000,-584000000,-786000000,-2093000000,-97000000,3984000000,-11000000,2058000000,2058000000,2058000000,0,30000000,0.018,10962000000,3220000000,8491000000,0.284,4.313,25.787,25.817,14830000000,0,121.08,0.471,0.472,1148000000,7458000000,112640000000,112640000000,0,0.064,0.176,0.186,0.029,243000000,10899000000,1.0,438295696,438693000,442485000,256.763,33024000000,669000000,1109000000,1004000000,75.404,3176000000
COST,MRY,2015-12-31,2015-08-30,2015-08-30,2017-12-22,-1121000000,33017000000,33680250000,16779000000,16238000000,3.45,24.19,-2393000000,4801000000,4801000000,101065000000,2409000000,1.015,2.089,6135000000,1283000000,4852000000,6135000000,1269000000,1127000000,0,0.047,6.51,3696000000,4823000000,0.042,4823000000,3696000000,3572000000,5.41,5.37,5.41,10617000000,10942250000,10617000000,62469297457,16,12.952,1892000000,4.305,1.0,15134000000,0.13,0,124000000,17812000000,16926000000,8908000000,1618000000,1618000000,0,22174000000,16539000000,5635000000,61506297457,-937000000,0,-481000000,1079000000,-2865000000,-2324000000,-2480000000,-67000000,4285000000,-418000000,2377000000,2377000000,2377000000,0,32000000,0.02,11510000000,3624000000,9011000000,1.203,5.793,25.876,25.869,15401000000,0,139.95,0.529,0.529,1224000000,6518000000,116199000000,116199000000,0,0.071,0.217,0.218,0.032,308000000,11445000000,1.0,439487656,439455000,442716000,264.416,33017000000,0,1195000000,0,75.227,240000000
COST,MRY,2016-12-31,2016-08-28,2016-08-28,2017-12-22,-1099000000,33163000000,33718750000,15218000000,17945000000,3.521,27.584,-2649000000,3379000000,3379000000,102901000000,2376000000,0.977,1.725,5161000000,1100000000,4061000000,5161000000,1362000000,1255000000,0,0.01,1.7,3726000000,4981000000,0.042,4981000000,3726000000,3593000000,5.36,5.33,5.36,12079000000,11358000000,12079000000,72042087742,19,14.463,643000000,1.466,1.0,15818000000,0.133,0,133000000,19370000000,18250250000,8969000000,1350000000,1350000000,0,20831000000,15575000000,5256000000,71812087742,-1422000000,0,-486000000,-1022000000,-746000000,-2419000000,-2345000000,277000000,3292000000,50000000,2350000000,2350000000,2350000000,0,26000000,0.02,12146000000,3672000000,7612000000,0.317,5.945,30.558,30.584,17043000000,0,163.93,0.605,0.606,1252000000,7686000000,118719000000,118719000000,0,0.07,0.207,0.204,0.031,385000000,12068000000,1.0,438065563,438585000,441263000,270.686,33163000000,0,1243000000,0,75.733,-357000000
COST,MRY,2017-12-31,2017-09-03,2017-09-03,2017-12-22,-1014000000,36347000000,36035000000,17317000000,19030000000,3.581,24.607,-2502000000,4546000000,4546000000,111882000000,2714000000,0.99,2.344,6573000000,0,6573000000,6573000000,1498000000,1370000000,0,0.056,8.9,4138000000,5508000000,0.043,5508000000,4138000000,4004000000,6.11,6.08,6.11,10778000000,11272250000,10778000000,68844010121,16,12.499,4224000000,9.634,1.0,17143000000,0.133,0,134000000,20879000000,17328250000,9834000000,1233000000,1233000000,0,25268000000,17495000000,7773000000,69403010121,1167000000,0,-469000000,1346000000,-3904000000,-3218000000,-2366000000,106000000,6726000000,25000000,2679000000,2679000000,2679000000,0,35000000,0.021,13032000000,4111000000,9608000000,1.457,6.439,25.906,25.899,18161000000,0,158.24,0.538,0.538,1432000000,5988000000,129025000000,129025000000,0,0.074,0.238,0.239,0.032,476000000,12950000000,1.0,438593340,438437000,440937000,294.284,36347000000,0,1325000000,0,82.982,-178000000
