ticker,dimension,calendardate,datekey,reportperiod,lastupdated,accoci,assets,assetsavg,assetsc,assetsnc,assetturnover,bvps,capex,cashneq,cashnequsd,cor,consolinc,currentratio,de,debt,debtc,debtnc,debtusd,deferredrev,depamor,deposits,divyield,dps,ebit,ebitda,ebitdamargin,ebitdausd,ebitusd,ebt,eps,epsdil,epsusd,equity,equityavg,equityusd,ev,evebit,evebitda,fcf,fcfps,fxusd,gp,grossmargin,intangibles,intexp,invcap,invcapavg,inventory,investments,investmentsc,investmentsnc,liabilities,liabilitiesc,liabilitiesnc,marketcap,ncf,ncfbus,ncfcommon,ncfdebt,ncfdiv,ncff,ncfi,ncfinv,ncfo,ncfx,netinc,netinccmn,netinccmnusd,netincdis,netincnci,netmargin,opex,opinc,payables,payoutratio,pb,pe,pe1,ppnenet,prefdivis,price,ps,ps1,receivables,retearn,revenue,revenueusd,rnd,roa,roe,roic,ros,sbcomp,sgna,sharefactor,sharesbas,shareswa,shareswadil,sps,tangibles,taxassets,taxexp,taxliabilities,tbvps,workingcapital
CRM,MRY,2011-12-31,2012-01-31,2012-01-31,2017-11-22,12683000,4164154000,3556207000,1672222000,2491932000,0.637,2.902,-171300000,607284000,607284000,488886000,-11572000,0.727,1.574,496149000,496149000,0,496149000,1380295000,157286000,0,0.0,0.0,-16272000,141014000,0.062,141014000,-16272000,-33317000,-0.02,-0.02,-0.02,1587360000,1439878500,1587360000,15871932000,-975,112.556,420207000,0.776,1.0,1777653000,0.784,973793000,17045000,779195000,752587000,0,839890000,170582000,669308000,2498053000,2300031000,198022000,15884800000,182992000,-422699000,116565000,-30533000,0,75850000,-489690000,104309000,591507000,5325000,-11572000,-11572000,-11572000,0,0,-0.005,1817193000,-39540000,512260000,0.0,10.007,-1372.693,-1460.0,527946000,0,29.2,7.008,6.972,683745000,159463000,2266539000,2266539000,295347000,-0.003,-0.008,-0.022,-0.007,223240000,1517391000,1.0,544000000,541208000,541208000,4.188,3190361000,119408000,-21745000,37258000,5.833,-627809000
CRM,MRY,2012-12-31,2013-01-31,2013-01-31,2017-11-22,17137000,5528956000,4695227000,2015880000,3513076000,0.65,3.995,-179707000,747245000,747245000,683579000,-270445000,0.691,1.362,521278000,521278000,0,521278000,1862995000,216795000,0,0.0,0.0,-96846000,119949000,0.039,119949000,-96846000,-127794000,-0.48,-0.48,-0.48,2317633000,2025832750,2317633000,24435631000,-252,203.717,557190000,0.986,1.0,2366616000,0.776,1736701000,30948000,648664000,838935750,0,1011040000,120376000,890664000,3157711000,2917624000,240087000,24442460000,139961000,-579745000,351366000,-31754000,0,334545000,-938918000,-179466000,736897000,7437000,-270445000,-270445000,-270445000,0,0,-0.089,2483024000,-116408000,597706000,0.0,10.546,-90.379,-89.651,604669000,0,43.032,8.013,7.97,872634000,-110982000,3050195000,3050195000,429479000,-0.058,-0.133,-0.115,-0.032,364417000,2047847000,1.0,568000000,564896000,564896000,5.4,3792255000,0,142651000,0,6.538,-901744000
CRM,MRY,2013-12-31,2014-01-31,2014-01-31,2017-11-22,17680000,9152930000,7933542250,2680252000,6472678000,0.513,5.002,-299110000,781635000,781635000,968428000,-232175000,0.673,2.004,1874089000,572159000,1301930000,1874089000,2522115000,369423000,0,0.0,0.0,-280724000,88699000,0.022,88699000,-280724000,-357935000,-0.39,-0.39,-0.39,3038510000,2808077750,3038510000,37722548000,-134,425.287,576359000,0.964,1.0,3102575000,0.762,3982740000,77211000,2282456000,2084283500,0,539382000,57139000,482243000,6087715000,3980188000,2107527000,36499590000,34390000,-2617302000,374731000,1215359000,0,1598234000,-2431555000,484857000,875469000,-7758000,-232175000,-232175000,-232175000,0,0,-0.057,3393517000,-290942000,934324000,0.0,12.012,-157.207,-155.205,1240746000,0,60.53,8.966,8.886,1360837000,-343157000,4071003000,4071003000,623798000,-0.029,-0.083,-0.135,-0.069,495136000,2764851000,1.0,603000000,597613000,597613000,6.812,5170190000,0,-125760000,0,8.512,-1299936000
CRM,MRY,2014-12-31,2015-01-31,2015-01-31,2017-11-22,-24108000,10665127000,9432240500,3514544000,7150583000,0.57,6.237,-193649000,1023132000,1023132000,1289270000,-262688000,0.801,1.683,1370692000,0,1370692000,1370692000,3321449000,448296000,0,0.0,0.0,-139848000,308448000,0.057,308448000,-139848000,-213085000,-0.42,-0.42,-0.42,3975183000,3549569750,3975183000,36203128000,-258,117.372,987795000,1.583,1.0,4084316000,0.76,4216058000,73237000,2406526000,2337387750,0,1157941000,87312000,1070629000,6689944000,4390103000,2299841000,35619950000,126482000,38071000,308989000,-627200000,0,-318211000,-698360000,-542782000,1181444000,-38391000,-262688000,-262688000,-262688000,0,0,-0.049,4214324000,-130008000,1103335000,0.0,8.961,-135.598,-134.405,1269063000,0,56.45,6.629,6.557,1905506000,-605845000,5373586000,5373586000,792917000,-0.028,-0.074,-0.06,-0.026,564765000,3437032000,1.0,631000000,624148000,624148000,8.609,6449069000,0,49603000,0,10.119,-875559000
CRM,MRY,2015-12-31,2016-01-31,2016-01-31,2017-11-22,-49917000,12762920000,11208636250,5731323000,7031597000,0.595,7.477,-461487000,1158363000,1158363000,1654548000,-47426000,1.02,1.551,1286095000,0,1286095000,1286095000,4291553000,525750000,0,0.0,0.0,136764000,662514000,0.099,662514000,136764000,64279000,-0.07,-0.07,-0.07,5002869000,4630957250,5002869000,45256283000,330,68.31,1210594000,1.83,1.0,5012668000,0.752,4463008000,72485000,2810639000,2686092750,0,2087735000,1567014000,520721000,7760051000,5617005000,2143046000,45191840000,250246000,-58680000,455482000,-382330000,0,73152000,-1487878000,-967711000,1672081000,-7109000,-47426000,-47426000,-47426000,0,0,-0.007,4875953000,136715000,1349338000,0.0,9.033,-952.892,-972.286,1715828000,0,68.06,6.778,6.754,2496165000,-653271000,6667216000,6667216000,946300000,-0.004,-0.01,0.051,0.021,593628000,3988062000,1.0,664000000,661647000,661647000,10.077,8299912000,0,111705000,0,12.404,114318000
CRM,MRY,2016-12-31,2017-01-31,2017-01-31,2017-11-22,-75841000,17584923000,14792794000,5996827000,11588096000,0.567,10.685,-463958000,1606549000,1606549000,2234039000,179632000,0.822,1.345,2008391000,0,2008391000,2008391000,5542802000,632245000,0,0.0,0.0,114371000,746616000,0.089,746616000,114371000,25383000,0.26,0.26,0.26,7500127000,6505751000,7500127000,55767605000,487,74.694,1698240000,2.469,1.0,6157945000,0.734,8518891000,88988000,2172408000,2677170500,0,1169291000,602338000,566953000,10084796000,7295466000,2789330000,55108970000,448186000,-3192739000,401481000,596217000,0,997698000,-2684341000,972356000,2162198000,-27369000,179632000,179632000,179632000,0,0,0.021,6093717000,64228000,1752664000,0.0,7.348,306.788,304.231,1787534000,0,79.1,6.567,6.483,3196643000,-464910000,8391984000,8391984000,1208127000,0.012,0.028,0.043,0.014,820367000,4885590000,1.0,696700000,687797000,700217000,12.201,9066032000,0,-154249000,0,12.915,-1298639000
