ticker,dimension,calendardate,datekey,reportperiod,lastupdated,accoci,assets,assetsavg,assetsc,assetsnc,assetturnover,bvps,capex,cashneq,cashnequsd,cor,consolinc,currentratio,de,debt,debtc,debtnc,debtusd,deferredrev,depamor,deposits,divyield,dps,ebit,ebitda,ebitdamargin,ebitdausd,ebitusd,ebt,eps,epsdil,epsusd,equity,equityavg,equityusd,ev,evebit,evebitda,fcf,fcfps,fxusd,gp,grossmargin,intangibles,intexp,invcap,invcapavg,inventory,investments,investmentsc,investmentsnc,liabilities,liabilitiesc,liabilitiesnc,marketcap,ncf,ncfbus,ncfcommon,ncfdebt,ncfdiv,ncff,ncfi,ncfinv,ncfo,ncfx,netinc,netinccmn,netinccmnusd,netincdis,netincnci,netmargin,opex,opinc,payables,payoutratio,pb,pe,pe1,ppnenet,prefdivis,price,ps,ps1,receivables,retearn,revenue,revenueusd,rnd,roa,roe,roic,ros,sbcomp,sgna,sharefactor,sharesbas,shareswa,shareswadil,sps,tangibles,taxassets,taxexp,taxliabilities,tbvps,workingcapital
CSCO,MRY,2011-12-31,2011-07-30,2011-07-30,2018-02-20,1294000000,87095000000,83610250000,57231000000,29864000000,0.517,8.616,-1174000000,7662000000,7662000000,16682000000,6490000000,3.269,0.844,16822000000,588000000,16234000000,16822000000,12207000000,2486000000,0,0.008,0.12,8453000000,10939000000,0.253,10939000000,8453000000,7825000000,1.17,1.17,1.17,47226000000,46176250000,47226000000,97951953108,11,8.954,8905000000,1.611,1.0,26536000000,0.614,19359000000,628000000,59390000000,56717250000,1486000000,36923000000,36923000000,0,39836000000,17506000000,22330000000,87837953108,3081000000,-266000000,-5065000000,1508000000,-658000000,-4064000000,-2934000000,-1516000000,10079000000,0,6490000000,6490000000,6490000000,0,0,0.15,18862000000,7674000000,876000000,0.103,1.86,13.534,13.65,3916000000,0,15.97,2.032,2.043,11297000000,7284000000,43218000000,43218000000,5823000000,0.078,0.141,0.149,0.196,1549000000,11720000000,1.0,5500184916,5529000000,5563000000,7.817,67736000000,2410000000,1335000000,1311000000,12.358,39725000000
CSCO,MRY,2012-12-31,2012-07-28,2012-07-28,2018-02-20,661000000,91759000000,89784000000,61933000000,29826000000,0.513,9.62,-1076000000,9799000000,9799000000,17852000000,8041000000,3.493,0.789,16328000000,31000000,16297000000,16328000000,12880000000,2208000000,0,0.018,0.28,10755000000,12963000000,0.281,12963000000,10755000000,10159000000,1.5,1.49,1.5,51286000000,49769250000,51286000000,93957430568,8,7.248,10415000000,1.939,1.0,28209000000,0.612,18957000000,596000000,61600000000,62435500000,1663000000,38917000000,38917000000,0,40458000000,17731000000,22727000000,84049430568,2137000000,-375000000,-3388000000,-557000000,-1501000000,-5539000000,-3815000000,-2480000000,11491000000,0,8041000000,8041000000,8041000000,0,0,0.175,18144000000,10065000000,859000000,0.187,1.639,10.453,10.46,3402000000,0,15.69,1.825,1.829,11615000000,11354000000,46061000000,46061000000,5488000000,0.09,0.162,0.172,0.233,1341000000,11969000000,1.0,5356878940,5370000000,5404000000,8.577,72802000000,2294000000,2118000000,2120000000,13.656,44202000000
CSCO,MRY,2013-12-31,2013-07-27,2013-07-27,2018-02-20,608000000,101191000000,96824000000,65521000000,35670000000,0.502,11.013,-1019000000,7925000000,7925000000,19167000000,9983000000,2.979,0.711,16211000000,3283000000,12928000000,16211000000,13423000000,2460000000,0,0.024,0.62,11810000000,14270000000,0.294,14270000000,11810000000,11227000000,1.87,1.86,1.87,59120000000,56027250000,59120000000,147385191013,12,10.328,11875000000,2.228,1.0,29440000000,0.606,25322000000,583000000,62159000000,62604500000,1476000000,42685000000,42685000000,0,42063000000,21996000000,20067000000,136259191013,-1874000000,-6766000000,235000000,-12000000,-3310000000,-3000000000,-11768000000,-3916000000,12894000000,0,9983000000,9983000000,9983000000,0,0,0.205,18244000000,11196000000,1029000000,0.332,2.305,13.649,13.634,3322000000,0,25.496,2.803,2.795,13418000000,16215000000,48607000000,48607000000,5942000000,0.103,0.178,0.189,0.243,1028000000,11802000000,1.0,5344336014,5329000000,5380000000,9.121,75869000000,2616000000,1244000000,1940000000,14.134,43525000000
CSCO,MRY,2014-12-31,2014-07-26,2014-07-26,2018-02-20,677000000,105070000000,101523500000,67114000000,37956000000,0.464,11.059,-1043000000,6726000000,6726000000,19373000000,7853000000,3.388,0.854,20845000000,508000000,20337000000,20845000000,14142000000,2439000000,0,0.028,0.72,10279000000,12718000000,0.27,12718000000,10279000000,9715000000,1.5,1.49,1.5,56654000000,56851750000,56654000000,147687250730,14,11.612,11289000000,2.157,1.0,27769000000,0.589,27519000000,564000000,71861000000,66043500000,1591000000,45348000000,45348000000,0,48409000000,19809000000,28600000000,133036250730,-1199000000,-2989000000,-7936000000,4703000000,-3758000000,-6888000000,-6643000000,-2635000000,12332000000,0,7853000000,7853000000,7853000000,0,0,0.167,18424000000,9345000000,1032000000,0.48,2.348,16.941,17.313,3252000000,0,25.97,2.822,2.883,13228000000,14093000000,47142000000,47142000000,6294000000,0.077,0.138,0.156,0.218,1230000000,11437000000,1.0,5122689670,5234000000,5281000000,9.007,77551000000,2808000000,1862000000,2010000000,15.138,47305000000
CSCO,MRY,2015-12-31,2015-07-25,2015-07-25,2018-02-20,61000000,113373000000,107121250000,73368000000,40005000000,0.459,11.738,-1205000000,6877000000,6877000000,19480000000,8981000000,3.134,0.899,25354000000,3897000000,21457000000,25354000000,15183000000,2442000000,0,0.028,0.8,11767000000,14209000000,0.289,14209000000,11767000000,11201000000,1.76,1.75,1.76,59698000000,58236750000,59698000000,161573239932,13,11.371,11347000000,2.223,1.0,29681000000,0.604,26845000000,566000000,81593000000,75305750000,1627000000,53539000000,53539000000,0,53666000000,23412000000,30254000000,144439239932,151000000,-326000000,-2810000000,4469000000,-4086000000,-2313000000,-10088000000,-8379000000,12552000000,0,8981000000,8981000000,8981000000,0,0,0.183,18911000000,10770000000,1104000000,0.455,2.419,16.083,16.136,3332000000,0,28.4,2.938,2.949,13693000000,16045000000,49161000000,49161000000,6207000000,0.084,0.154,0.156,0.239,1312000000,11861000000,1.0,5085888730,5104000000,5146000000,9.632,86528000000,4454000000,2220000000,1938000000,17.013,49956000000
CSCO,MRY,2016-12-31,2016-07-30,2016-07-30,2018-02-20,-326000000,121652000000,116180250000,78719000000,42933000000,0.424,12.636,-1105000000,7631000000,7631000000,18287000000,10739000000,3.16,0.913,28643000000,4160000000,24483000000,28643000000,16472000000,2150000000,0,0.031,0.94,13596000000,15746000000,0.32,15746000000,13596000000,12920000000,2.13,2.11,2.13,63586000000,61698000000,63586000000,173257106688,12,11.003,12465000000,2.467,1.0,30960000000,0.629,29126000000,676000000,88627000000,83920500000,1217000000,58125000000,58125000000,0,58067000000,24911000000,33156000000,153557106688,754000000,-2789000000,-3339000000,3111000000,-4750000000,-4699000000,-8117000000,-4032000000,13570000000,0,10739000000,10739000000,10739000000,0,0,0.218,18300000000,12660000000,1056000000,0.441,2.415,14.299,14.333,3506000000,0,30.53,3.118,3.133,14277000000,19396000000,49247000000,49247000000,6296000000,0.092,0.174,0.162,0.276,1329000000,11433000000,1.0,5029711978,5053000000,5088000000,9.746,92526000000,4299000000,2181000000,1442000000,18.388,53808000000
CSCO,MRY,2017-12-31,2017-07-29,2017-07-29,2018-02-20,46000000,129818000000,127075750000,83703000000,46115000000,0.378,13.241,-957000000,11708000000,11708000000,17781000000,9609000000,3.035,0.963,33717000000,7992000000,25725000000,33717000000,18494000000,2286000000,0,0.035,1.1,13148000000,15434000000,0.322,15434000000,13148000000,12287000000,1.92,1.9,1.92,66137000000,64684000000,66137000000,181955714656,13,11.789,12919000000,2.579,1.0,30224000000,0.63,32305000000,861000000,91939000000,96521500000,1616000000,58784000000,58784000000,0,63681000000,27583000000,36098000000,157601714656,4077000000,-3324000000,-3596000000,5326000000,-5511000000,-3806000000,-5993000000,-1751000000,13876000000,0,9609000000,9609000000,9609000000,0,0,0.2,18251000000,11973000000,1385000000,0.573,2.383,16.401,16.417,3322000000,0,31.52,3.283,3.29,14740000000,20838000000,48005000000,48005000000,6059000000,0.076,0.149,0.136,0.274,1373000000,11177000000,1.0,5000054399,5010000000,5049000000,9.582,97513000000,4239000000,2678000000,1348000000,19.522,56120000000
