ticker,dimension,calendardate,datekey,reportperiod,lastupdated,accoci,assets,assetsavg,assetsc,assetsnc,assetturnover,bvps,capex,cashneq,cashnequsd,cor,consolinc,currentratio,de,debt,debtc,debtnc,debtusd,deferredrev,depamor,deposits,divyield,dps,ebit,ebitda,ebitdamargin,ebitdausd,ebitusd,ebt,eps,epsdil,epsusd,equity,equityavg,equityusd,ev,evebit,evebitda,fcf,fcfps,fxusd,gp,grossmargin,intangibles,intexp,invcap,invcapavg,inventory,investments,investmentsc,investmentsnc,liabilities,liabilitiesc,liabilitiesnc,marketcap,ncf,ncfbus,ncfcommon,ncfdebt,ncfdiv,ncff,ncfi,ncfinv,ncfo,ncfx,netinc,netinccmn,netinccmnusd,netincdis,netincnci,netmargin,opex,opinc,payables,payoutratio,pb,pe,pe1,ppnenet,prefdivis,price,ps,ps1,receivables,retearn,revenue,revenueusd,rnd,roa,roe,roic,ros,sbcomp,sgna,sharefactor,sharesbas,shareswa,shareswadil,sps,tangibles,taxassets,taxexp,taxliabilities,tbvps,workingcapital
CSX,MRY,2011-12-31,2011-12-30,2011-12-30,2018-02-07,-875000000,29344000000,28468500000,2806000000,26538000000,0.414,8.065,-2057000000,783000000,783000000,0,1854000000,1.097,2.465,9241000000,507000000,8734000000,9241000000,0,976000000,0,0.021,0.447,3492000000,4468000000,0.379,4468000000,3492000000,2940000000,1.71,1.7,1.71,8468000000,8608250000,8468000000,30186010601,8,6.756,1434000000,1.324,1.0,11795000000,1.0,0,552000000,35244000000,33901750000,240000000,1694000000,523000000,1171000000,20876000000,2558000000,18318000000,22112010601,-509000000,0,-1535000000,595000000,-480000000,-1413000000,-2587000000,-418000000,3491000000,0,1854000000,1854000000,1854000000,0,0,0.157,8325000000,3470000000,1018000000,0.261,2.611,11.927,12.316,24974000000,0,21.06,1.875,1.934,1000000000,8275000000,11795000000,11795000000,0,0.065,0.215,0.103,0.296,0,6096000000,1.0,1049953020,1083000000,1089000000,10.891,29344000000,182000000,1086000000,7730000000,27.947,248000000
CSX,MRY,2012-12-31,2012-12-28,2012-12-28,2018-02-07,-936000000,30723000000,29857000000,2953000000,27770000000,0.394,8.904,-2155000000,784000000,784000000,0,1863000000,1.116,2.363,9832000000,780000000,9052000000,9832000000,0,1059000000,0,0.028,0.54,3537000000,4596000000,0.391,4596000000,3537000000,2971000000,1.8,1.79,1.8,9136000000,8891500000,9136000000,28409672966,8,6.181,791000000,0.762,1.0,11763000000,1.0,0,566000000,37126000000,35739250000,274000000,1793000000,587000000,1206000000,21587000000,2645000000,18942000000,20039672966,1000000,0,-720000000,592000000,-558000000,-668000000,-2277000000,-52000000,2946000000,0,1863000000,1863000000,1863000000,0,0,0.158,8299000000,3464000000,948000000,0.3,2.193,10.757,10.794,26050000000,0,19.43,1.704,1.715,1114000000,9010000000,11763000000,11763000000,0,0.062,0.21,0.099,0.301,0,6143000000,1.0,1031377919,1038000000,1040000000,11.332,30723000000,119000000,1108000000,8265000000,29.944,308000000
CSX,MRY,2013-12-31,2013-12-27,2013-12-27,2018-02-07,-523000000,31782000000,31048000000,2602000000,29180000000,0.387,10.369,-2260000000,592000000,592000000,0,1864000000,1.073,2.026,9555000000,533000000,9022000000,9555000000,0,1104000000,0,0.021,0.59,3484000000,4588000000,0.382,4588000000,3484000000,2922000000,1.83,1.83,1.83,10504000000,9845500000,10504000000,37136847672,10,8.094,1007000000,0.988,1.0,12026000000,1.0,0,562000000,38321000000,37380500000,252000000,1785000000,487000000,1298000000,21278000000,2424000000,18854000000,28676847672,-192000000,0,-344000000,-280000000,-600000000,-1232000000,-2227000000,145000000,3267000000,0,1864000000,1864000000,1864000000,0,0,0.155,8553000000,3473000000,957000000,0.322,2.73,15.385,15.459,27291000000,0,28.29,2.385,2.397,1052000000,9936000000,12026000000,12026000000,0,0.06,0.189,0.093,0.29,0,6278000000,1.0,1013674361,1019000000,1019000000,11.802,31782000000,155000000,1058000000,8753000000,31.374,178000000
CSX,MRY,2014-12-31,2014-12-26,2014-12-26,2018-02-07,-666000000,33053000000,32332750000,2572000000,30481000000,0.392,11.232,-2387000000,669000000,669000000,0,1927000000,1.221,1.957,9742000000,228000000,9514000000,9742000000,0,1151000000,0,0.017,0.63,3589000000,4740000000,0.374,4740000000,3589000000,3044000000,1.93,1.92,1.93,11176000000,10966750000,11176000000,45649173074,12,9.631,956000000,0.955,1.0,12669000000,1.0,0,545000000,40019000000,38950500000,273000000,1648000000,292000000,1356000000,21877000000,2107000000,19770000000,36511173074,77000000,0,-517000000,67000000,-629000000,-1083000000,-2183000000,241000000,3343000000,0,1927000000,1927000000,1927000000,0,0,0.152,9056000000,3613000000,845000000,0.326,3.267,18.947,19.005,28584000000,0,36.68,2.882,2.898,1129000000,10734000000,12669000000,12669000000,0,0.06,0.176,0.092,0.283,0,6572000000,1.0,995397303,1001000000,1002000000,12.656,33053000000,141000000,1117000000,9021000000,33.219,465000000
CSX,MRY,2015-12-31,2015-12-25,2015-12-25,2018-02-07,-665000000,34745000000,33924500000,2840000000,31905000000,0.348,11.979,-2415000000,628000000,628000000,0,1968000000,1.455,1.978,10535000000,20000000,10515000000,10535000000,0,1208000000,0,0.027,0.7,3682000000,4890000000,0.414,4890000000,3682000000,3138000000,2.0,2.0,2.0,11668000000,11560750000,11668000000,35040307388,9,7.166,955000000,0.972,1.0,11811000000,1.0,0,544000000,42700000000,41586750000,350000000,2204000000,810000000,1394000000,23077000000,1952000000,21125000000,25475307388,-41000000,0,-804000000,971000000,-686000000,-519000000,-2892000000,-514000000,3370000000,0,1968000000,1968000000,1968000000,0,0,0.167,8267000000,3544000000,764000000,0.35,2.183,12.945,13.065,30174000000,0,26.13,2.157,2.175,982000000,11238000000,11811000000,11811000000,0,0.058,0.17,0.089,0.312,0,5911000000,1.0,974944791,983000000,984000000,12.015,34745000000,0,1170000000,9287000000,35.672,888000000
CSX,MRY,2016-12-31,2016-12-30,2016-12-30,2018-02-07,-640000000,35414000000,34813750000,2487000000,32927000000,0.318,12.547,-2203000000,603000000,603000000,0,1714000000,1.219,2.028,11293000000,331000000,10962000000,11293000000,0,1301000000,0,0.02,0.72,3320000000,4621000000,0.417,4621000000,3320000000,2741000000,1.81,1.81,1.81,11694000000,11648750000,11694000000,43570233754,13,9.429,838000000,0.885,1.0,11069000000,1.0,0,579000000,44064000000,42840000000,407000000,1876000000,417000000,1459000000,23720000000,2040000000,21680000000,33654233754,-25000000,0,-1056000000,781000000,-680000000,-1268000000,-1798000000,396000000,3041000000,0,1714000000,1714000000,1714000000,0,0,0.155,7730000000,3339000000,806000000,0.398,2.878,19.635,19.851,31150000000,0,35.93,3.04,3.074,938000000,11253000000,11069000000,11069000000,0,0.049,0.147,0.077,0.3,0,5638000000,1.0,936661112,947000000,948000000,11.688,35414000000,0,1027000000,9725000000,37.998,447000000
CSX,MRY,2017-12-31,2017-12-31,2017-12-31,2018-02-07,-486000000,35739000000,35721250000,1915000000,33824000000,0.319,16.43,-1943000000,401000000,401000000,0,5471000000,1.011,1.428,11809000000,19000000,11790000000,11809000000,0,1315000000,0,0.014,0.78,3688000000,5003000000,0.439,5003000000,3688000000,3142000000,6.01,5.99,6.01,14721000000,12223250000,14721000000,60379706795,16,12.069,1529000000,1.678,1.0,11408000000,1.0,0,546000000,45253000000,44790000000,372000000,1704000000,18000000,1686000000,21018000000,1894000000,19124000000,49163706795,-202000000,0,-1970000000,517000000,-708000000,-2179000000,-1495000000,411000000,3472000000,0,5471000000,5471000000,5471000000,0,0,0.48,7960000000,3448000000,847000000,0.13,3.34,8.986,9.153,31764000000,0,55.01,4.31,4.393,970000000,14084000000,11408000000,11408000000,0,0.153,0.448,0.082,0.323,0,5522000000,1.0,893723083,911000000,914000000,12.523,35739000000,0,-2329000000,6575000000,39.887,21000000
