ticker,dimension,calendardate,datekey,reportperiod,lastupdated,accoci,assets,assetsavg,assetsc,assetsnc,assetturnover,bvps,capex,cashneq,cashnequsd,cor,consolinc,currentratio,de,debt,debtc,debtnc,debtusd,deferredrev,depamor,deposits,divyield,dps,ebit,ebitda,ebitdamargin,ebitdausd,ebitusd,ebt,eps,epsdil,epsusd,equity,equityavg,equityusd,ev,evebit,evebitda,fcf,fcfps,fxusd,gp,grossmargin,intangibles,intexp,invcap,invcapavg,inventory,investments,investmentsc,investmentsnc,liabilities,liabilitiesc,liabilitiesnc,marketcap,ncf,ncfbus,ncfcommon,ncfdebt,ncfdiv,ncff,ncfi,ncfinv,ncfo,ncfx,netinc,netinccmn,netinccmnusd,netincdis,netincnci,netmargin,opex,opinc,payables,payoutratio,pb,pe,pe1,ppnenet,prefdivis,price,ps,ps1,receivables,retearn,revenue,revenueusd,rnd,roa,roe,roic,ros,sbcomp,sgna,sharefactor,sharesbas,shareswa,shareswadil,sps,tangibles,taxassets,taxexp,taxliabilities,tbvps,workingcapital
CTAS,MRY,2011-12-31,2011-05-31,2011-05-31,2018-01-05,57888000,4351940000,4035802250,1700777000,2651163000,0.944,15.847,-182592000,438106000,438106000,2201097000,246989000,3.918,0.89,1286125000,1335000,1284790000,1286125000,0,193467000,0,0.015,0.49,442373000,635840000,0.167,635840000,442373000,392669000,1.68,1.68,1.68,2302649000,2410170500,2302649000,5396561160,12,8.487,158294000,1.089,1.0,1609287000,0.422,1590194000,49704000,3175626000,2687770500,249658000,87220000,87220000,0,2049291000,434139000,1615152000,4773214160,26825000,-171552000,-443690000,500073000,-71812000,-20038000,-298593000,60749000,340886000,4570000,246989000,246989000,246989000,0,0,0.065,1168944000,440343000,110279000,0.292,2.073,19.326,19.554,946218000,0,32.85,1.253,1.253,429131000,3255256000,3810384000,3810384000,0,0.061,0.102,0.165,0.116,15203000,1168944000,1.0,145303323,145303323,,26.224,2761746000,79355000,145680000,196321000,19.007,1266638000
CTAS,MRY,2012-12-31,2012-05-31,2012-05-31,2018-01-05,36295000,4165706000,4190519250,1538086000,2627620000,0.979,16.481,-160802000,339825000,339825000,2363392000,297637000,2.276,0.947,1284802000,225636000,1059166000,1284802000,0,194165000,0,0.015,0.54,541569000,735734000,0.179,735734000,541569000,470944000,2.27,2.27,2.27,2139135000,2138216500,2139135000,5856377846,10,7.96,309060000,2.381,1.0,1738608000,0.424,1562197000,70625000,2872795000,3010123250,251205000,0,0,0,2026571000,675691000,1350880000,4789451846,-98281000,-24864000,-388987000,-1323000,-70820000,-460575000,-104294000,79361000,469862000,-3274000,297637000,297637000,297637000,0,0,0.073,1198981000,539627000,94840000,0.238,2.239,16.092,16.256,952587000,0,36.9,1.168,1.168,450861000,3482073000,4102000000,4102000000,0,0.071,0.139,0.18,0.132,20312000,1198981000,1.0,129795443,129795443,,31.604,2603509000,22188000,173307000,204581000,20.059,862395000
CTAS,MRY,2013-12-31,2013-05-31,2013-05-31,2018-01-05,38123000,4345632000,4234262000,1624826000,2720806000,1.003,17.968,-196486000,352273000,352273000,2492655000,315442000,2.921,0.974,1309166000,8187000,1300979000,1309166000,0,189377000,0,0.014,0.64,565243000,754620000,0.178,754620000,565243000,499531000,2.53,2.52,2.53,2201492000,2141699250,2201492000,6685536714,11,8.859,356262000,2.908,1.0,1753309000,0.413,1609713000,65712000,3136556000,3162343000,240440000,107205000,5680000,101525000,2144140000,556256000,1587884000,5593676714,12448000,-69370000,-200874000,24364000,-79744000,-256058000,-284181000,-16986000,552748000,-61000,315442000,315442000,315442000,1144000,0,0.074,1187331000,565978000,121029000,0.253,2.541,17.733,18.045,986703000,0,45.655,1.317,1.317,496049000,3717771000,4245964000,4245964000,0,0.074,0.147,0.179,0.133,23310000,1187331000,1.0,122520572,122520572,,34.655,2735919000,9102000,184089000,210483000,22.33,1068570000
CTAS,MRY,2014-12-31,2014-05-31,2014-05-31,2018-01-05,28428000,4462452000,4384867000,1805681000,2656771000,0.956,18.245,-145580000,513288000,513288000,2444085000,374442000,2.866,1.035,1300980000,503000,1300477000,1300980000,0,190862000,0,0.012,0.77,639619000,830481000,0.198,830481000,639619000,573797000,3.08,3.05,3.08,2192858000,2195218500,2192858000,8418658951,13,10.137,460389000,3.83,1.0,1749759000,0.417,1323086000,65822000,3296927000,3200871500,251239000,458357000,0,458357000,2269594000,630131000,1639463000,7466361951,161015000,145918000,-328697000,-8187000,-93320000,-429735000,-14543000,-9662000,605969000,-676000,374442000,374442000,374442000,-36670000,0,0.089,1147039000,602720000,150070000,0.25,3.405,19.94,20.169,855702000,0,62.12,1.78,1.78,508427000,3998893000,4193844000,4193844000,0,0.085,0.171,0.2,0.153,29875000,1147039000,1.0,120192562,120192562,,34.893,3139366000,0,199355000,252004000,26.119,1175550000
CTAS,MRY,2015-12-31,2015-05-31,2015-05-31,2018-01-05,-8471000,4192460000,4428161750,1735807000,2456653000,0.987,16.893,-217720000,417073000,417073000,2476754000,430618000,3.412,1.169,1300000000,0,1300000000,1300000000,0,155082000,0,0.01,0.85,733782000,888864000,0.203,888864000,733782000,668621000,3.68,3.63,3.68,1932455000,2113857250,1932455000,10789922391,14,12.139,362556000,3.169,1.0,1892923000,0.433,1238046000,65161000,3328672000,3302760000,226211000,345773000,16081000,329692000,2260005000,508669000,1751336000,9848242391,-96215000,259677000,-511740000,-518000,-201891000,-712560000,44987000,1647000,580276000,-8918000,430618000,430618000,430618000,-28065000,0,0.099,1209284000,683639000,109607000,0.231,5.096,22.87,23.394,871421000,0,86.09,2.254,2.254,496130000,4227620000,4369677000,4369677000,0,0.097,0.204,0.222,0.168,47002000,1209284000,1.0,114394731,114394731,,38.198,2954414000,936000,238003000,339327000,25.826,1227138000
CTAS,MRY,2016-12-31,2016-05-31,2016-05-31,2018-01-05,-24874000,4098815000,4225941500,1590579000,2508236000,1.135,17.221,-275385000,139357000,139357000,2694432000,693520000,1.95,1.224,1294422000,250000000,1044422000,1294422000,0,165279000,0,0.011,1.05,1014752000,1180031000,0.246,1180031000,1014752000,950230000,6.3,6.21,6.3,1842659000,1891490500,1842659000,11128787454,10,9.431,190460000,1.78,1.0,2101340000,0.438,1354270000,64522000,3084055000,2927183500,249362000,195357000,70405000,124952000,2256156000,815555000,1440601000,10143903454,-277716000,459596000,-751925000,-16000,-115273000,-866724000,128381000,-59967000,465845000,-5218000,693520000,693520000,693520000,-244915000,0,0.145,1332399000,768941000,110940000,0.167,5.505,14.627,15.048,993692000,0,94.8,2.115,2.115,546488000,4805867000,4795772000,4795772000,0,0.164,0.367,0.347,0.212,79293000,1332399000,1.0,107003201,107003201,,44.819,2744545000,1712000,256710000,259475000,25.649,775024000
CTAS,MRY,2017-12-31,2017-05-31,2017-05-31,2018-01-05,-3029000,6844057000,4874236250,1954478000,4889579000,1.092,21.864,-273317000,169266000,169266000,2943086000,480708000,1.728,1.972,3133524000,362900000,2770624000,3133524000,0,196595000,0,0.011,1.33,797350000,993945000,0.187,993945000,797350000,710826000,4.49,4.38,4.49,2302793000,2123539500,2302793000,14255298971,17,14.342,490570000,4.658,1.0,2380295000,0.447,3369323000,86524000,5308140000,3618596750,278218000,187007000,22219000,164788000,4541264000,1130852000,3410412000,13258002971,29909000,-2074095000,11146000,1732729000,-142433000,1578502000,-2310349000,37259000,763887000,-2131000,480708000,480708000,480708000,-23422000,0,0.09,1606604000,773691000,177051000,0.296,5.757,27.58,28.036,1323501000,0,125.88,2.491,2.491,736008000,5170830000,5323381000,5323381000,0,0.099,0.226,0.22,0.15,88868000,1527380000,1.0,105322553,105322553,,50.544,3474734000,44320000,230118000,469328000,32.991,823626000
