ticker,dimension,calendardate,datekey,reportperiod,lastupdated,accoci,assets,assetsavg,assetsc,assetsnc,assetturnover,bvps,capex,cashneq,cashnequsd,cor,consolinc,currentratio,de,debt,debtc,debtnc,debtusd,deferredrev,depamor,deposits,divyield,dps,ebit,ebitda,ebitdamargin,ebitdausd,ebitusd,ebt,eps,epsdil,epsusd,equity,equityavg,equityusd,ev,evebit,evebitda,fcf,fcfps,fxusd,gp,grossmargin,intangibles,intexp,invcap,invcapavg,inventory,investments,investmentsc,investmentsnc,liabilities,liabilitiesc,liabilitiesnc,marketcap,ncf,ncfbus,ncfcommon,ncfdebt,ncfdiv,ncff,ncfi,ncfinv,ncfo,ncfx,netinc,netinccmn,netinccmnusd,netincdis,netincnci,netmargin,opex,opinc,payables,payoutratio,pb,pe,pe1,ppnenet,prefdivis,price,ps,ps1,receivables,retearn,revenue,revenueusd,rnd,roa,roe,roic,ros,sbcomp,sgna,sharefactor,sharesbas,shareswa,shareswadil,sps,tangibles,taxassets,taxexp,taxliabilities,tbvps,workingcapital
DG,MRY,2011-12-31,2012-02-03,2012-02-03,2017-12-07,-5191000,9688520000,9667092250,2275074000,7413446000,1.532,13.752,-513835000,126126000,126126000,10109278000,766685000,1.507,1.073,2618481000,590000,2617891000,2618481000,0,275408000,0,0.0,0.0,1430189000,1705597000,0.115,1705597000,1430189000,1225289000,2.25,2.22,2.25,4674582000,4455453500,4674582000,16957789617,11,9.942,536645000,1.573,1.0,4697910000,0.317,5574543000,204900000,5096430000,5192013250,2009206000,0,0,0,5013938000,1509902000,3504036000,14354545617,-371320000,0,-213816000,-727251000,0,-907965000,-513835000,0,1050480000,0,766685000,766685000,766685000,0,0,0.052,3207106000,1490804000,1064087000,0.0,3.071,18.723,18.64,1794960000,0,41.94,0.969,0.967,0,1416918000,14807188000,14807188000,0,0.079,0.172,0.275,0.097,-17852000,3207106000,1.0,342263844,341234000,345117000,43.393,4113977000,0,458604000,705146000,12.103,765172000
DG,MRY,2012-12-31,2013-02-01,2013-02-01,2017-12-07,-2938000,10367682000,10128760250,2677113000,7690569000,1.582,15.218,-569836000,140809000,140809000,10936727000,952662000,1.54,1.08,2772228000,892000,2771336000,2772228000,0,302911000,0,0.0,0.0,1625320000,1928231000,0.12,1928231000,1625320000,1497394000,2.87,2.85,2.87,4985330000,4780508500,4985330000,18094494767,11,9.384,561516000,1.69,1.0,5085401000,0.317,5558132000,127926000,5702422000,5740858000,2397175000,0,0,0,5382352000,1738547000,3643805000,15212816767,14683000,0,-742852000,108267000,0,-546833000,-569836000,0,1131352000,0,952662000,952662000,952662000,0,0,0.059,3430125000,1655276000,1261607000,0.0,3.052,15.969,16.125,2088665000,0,46.28,0.949,0.96,0,1710732000,16022128000,16022128000,0,0.094,0.199,0.283,0.101,-66088000,3430125000,1.0,328712549,332254000,334469000,48.223,4809550000,0,544732000,765680000,14.681,938566000
DG,MRY,2013-12-31,2014-01-31,2014-01-31,2017-12-07,-9910000,10867524000,10709206250,3205607000,7661917000,1.634,16.983,-249978000,505566000,505566000,12068425000,1025116000,1.769,1.012,2818754000,75966000,2742788000,2818754000,0,332837000,0,0.0,0.0,1717314000,2050151000,0.117,2050151000,1717314000,1628330000,3.17,3.17,3.17,5402193000,5271880500,5402193000,20795966287,12,10.144,963087000,2.983,1.0,5435742000,0.311,5546234000,88984000,5822507000,6046307250,2552993000,0,0,0,5465331000,1811971000,3653360000,18036771287,364757000,0,-646393000,30290000,0,-598330000,-249978000,0,1213065000,0,1025116000,1025116000,1025116000,0,0,0.059,3699557000,1736185000,1286484000,0.0,3.339,17.595,17.767,2080305000,0,56.32,1.03,1.039,0,2125453000,17504167000,17504167000,0,0.096,0.194,0.284,0.098,-10029000,3699557000,1.0,320255172,322886000,323854000,54.212,5321290000,0,603214000,694969000,16.729,1393636000
DG,MRY,2014-12-31,2015-01-30,2015-01-30,2017-12-07,-7327000,11208642000,10878423000,3532609000,7676033000,1.738,18.838,-371699000,579823000,579823000,13107081000,1065345000,1.8,0.963,2725123000,101158000,2623965000,2725123000,0,342353000,0,0.0,0.0,1769093000,2111446000,0.112,2111446000,1769093000,1680861000,3.5,3.49,3.5,5710038000,5245473750,5710038000,22898650195,12,10.845,955192000,3.136,1.0,5802507000,0.307,5540459000,88232000,5851011000,5996571500,2782521000,0,0,0,5498604000,1962472000,3536132000,20347742195,74257000,0,-802468000,-78467000,0,-880935000,-371699000,0,1326891000,0,1065345000,1065345000,1065345000,0,0,0.056,4033414000,1769093000,1388154000,0.0,3.564,19.1,19.16,2116075000,0,67.06,1.076,1.08,0,2403045000,18909588000,18909588000,0,0.098,0.203,0.295,0.094,37338000,4033414000,1.0,303425920,304633000,305681000,62.073,5668183000,0,615516000,686258000,18.7,1570137000
DG,MRY,2015-12-31,2016-01-29,2016-01-29,2017-12-07,-5807000,11257885000,11174480750,3432410000,7825475000,1.823,18.647,-503383000,157947000,157947000,14062471000,1165080000,1.72,1.093,2970554000,1379000,2969175000,2970554000,0,352431000,0,0.012,0.88,1939968000,2292399000,0.113,2292399000,1939968000,1853024000,3.96,3.95,3.96,5377876000,5381565250,5377876000,24761720320,12,10.802,888303000,3.018,1.0,6306091000,0.31,5539583000,86944000,6535313000,6308374500,3074153000,0,0,0,5880009000,1995596000,3884413000,21837544320,-421876000,0,-1292679000,240828000,-258328000,-1310179000,-503383000,0,1391686000,0,1165080000,1165080000,1165080000,0,0,0.057,4365797000,1940294000,1494225000,0.222,4.061,18.743,18.955,2264062000,0,75.06,1.072,1.085,0,2025545000,20368562000,20368562000,0,0.104,0.216,0.308,0.095,38547000,4365797000,1.0,290934510,294330000,295211000,69.203,5718302000,6843000,687944000,672825000,19.828,1436814000
DG,MRY,2016-12-31,2017-02-03,2017-02-03,2017-12-07,-4990000,11672298000,11630782000,3677771000,7994527000,1.89,19.601,-550936000,187915000,187915000,15203960000,1251133000,1.402,1.159,3211526000,500950000,2710576000,3211526000,0,379931000,0,0.014,1.0,2063449000,2443380000,0.111,2443380000,2063449000,1965628000,4.45,4.43,4.45,5406294000,5392472500,5406294000,23180421976,11,9.487,1054105000,3.747,1.0,6782638000,0.308,5539248000,97821000,6533856000,6431665250,3258785000,0,0,0,6266004000,2622805000,3643199000,20205967976,29968000,0,-979364000,236362000,-281135000,-1024137000,-550936000,0,1605041000,0,1251133000,1251133000,1251133000,0,0,0.057,4719189000,2063449000,1557596000,0.225,3.737,16.15,16.436,2434456000,0,73.14,0.919,0.936,0,2015867000,21986598000,21986598000,0,0.108,0.232,0.321,0.094,36967000,4719189000,1.0,276264260,281317000,282261000,78.156,6133050000,11050000,714495000,716234000,22.236,1054966000
