ticker,dimension,calendardate,datekey,reportperiod,lastupdated,accoci,assets,assetsavg,assetsc,assetsnc,assetturnover,bvps,capex,cashneq,cashnequsd,cor,consolinc,currentratio,de,debt,debtc,debtnc,debtusd,deferredrev,depamor,deposits,divyield,dps,ebit,ebitda,ebitdamargin,ebitdausd,ebitusd,ebt,eps,epsdil,epsusd,equity,equityavg,equityusd,ev,evebit,evebitda,fcf,fcfps,fxusd,gp,grossmargin,intangibles,intexp,invcap,invcapavg,inventory,investments,investmentsc,investmentsnc,liabilities,liabilitiesc,liabilitiesnc,marketcap,ncf,ncfbus,ncfcommon,ncfdebt,ncfdiv,ncff,ncfi,ncfinv,ncfo,ncfx,netinc,netinccmn,netinccmnusd,netincdis,netincnci,netmargin,opex,opinc,payables,payoutratio,pb,pe,pe1,ppnenet,prefdivis,price,ps,ps1,receivables,retearn,revenue,revenueusd,rnd,roa,roe,roic,ros,sbcomp,sgna,sharefactor,sharesbas,shareswa,shareswadil,sps,tangibles,taxassets,taxexp,taxliabilities,tbvps,workingcapital
DHI,MRY,2011-12-31,2011-09-30,2011-09-30,2018-02-08,100000,5358400000,5552800000,,,0.655,8.293,-16300000,781700000,781700000,3023300000,71800000,,1.044,1704600000,,,1704600000,0,19900000,0,0.017,0.15,12100000,32000000,0.009,32000000,12100000,12100000,0.23,0.23,0.23,2620600000,2602275000,2620600000,3845785534,317,120.181,2600000,0.008,1.0,613500000,0.169,15900000,0,6265400000,6430275000,3449700000,591700000,,,2734900000,,,2856785534,-576700000,0,-35200000,-489300000,-47800000,-572300000,-23300000,-11600000,18900000,0,71800000,71800000,71800000,0,0,0.02,556300000,57200000,200500000,0.652,1.09,39.788,39.304,57600000,0,9.04,0.786,0.786,0,834600000,3636800000,3636800000,0,0.013,0.028,0.002,0.003,14200000,556300000,1.0,316016099,316016099,,11.508,5342500000,12400000,-59700000,0,16.906,
DHI,MRY,2012-12-31,2012-09-30,2012-09-30,2018-02-08,200000,7248200000,6188375000,,,0.704,11.25,-33600000,1097000000,1097000000,3492400000,956300000,,1.017,2493100000,,,2493100000,0,18800000,0,0.007,0.15,242900000,261700000,0.06,261700000,242900000,242900000,3.01,2.77,3.01,3592100000,3107550000,3592100000,7734375029,31,29.554,-325800000,-1.02,1.0,861600000,0.198,38900000,0,8605400000,7298425000,4165200000,643300000,,,3653500000,,,6585475029,316300000,-96500000,50900000,748400000,-47800000,751500000,-143000000,-12700000,-292200000,0,956300000,956300000,956300000,0,0,0.22,614200000,247400000,266600000,0.05,1.833,6.886,6.852,72600000,0,20.625,1.513,1.513,0,1743100000,4354000000,4354000000,0,0.155,0.308,0.033,0.056,18100000,614200000,1.0,319295759,319295759,,13.636,7209300000,723900000,-713400000,0,22.579,
DHI,MRY,2013-12-31,2013-09-30,2013-09-30,2018-02-08,1900000,8856400000,8180800000,,,0.765,12.571,-58000000,1055200000,1055200000,4853500000,462700000,,1.181,3509000000,,,3509000000,0,22700000,0,0.01,0.188,657800000,680500000,0.109,680500000,657800000,657800000,1.44,1.33,1.44,4058500000,3828650000,4058500000,8649738803,13,12.711,-1287300000,-3.987,1.0,1405800000,0.225,38900000,0,11271300000,10359600000,6197400000,395100000,,,4795000000,,,6272738803,-109400000,-9400000,29700000,962800000,-60200000,939000000,180900000,276800000,-1229300000,0,462700000,462700000,462700000,0,0,0.074,766300000,639500000,400000000,0.131,1.546,13.557,13.493,106700000,0,19.43,1.002,1.002,0,2145600000,6259300000,6259300000,0,0.057,0.121,0.063,0.105,12300000,766300000,1.0,322837818,322837818,,19.388,8817500000,586600000,195100000,0,27.312,
DHI,MRY,2014-12-31,2014-09-30,2014-09-30,2018-02-08,2200000,10185400000,9550500000,,,0.84,14.036,-100200000,671800000,671800000,6268600000,533500000,,0.99,3665700000,,,3665700000,0,38400000,0,0.007,0.138,796400000,834800000,0.104,834800000,796400000,814200000,1.57,1.5,1.57,5115800000,4656275000,5115800000,10329174940,12,12.373,-761600000,-2.09,1.0,1756300000,0.219,94800000,-17800000,13084500000,12291425000,7700500000,476900000,,,5065700000,,,7478974940,-315600000,-244100000,45200000,630700000,-48600000,627900000,-282100000,-5600000,-661400000,0,533500000,533500000,533500000,0,0,0.066,965400000,790900000,525000000,0.088,1.462,14.019,13.07,190800000,0,20.52,0.932,0.932,0,2630500000,8024900000,8024900000,0,0.056,0.115,0.065,0.099,25600000,965400000,1.0,364472463,364472463,,22.018,10090600000,565000000,280700000,0,27.685,
DHI,MRY,2015-12-31,2015-09-30,2015-09-30,2018-02-08,1400000,11151000000,10766575000,,,1.005,16.07,-100000,1393500000,1393500000,8535700000,750700000,,0.892,3811500000,,,3811500000,0,54100000,0,0.009,0.252,1100300000,1154400000,0.107,1154400000,1100300000,1123400000,2.05,2.03,2.05,5894300000,5550725000,5894300000,13772408803,12,11.93,700300000,1.909,1.0,2288300000,0.211,87200000,-23100000,13481800000,13631975000,7807000000,631000000,,,5255600000,,,10768608803,722000000,-70900000,61800000,134500000,-91600000,117000000,-95400000,-23700000,700400000,0,750700000,750700000,750700000,0,0,0.069,1186000000,1102300000,516700000,0.123,1.827,14.345,14.322,146900000,0,29.36,0.995,0.995,0,3289600000,10824000000,10824000000,0,0.07,0.135,0.081,0.102,29900000,1186000000,1.0,366778229,366778229,,29.511,11063800000,558100000,372700000,0,30.165,
DHI,MRY,2016-12-31,2016-09-30,2016-09-30,2018-02-08,0,11558900000,11342950000,,,1.072,18.245,-86100000,1312700000,1312700000,9502600000,886300000,,0.702,3271300000,,,3271300000,0,61000000,0,0.011,0.32,1340000000,1401000000,0.115,1401000000,1340000000,1353500000,2.39,2.36,2.39,6792500000,6403125000,6792500000,13625730344,10,9.726,531900000,1.429,1.0,2654800000,0.218,80000000,-13500000,13437500000,13563650000,8340900000,654000000,,,4765900000,,,11243030344,-80600000,-82200000,72400000,-549700000,-118700000,-586000000,-112600000,55500000,618000000,0,886300000,886300000,886300000,0,0,0.073,1320300000,1334500000,577500000,0.134,1.655,12.685,12.636,195400000,0,30.2,0.925,0.925,0,4057200000,12157400000,12157400000,0,0.078,0.138,0.099,0.11,39000000,1320300000,1.0,372285773,372285773,,32.656,11478900000,476300000,467200000,0,30.834,
DHI,MRY,2017-12-31,2017-09-30,2017-09-30,2018-02-08,0,12184600000,11948725000,,,1.179,20.699,-157300000,1024300000,1024300000,11042800000,1038400000,,0.573,2871600000,,,2871600000,0,54700000,0,0.01,0.4,1587600000,1642300000,0.117,1642300000,1587600000,1602100000,2.77,2.74,2.77,7747100000,7346050000,7747100000,17348321587,10,10.563,277800000,0.742,1.0,3048200000,0.216,80000000,-14500000,13951900000,14000500000,9237100000,587300000,,,4437000000,,,14945121587,-295400000,-4100000,-13900000,-410300000,-149600000,-559500000,-171000000,-2600000,435100000,0,1038400000,1038400000,1038400000,0,0,0.074,1471600000,1576600000,580400000,0.144,1.929,14.392,14.415,325000000,0,39.93,1.061,1.061,0,4946000000,14091000000,14091000000,0,0.087,0.141,0.113,0.113,44900000,1471600000,1.0,374283035,374283035,,37.648,12104600000,365000000,563700000,0,32.341,
