ticker,dimension,calendardate,datekey,reportperiod,lastupdated,accoci,assets,assetsavg,assetsc,assetsnc,assetturnover,bvps,capex,cashneq,cashnequsd,cor,consolinc,currentratio,de,debt,debtc,debtnc,debtusd,deferredrev,depamor,deposits,divyield,dps,ebit,ebitda,ebitdamargin,ebitdausd,ebitusd,ebt,eps,epsdil,epsusd,equity,equityavg,equityusd,ev,evebit,evebitda,fcf,fcfps,fxusd,gp,grossmargin,intangibles,intexp,invcap,invcapavg,inventory,investments,investmentsc,investmentsnc,liabilities,liabilitiesc,liabilitiesnc,marketcap,ncf,ncfbus,ncfcommon,ncfdebt,ncfdiv,ncff,ncfi,ncfinv,ncfo,ncfx,netinc,netinccmn,netinccmnusd,netincdis,netincnci,netmargin,opex,opinc,payables,payoutratio,pb,pe,pe1,ppnenet,prefdivis,price,ps,ps1,receivables,retearn,revenue,revenueusd,rnd,roa,roe,roic,ros,sbcomp,sgna,sharefactor,sharesbas,shareswa,shareswadil,sps,tangibles,taxassets,taxexp,taxliabilities,tbvps,workingcapital
DIS,MRY,2011-12-31,2011-10-01,2011-10-01,2018-02-06,-2630000000,72124000000,71191750000,13757000000,58367000000,0.574,20.329,-3559000000,3185000000,3185000000,0,5258000000,1.138,0.874,13977000000,3055000000,10922000000,13977000000,2671000000,1841000000,0,0.013,0.4,7935000000,9776000000,0.239,9776000000,7935000000,7592000000,2.56,2.52,2.56,37385000000,38194500000,37385000000,65696092643,8,6.72,3435000000,1.829,1.0,40893000000,1.0,29266000000,343000000,41562000000,39298000000,1595000000,2435000000,0,2435000000,32671000000,12088000000,20583000000,55977092643,463000000,380000000,-3865000000,1647000000,-756000000,-3233000000,-3286000000,0,6994000000,-12000000,4807000000,4807000000,4807000000,0,451000000,0.118,33167000000,7726000000,6362000000,0.156,1.497,11.645,11.781,19695000000,0,30.16,1.369,1.385,6182000000,38375000000,40893000000,40893000000,0,0.068,0.126,0.202,0.194,423000000,0,1.0,1856004398,1878000000,1909000000,21.775,42858000000,1487000000,2785000000,2866000000,23.305,1669000000
DIS,MRY,2012-12-31,2012-09-29,2012-09-29,2018-02-06,-3266000000,74898000000,74824750000,13709000000,61189000000,0.565,22.162,-3784000000,3387000000,3387000000,23468000000,6173000000,1.07,0.828,14311000000,3614000000,10697000000,14311000000,2806000000,1987000000,0,0.011,0.6,9138000000,11125000000,0.263,11125000000,9138000000,8769000000,3.17,3.13,3.17,39759000000,38767750000,39759000000,104453682989,11,9.389,4182000000,2.331,1.0,18810000000,0.445,30125000000,369000000,42884000000,43471500000,1537000000,2723000000,0,2723000000,32940000000,12813000000,20127000000,93804682989,202000000,-1088000000,-2007000000,424000000,-1076000000,-2985000000,-4759000000,110000000,7966000000,-20000000,5682000000,5682000000,5682000000,0,491000000,0.134,10047000000,8763000000,6393000000,0.189,2.359,16.509,16.492,21512000000,0,52.28,2.219,2.218,6540000000,42965000000,42278000000,42278000000,0,0.076,0.147,0.21,0.216,408000000,7960000000,1.0,1794274732,1794000000,1818000000,23.566,44773000000,765000000,3087000000,2251000000,24.957,896000000
DIS,MRY,2013-12-31,2013-09-28,2013-09-28,2018-02-06,-1187000000,81241000000,80951500000,14109000000,67132000000,0.556,25.436,-2796000000,3931000000,3931000000,25034000000,6636000000,1.205,0.728,14288000000,1512000000,12776000000,14288000000,3389000000,2192000000,0,0.012,0.75,9355000000,11547000000,0.256,11547000000,9355000000,9120000000,3.42,3.38,3.42,45429000000,43017500000,45429000000,127529185010,13,11.044,6656000000,3.714,1.0,20007000000,0.444,34694000000,235000000,45200000000,45528000000,1487000000,2849000000,0,2849000000,33091000000,11704000000,21387000000,116458185010,544000000,-2443000000,-3500000000,379000000,-1324000000,-4214000000,-4676000000,479000000,9452000000,-18000000,6136000000,6136000000,6136000000,0,500000000,0.136,10771000000,9236000000,6803000000,0.219,2.564,18.979,19.061,22380000000,0,65.19,2.586,2.594,6967000000,47758000000,45041000000,45041000000,0,0.076,0.143,0.205,0.208,402000000,8365000000,1.0,1786442476,1792000000,1813000000,25.134,46547000000,485000000,2984000000,4050000000,26.062,2405000000
DIS,MRY,2014-12-31,2014-09-27,2014-09-27,2018-02-06,-1968000000,84141000000,83402500000,15169000000,68972000000,0.585,26.199,-3311000000,3421000000,3421000000,26420000000,8004000000,1.141,0.8,14795000000,2164000000,12631000000,14795000000,3533000000,2288000000,0,0.01,0.86,11720000000,14008000000,0.287,14008000000,11720000000,11743000000,4.31,4.26,4.31,44958000000,44922750000,44958000000,164372163012,14,11.734,6469000000,3.718,1.0,22393000000,0.459,35315000000,-23000000,46908000000,45575750000,1574000000,2696000000,0,2696000000,35963000000,13292000000,22671000000,152326163012,-510000000,-402000000,-6123000000,633000000,-1508000000,-6710000000,-3345000000,395000000,9780000000,-235000000,7501000000,7501000000,7501000000,0,503000000,0.154,10993000000,11400000000,7595000000,0.2,3.388,20.307,20.589,23332000000,0,88.74,3.121,3.163,7822000000,53734000000,48813000000,48813000000,0,0.09,0.167,0.257,0.24,408000000,8565000000,1.0,1716544546,1740000000,1759000000,28.053,48826000000,497000000,4242000000,4098000000,28.453,1877000000
DIS,MRY,2015-12-31,2015-10-03,2015-10-03,2018-02-06,-2421000000,88182000000,87074750000,16758000000,71424000000,0.603,26.519,-4265000000,4269000000,4269000000,28364000000,8852000000,1.026,0.888,17336000000,4563000000,12773000000,17336000000,3927000000,2354000000,0,0.018,1.81,13515000000,15869000000,0.302,15869000000,13515000000,13398000000,4.95,4.9,4.95,44525000000,45311750000,44525000000,184647367099,13,11.636,7120000000,4.203,1.0,24101000000,0.459,34998000000,117000000,49917000000,48252500000,1571000000,2643000000,0,2643000000,39527000000,16334000000,23193000000,173849367099,1037000000,0,-5766000000,2705000000,-3063000000,-5801000000,-4245000000,0,11385000000,-302000000,8382000000,8382000000,8382000000,0,470000000,0.16,10930000000,13171000000,7844000000,0.366,3.905,20.741,20.808,25179000000,0,103.0,3.314,3.326,8019000000,59028000000,52465000000,52465000000,0,0.096,0.185,0.28,0.258,410000000,8523000000,1.0,1687857933,1694000000,1709000000,30.971,53184000000,767000000,5016000000,4051000000,31.676,424000000
DIS,MRY,2016-12-31,2016-10-01,2016-10-01,2018-02-06,-3979000000,92033000000,90833000000,16966000000,75067000000,0.612,26.906,-4773000000,4610000000,4610000000,29993000000,9790000000,1.007,1.033,20170000000,3687000000,16483000000,20170000000,4025000000,2527000000,0,0.015,1.42,14729000000,17256000000,0.31,17256000000,14729000000,14469000000,5.76,5.73,5.76,43265000000,43885000000,43265000000,164449415853,11,9.53,8440000000,5.181,1.0,25639000000,0.461,34759000000,260000000,55992000000,53674250000,1390000000,4280000000,0,4280000000,44710000000,16842000000,27868000000,149235415853,341000000,-850000000,-7240000000,2940000000,-2313000000,-6991000000,-5758000000,45000000,13213000000,-123000000,9391000000,9391000000,9391000000,0,399000000,0.169,11437000000,14202000000,9130000000,0.247,3.449,15.891,16.122,27349000000,0,92.86,2.683,2.719,9065000000,66088000000,55632000000,55632000000,0,0.103,0.214,0.274,0.265,393000000,8754000000,1.0,1607101183,1629000000,1639000000,34.151,57274000000,0,5078000000,3679000000,35.618,124000000
DIS,MRY,2017-12-31,2017-09-30,2017-09-30,2018-02-06,-3528000000,95789000000,92981000000,15889000000,79900000000,0.593,26.863,-3623000000,4017000000,4017000000,30306000000,9366000000,0.811,1.229,25291000000,6172000000,19119000000,25291000000,4568000000,2782000000,0,0.016,1.56,13787000000,16569000000,0.301,16569000000,13787000000,13402000000,5.73,5.69,5.73,41315000000,42710000000,41315000000,169991918326,12,10.26,8720000000,5.561,1.0,24831000000,0.45,38421000000,385000000,59047000000,57467750000,1373000000,3202000000,0,3202000000,50785000000,19595000000,31190000000,152140918326,-696000000,-417000000,-9092000000,3703000000,-2445000000,-8959000000,-4111000000,0,12343000000,31000000,8980000000,8980000000,8980000000,0,386000000,0.163,11056000000,13775000000,8855000000,0.272,3.682,16.942,17.202,28406000000,0,98.57,2.759,2.803,8633000000,72606000000,55137000000,55137000000,0,0.097,0.21,0.24,0.25,364000000,8176000000,1.0,1543480961,1568000000,1578000000,35.164,57368000000,0,4422000000,4480000000,37.3,-3706000000
