ticker,dimension,calendardate,datekey,reportperiod,lastupdated,accoci,assets,assetsavg,assetsc,assetsnc,assetturnover,bvps,capex,cashneq,cashnequsd,cor,consolinc,currentratio,de,debt,debtc,debtnc,debtusd,deferredrev,depamor,deposits,divyield,dps,ebit,ebitda,ebitdamargin,ebitdausd,ebitusd,ebt,eps,epsdil,epsusd,equity,equityavg,equityusd,ev,evebit,evebitda,fcf,fcfps,fxusd,gp,grossmargin,intangibles,intexp,invcap,invcapavg,inventory,investments,investmentsc,investmentsnc,liabilities,liabilitiesc,liabilitiesnc,marketcap,ncf,ncfbus,ncfcommon,ncfdebt,ncfdiv,ncff,ncfi,ncfinv,ncfo,ncfx,netinc,netinccmn,netinccmnusd,netincdis,netincnci,netmargin,opex,opinc,payables,payoutratio,pb,pe,pe1,ppnenet,prefdivis,price,ps,ps1,receivables,retearn,revenue,revenueusd,rnd,roa,roe,roic,ros,sbcomp,sgna,sharefactor,sharesbas,shareswa,shareswadil,sps,tangibles,taxassets,taxexp,taxliabilities,tbvps,workingcapital
DLTR,MRY,2011-12-31,2012-01-28,2012-01-28,2017-11-21,-600000,2328600000,2405000000,1209400000,1119200000,2.757,5.648,-250100000,288300000,288300000,4252200000,488300000,2.082,0.732,265500000,15500000,250000000,265500000,0,163900000,0,0.0,0.0,782400000,946300000,0.143,946300000,782400000,779500000,2.03,2.01,2.03,1344600000,1466475000,1344600000,10059584125,12,10.63,436400000,1.833,1.0,2378300000,0.359,173100000,2900000,1551700000,1614100000,867400000,0,0,0,984000000,581000000,403000000,10074284125,-22900000,0,-635000000,-2000000,0,-623200000,-86100000,163800000,686500000,-100000,488300000,488300000,488300000,0,0,0.074,1596200000,782100000,286700000,0.0,7.492,20.631,20.847,825300000,0,42.32,1.519,1.519,0,1344100000,6630500000,6630500000,0,0.203,0.333,0.485,0.118,31600000,1596200000,1.0,238050192,238050192,,27.853,2155500000,43000000,291200000,78800000,9.055,628400000
DLTR,MRY,2012-12-31,2013-02-02,2013-02-02,2017-11-21,-1500000,2752000000,2585525000,1473500000,1278500000,2.86,7.338,-313200000,399900000,399900000,4741800000,619300000,2.179,0.651,271300000,14300000,257000000,271300000,0,175300000,0,0.0,0.0,981700000,1157000000,0.156,1157000000,981700000,978900000,2.7,2.68,2.7,1667300000,1552450000,1667300000,9157418160,9,7.915,365100000,1.607,1.0,2652700000,0.359,173300000,2800000,1773900000,1638850000,971700000,0,0,0,1084700000,676200000,408500000,9115518160,111600000,62300000,-330200000,5500000,0,-303400000,-261900000,-11000000,678300000,-1400000,619300000,619300000,619300000,0,0,0.084,1732600000,920100000,346500000,0.0,5.467,14.719,14.859,960700000,0,40.12,1.233,1.233,0,1666300000,7394500000,7394500000,0,0.24,0.399,0.599,0.133,35500000,1732600000,1.0,227206335,227206335,,32.545,2578700000,50800000,359600000,85200000,11.35,797300000
DLTR,MRY,2013-12-31,2014-02-01,2014-02-01,2017-11-21,-16900000,2771900000,2843700000,1378500000,1393400000,2.757,5.626,-330900000,267700000,267700000,5050500000,596700000,2.009,1.368,769800000,12800000,757000000,769800000,0,190500000,0,0.0,0.0,969700000,1160200000,0.148,1160200000,969700000,954300000,2.74,2.72,2.74,1170700000,1423825000,1170700000,11385608677,11,9.813,463200000,2.226,1.0,2789800000,0.356,169300000,15400000,2418400000,2255075000,1035300000,0,0,0,1601200000,686300000,914900000,10512908677,-132200000,0,-1106100000,498500000,0,-597800000,-325000000,6200000,794100000,-3500000,596700000,596700000,596700000,0,0,0.076,1819500000,970300000,393900000,0.0,8.98,17.618,18.438,1094000000,0,50.52,1.341,1.341,0,1174800000,7840300000,7840300000,0,0.21,0.419,0.43,0.124,37000000,1819500000,1.0,208093996,208093996,,37.677,2602600000,43000000,357600000,52800000,12.507,692200000
DLTR,MRY,2014-12-31,2015-01-31,2015-01-31,2017-11-21,-34100000,3492700000,3236050000,1994600000,1498100000,2.658,8.68,-324000000,864100000,864100000,5568200000,599200000,2.315,0.957,682700000,0,682700000,682700000,0,205900000,0,0.0,0.0,1034300000,1240200000,0.144,1240200000,1034300000,954200000,2.91,2.9,2.91,1785000000,1534000000,1785000000,14971422080,14,12.072,618800000,3.009,1.0,3034000000,0.353,165800000,80100000,2283900000,2459275000,1035700000,0,0,0,1707700000,861600000,846100000,14622022080,596400000,0,5500000,-24600000,0,-30600000,-315000000,9000000,942800000,-800000,599200000,599200000,599200000,0,0,0.07,1993800000,1040200000,433600000,0.0,8.192,24.403,24.433,1210500000,0,71.1,1.7,1.7,0,1774000000,8602200000,8602200000,0,0.185,0.391,0.421,0.12,38300000,1993800000,1.0,205654319,205654319,,41.828,3326900000,58900000,355000000,49200000,16.177,1133000000
DLTR,MRY,2015-12-31,2016-01-30,2016-01-30,2017-11-21,-43100000,15901200000,15008625000,3935900000,11965300000,1.033,18.769,-480000000,736100000,736100000,10841700000,282400000,1.878,2.608,7346400000,108000000,7238400000,7346400000,0,487600000,0,0.0,0.0,1047600000,1535200000,0.099,1535200000,1047600000,448200000,1.27,1.26,1.27,4406900000,3616725000,4406900000,26330206410,25,17.151,322500000,1.374,1.0,4656700000,0.3,8127500000,599400000,12288600000,12193375000,2885500000,4000000,4000000,0,11494300000,2095400000,9398900000,19093606410,-128000000,-6527700000,13900000,6043700000,0,6048800000,-6978400000,29300000,802500000,-900000,282400000,282400000,282400000,0,0,0.018,3607000000,1049700000,1251900000,0.0,4.333,67.612,64.031,3125500000,0,81.32,1.232,1.232,0,2056400000,15498400000,15498400000,0,0.019,0.078,0.086,0.068,53200000,3607000000,1.0,234795947,234795947,,66.008,7773700000,0,165800000,1670900000,33.108,1840500000
DLTR,MRY,2016-12-31,2017-01-28,2017-01-28,2017-11-21,0,15701600000,16071725000,3938000000,11763600000,1.289,22.83,-565600000,866400000,866400000,14324500000,896200000,1.87,1.913,6321800000,152100000,6169700000,6321800000,0,637500000,0,0.0,0.0,1704900000,2342400000,0.113,2342400000,1704900000,1329400000,3.8,3.78,3.8,5389500000,4990925000,5389500000,23831088428,13,10.174,1107700000,4.692,1.0,6394700000,0.309,8597200000,375500000,10453900000,11422550000,2865800000,4000000,4000000,0,10312100000,2105900000,8206200000,17481088428,130300000,0,41500000,-1079800000,0,-1060500000,-483600000,82000000,1673300000,1100000,896200000,896200000,896200000,0,0,0.043,4689900000,1704800000,1119600000,0.0,3.244,19.506,19.487,3115800000,0,74.05,0.844,0.844,0,2952600000,20719200000,20719200000,0,0.056,0.18,0.149,0.082,61600000,4689900000,1.0,236071417,236071417,,87.767,7104400000,0,433200000,1620100000,30.094,1832100000
