ticker,dimension,calendardate,datekey,reportperiod,lastupdated,accoci,assets,assetsavg,assetsc,assetsnc,assetturnover,bvps,capex,cashneq,cashnequsd,cor,consolinc,currentratio,de,debt,debtc,debtnc,debtusd,deferredrev,depamor,deposits,divyield,dps,ebit,ebitda,ebitdamargin,ebitdausd,ebitusd,ebt,eps,epsdil,epsusd,equity,equityavg,equityusd,ev,evebit,evebitda,fcf,fcfps,fxusd,gp,grossmargin,intangibles,intexp,invcap,invcapavg,inventory,investments,investmentsc,investmentsnc,liabilities,liabilitiesc,liabilitiesnc,marketcap,ncf,ncfbus,ncfcommon,ncfdebt,ncfdiv,ncff,ncfi,ncfinv,ncfo,ncfx,netinc,netinccmn,netinccmnusd,netincdis,netincnci,netmargin,opex,opinc,payables,payoutratio,pb,pe,pe1,ppnenet,prefdivis,price,ps,ps1,receivables,retearn,revenue,revenueusd,rnd,roa,roe,roic,ros,sbcomp,sgna,sharefactor,sharesbas,shareswa,shareswadil,sps,tangibles,taxassets,taxexp,taxliabilities,tbvps,workingcapital
FBHS,MRY,2011-12-31,2011-12-31,2011-12-31,2018-02-28,10600000,3637900000,3947750000,953500000,2684400000,0.843,13.639,-68500000,120800000,120800000,2332100000,-34600000,1.595,0.714,410600000,21300000,389300000,410600000,0,111500000,0,0.0,0.0,-18200000,93300000,0.028,93300000,-18200000,-44600000,-0.23,-0.23,-0.23,2120800000,1030300000,2120800000,2598699079,-142,27.853,106900000,0.689,1.0,996500000,0.299,2069500000,26400000,1260400000,2975450000,336300000,0,0,0,1513400000,597800000,915600000,2649799079,60100000,-2500000,11000000,482600000,0,-43500000,-71000000,0,175400000,-800000,-35600000,-35600000,-35600000,0,1000000,-0.011,1012100000,-15600000,260700000,0.0,1.249,-74.433,-74.043,525800000,0,17.03,0.796,0.794,346100000,-77700000,3328600000,3328600000,0,-0.009,-0.035,-0.006,-0.005,15700000,900600000,1.0,155595953,155200000,155200000,21.447,1568400000,0,-9000000,204100000,10.086,355700000
FBHS,MRY,2012-12-31,2012-12-31,2012-12-31,2018-02-28,30600000,3873900000,3757975000,1227900000,2646000000,0.834,14.826,-75000000,336000000,336000000,2093200000,119700000,1.942,0.625,325500000,28000000,297500000,325500000,0,101300000,0,0.0,0.0,154100000,255400000,0.081,255400000,154100000,145600000,0.74,0.71,0.74,2381100000,2284875000,2381100000,4885631272,31,19.129,207800000,1.294,1.0,1041600000,0.332,2065000000,8500000,1166000000,1267075000,357200000,0,0,0,1489200000,632400000,856800000,4757131272,215200000,-6000000,95500000,-84900000,0,15700000,-86700000,0,282800000,3400000,118700000,118700000,118700000,-11400000,1000000,0.038,898400000,143200000,287000000,0.0,1.998,40.077,39.486,509400000,0,29.22,1.518,1.497,381700000,41000000,3134800000,3134800000,0,0.032,0.052,0.122,0.049,26900000,873100000,1.0,162803945,160600000,166100000,19.519,1808900000,0,26900000,224000000,11.263,595500000
FBHS,MRY,2013-12-31,2013-12-31,2013-12-31,2018-02-28,95400000,4178100000,4046650000,1327400000,2850700000,0.915,16.008,-96700000,241400000,241400000,2408500000,230900000,1.797,0.576,356000000,6000000,350000000,356000000,0,90400000,0,0.007,0.3,338400000,428800000,0.116,428800000,338400000,331200000,1.39,1.34,1.39,2649400000,2545975000,2649400000,7794627465,23,18.178,201100000,1.215,1.0,1295100000,0.35,2062700000,7200000,1491300000,1365775000,428900000,0,0,0,1525000000,738700000,786300000,7596027465,-94600000,-299800000,-1400000,31300000,-49900000,4100000,-396700000,0,297800000,200000,229700000,229700000,229700000,-21900000,1200000,0.062,972100000,323000000,314800000,0.216,2.867,33.069,32.878,468300000,0,45.7,2.051,2.042,402800000,200800000,3703600000,3703600000,0,0.057,0.09,0.248,0.091,26100000,938700000,1.0,166215043,165500000,171300000,22.378,2115400000,0,101500000,197400000,12.782,588700000
FBHS,MRY,2014-12-31,2014-12-31,2014-12-31,2018-02-28,-6700000,4052900000,4107750000,1299100000,2753800000,0.977,13.965,-127500000,191900000,191900000,2646700000,159300000,1.857,0.792,670000000,26300000,643700000,670000000,0,98800000,0,0.011,0.48,286800000,385600000,0.096,385600000,286800000,276400000,0.98,0.95,0.98,2259500000,2440625000,2259500000,7650538799,26,19.841,138700000,0.857,1.0,1366900000,0.341,2124300000,10400000,1707100000,1710750000,462200000,0,0,0,1789800000,699600000,1090200000,7142138799,-49500000,-16600000,-410900000,313800000,-77400000,-160000000,-151100000,0,266200000,-4600000,158100000,158100000,158100000,114300000,1200000,0.039,963400000,403500000,333800000,0.49,3.161,45.175,46.194,539800000,0,45.27,1.779,1.825,458900000,279500000,4013600000,4013600000,0,0.038,0.065,0.168,0.071,29700000,943300000,1.0,157767590,161800000,166300000,24.806,1928600000,0,118300000,150600000,11.92,599500000
FBHS,MRY,2015-12-31,2015-12-31,2015-12-31,2018-02-28,-52500000,4875700000,4752425000,1418000000,3457700000,0.964,15.366,-128500000,238500000,238500000,2997500000,315500000,1.871,0.988,1169500000,800000,1168700000,1169500000,0,115100000,0,0.01,0.56,500300000,615400000,0.134,615400000,500300000,468400000,1.97,1.93,1.97,2450900000,2378650000,2450900000,9853919120,19,16.012,300700000,1.885,1.0,1581900000,0.345,2752000000,31900000,2296800000,2359250000,555600000,0,0,0,2421900000,757900000,1664000000,8863119120,46600000,-638100000,-22800000,499700000,-89500000,398800000,-766600000,0,429200000,-14800000,315000000,315000000,315000000,-9000000,500000,0.069,1085800000,496100000,344200000,0.284,3.616,28.137,28.173,627900000,0,55.5,1.935,1.933,502600000,501600000,4579400000,4579400000,0,0.066,0.132,0.212,0.109,27600000,1047600000,1.0,159695840,159500000,163000000,28.711,2123700000,0,153400000,201700000,13.315,660100000
FBHS,MRY,2016-12-31,2016-12-31,2016-12-31,2018-02-28,-71900000,5128500000,5095450000,1445200000,3683300000,0.978,15.305,-149300000,251500000,251500000,3180300000,413200000,1.715,1.171,1431100000,0,1431100000,1431100000,0,122700000,0,0.012,0.64,632000000,754700000,0.151,754700000,632000000,582900000,2.68,2.62,2.68,2361500000,2292350000,2361500000,9556448584,15,12.663,501200000,3.248,1.0,1804600000,0.362,2940800000,49100000,2524500000,2766425000,531100000,0,0,0,2765500000,842800000,1922700000,8249248584,13000000,-235800000,-399000000,258900000,-98200000,-250400000,-385100000,0,650500000,-2000000,413200000,413200000,413200000,-800000,0,0.083,1171900000,632700000,393800000,0.239,3.493,19.964,19.948,662500000,0,53.46,1.655,1.655,550700000,814600000,4984900000,4984900000,0,0.081,0.18,0.228,0.127,32000000,1129900000,1.0,154306932,154300000,157800000,32.307,2187700000,0,169700000,163500000,14.178,602400000
FBHS,MRY,2017-12-31,2017-12-31,2017-12-31,2018-02-28,-39200000,5511400000,5312050000,1601700000,3909700000,0.995,16.968,-165000000,323000000,323000000,3350800000,472700000,1.766,1.12,1507600000,0,1507600000,1507600000,0,130300000,0,0.011,0.72,681500000,811800000,0.154,811800000,681500000,632100000,3.08,3.03,3.08,2599500000,2535050000,2599500000,11574344904,16,14.258,435300000,2.841,1.0,1932500000,0.366,3074400000,49400000,2714800000,2722900000,580800000,0,0,0,2910300000,906800000,2003500000,10389244904,71500000,-122700000,-186300000,75000000,-110300000,-250100000,-287700000,0,600300000,9000000,472600000,472600000,472600000,2600000,100000,0.089,1238000000,694500000,428800000,0.234,3.997,21.983,22.221,740000000,0,68.44,1.966,1.985,555300000,1174200000,5283300000,5283300000,0,0.089,0.186,0.25,0.129,43000000,1194800000,1.0,151800773,153200000,155800000,34.486,2437000000,0,159500000,166800000,15.907,694900000
