ticker,dimension,calendardate,datekey,reportperiod,lastupdated,accoci,assets,assetsavg,assetsc,assetsnc,assetturnover,bvps,capex,cashneq,cashnequsd,cor,consolinc,currentratio,de,debt,debtc,debtnc,debtusd,deferredrev,depamor,deposits,divyield,dps,ebit,ebitda,ebitdamargin,ebitdausd,ebitusd,ebt,eps,epsdil,epsusd,equity,equityavg,equityusd,ev,evebit,evebitda,fcf,fcfps,fxusd,gp,grossmargin,intangibles,intexp,invcap,invcapavg,inventory,investments,investmentsc,investmentsnc,liabilities,liabilitiesc,liabilitiesnc,marketcap,ncf,ncfbus,ncfcommon,ncfdebt,ncfdiv,ncff,ncfi,ncfinv,ncfo,ncfx,netinc,netinccmn,netinccmnusd,netincdis,netincnci,netmargin,opex,opinc,payables,payoutratio,pb,pe,pe1,ppnenet,prefdivis,price,ps,ps1,receivables,retearn,revenue,revenueusd,rnd,roa,roe,roic,ros,sbcomp,sgna,sharefactor,sharesbas,shareswa,shareswadil,sps,tangibles,taxassets,taxexp,taxliabilities,tbvps,workingcapital
FDX,MRY,2011-12-31,2011-05-31,2011-05-31,2017-12-21,-2550000000,27385000000,26223000000,8285000000,19100000000,1.499,48.217,-3434000000,2328000000,2328000000,14266000000,1452000000,1.697,0.799,2464000000,18000000,2446000000,2464000000,0,1973000000,0,0.005,0.48,2351000000,4324000000,0.11,4324000000,2351000000,2265000000,4.61,4.57,4.61,15220000000,14716500000,15220000000,30653209782,13,7.089,607000000,1.923,1.0,25038000000,0.637,2326000000,86000000,20313000000,20043250000,437000000,0,0,0,12165000000,4882000000,7283000000,29558209782,376000000,15000000,108000000,-262000000,-151000000,-287000000,-3419000000,0,4041000000,41000000,1452000000,1452000000,1452000000,0,0,0.037,22660000000,2378000000,1702000000,0.104,1.942,20.357,20.312,15543000000,0,93.64,0.752,0.752,4581000000,15266000000,39304000000,39304000000,0,0.055,0.099,0.117,0.06,98000000,15276000000,1.0,315657943,315657943,,124.515,25059000000,610000000,813000000,1336000000,79.387,3403000000
FDX,MRY,2012-12-31,2012-05-31,2012-05-31,2017-12-21,-4953000000,29903000000,28736250000,9056000000,20847000000,1.485,46.698,-4007000000,2843000000,2843000000,15758000000,2032000000,1.685,1.03,2451000000,417000000,2034000000,2451000000,0,2113000000,0,0.006,0.52,3193000000,5306000000,0.124,5306000000,3193000000,3141000000,6.44,6.41,6.44,14727000000,15731750000,14727000000,28491895408,8,5.37,828000000,2.626,1.0,26922000000,0.631,2387000000,52000000,21750000000,21404750000,440000000,0,0,0,15176000000,5374000000,9802000000,28111895408,515000000,-42000000,-69000000,-29000000,-164000000,-244000000,-4049000000,0,4835000000,-27000000,2032000000,2032000000,2032000000,0,0,0.048,23736000000,3186000000,1613000000,0.081,1.909,13.835,13.842,17248000000,0,89.14,0.659,0.659,4704000000,17134000000,42680000000,42680000000,0,0.071,0.129,0.149,0.075,105000000,16099000000,1.0,315367909,315367909,,135.334,27516000000,533000000,1109000000,836000000,87.25,3682000000
FDX,MRY,2013-12-31,2013-05-31,2013-05-31,2017-12-21,-3820000000,33567000000,31850000000,11274000000,22293000000,1.39,54.906,-3375000000,4917000000,4917000000,16448000000,2716000000,1.961,0.929,3768000000,251000000,3517000000,3768000000,0,2386000000,0,0.006,0.56,4420000000,6806000000,0.154,6806000000,4420000000,4338000000,8.61,8.55,8.61,17398000000,16019250000,17398000000,30163151174,6,4.432,1313000000,4.144,1.0,27839000000,0.629,2755000000,82000000,23913000000,23870000000,457000000,0,0,0,16169000000,5750000000,10419000000,30527151174,2074000000,-428000000,34000000,1322000000,-177000000,1184000000,-3803000000,0,4688000000,5000000,2716000000,2716000000,2716000000,0,0,0.061,23405000000,4434000000,1879000000,0.065,1.755,11.24,11.189,18484000000,0,96.34,0.689,0.689,5044000000,18519000000,44287000000,44287000000,0,0.085,0.17,0.185,0.1,109000000,16055000000,1.0,316868914,316868914,,139.764,30812000000,533000000,1622000000,1652000000,97.239,5524000000
FDX,MRY,2014-12-31,2014-05-31,2014-05-31,2017-12-21,506000000,33070000000,33253500000,9683000000,23387000000,1.37,51.696,-3533000000,2908000000,2908000000,17052000000,2324000000,1.823,1.165,5495000000,1000000,5494000000,5495000000,0,2587000000,0,0.004,0.6,3818000000,6405000000,0.141,6405000000,3818000000,3658000000,7.56,7.48,7.56,15277000000,16423000000,15277000000,45036640043,11,7.031,731000000,2.474,1.0,28515000000,0.626,2790000000,160000000,27555000000,26107250000,463000000,0,0,0,17793000000,5312000000,12481000000,42601640043,-2009000000,-18000000,-4300000000,1743000000,-187000000,-2719000000,-3551000000,0,4264000000,-3000000,2324000000,2324000000,2324000000,0,0,0.051,24700000000,3815000000,1971000000,0.079,2.789,18.331,19.069,19550000000,0,144.16,0.935,0.935,5460000000,16229000000,45567000000,45567000000,0,0.07,0.142,0.146,0.084,117000000,16171000000,1.0,295516371,295516371,,154.195,30280000000,522000000,1334000000,2114000000,102.465,4371000000
FDX,MRY,2015-12-31,2015-05-31,2015-05-31,2017-12-21,172000000,36531000000,34552500000,10335000000,26196000000,1.373,52.838,-4347000000,3763000000,3763000000,16984000000,1050000000,1.735,1.437,7979000000,19000000,7960000000,7979000000,0,2611000000,0,0.005,0.8,1862000000,4473000000,0.094,4473000000,1862000000,1627000000,3.7,3.65,3.7,14993000000,15422250000,14993000000,53596326220,28,11.982,1019000000,3.591,1.0,30469000000,0.642,3810000000,235000000,30981000000,29647500000,498000000,0,0,0,21538000000,5956000000,15582000000,49152326220,855000000,-1405000000,-934000000,2486000000,-227000000,1349000000,-5752000000,0,5366000000,-108000000,1050000000,1050000000,1050000000,0,0,0.022,28602000000,1867000000,2066000000,0.216,3.278,46.812,46.816,20875000000,0,173.22,1.036,1.036,5719000000,16900000000,47453000000,47453000000,0,0.03,0.068,0.063,0.039,133000000,17110000000,1.0,283756646,283756646,,167.231,32721000000,0,577000000,1210000000,115.314,4379000000
FDX,MRY,2016-12-31,2016-05-31,2016-05-31,2017-12-21,-169000000,45959000000,39848500000,11989000000,33970000000,1.264,51.352,-4818000000,3534000000,3534000000,17327000000,1820000000,1.497,2.334,14162000000,29000000,14133000000,14162000000,0,2631000000,0,0.006,1.0,3076000000,5707000000,0.113,5707000000,3076000000,2740000000,6.59,6.51,6.59,13784000000,14596000000,13784000000,50651868017,16,8.875,890000000,3.316,1.0,33038000000,0.656,6747000000,336000000,41832000000,35677500000,496000000,0,0,0,32175000000,8008000000,24167000000,44281868017,-229000000,-4628000000,-2539000000,6478000000,-277000000,3611000000,-9446000000,0,5708000000,-102000000,1820000000,1820000000,1820000000,0,0,0.036,29961000000,3077000000,2944000000,0.152,3.213,24.331,25.033,24284000000,0,164.97,0.879,0.879,7252000000,18371000000,50365000000,50365000000,0,0.046,0.125,0.086,0.061,144000000,18581000000,1.0,268423762,268423762,,187.632,39212000000,0,920000000,1567000000,146.082,3981000000
FDX,MRY,2017-12-31,2017-05-31,2017-05-31,2017-12-21,-415000000,48552000000,46814000000,12628000000,35924000000,1.288,60.114,-5116000000,3969000000,3969000000,22017000000,2997000000,1.595,2.021,15462000000,22000000,15440000000,15462000000,0,2995000000,0,0.008,1.6,5091000000,8086000000,0.134,8086000000,5091000000,4579000000,11.24,11.07,11.24,16073000000,14982500000,16073000000,63868961083,12,7.899,-186000000,-0.696,1.0,38302000000,0.635,7154000000,512000000,44973000000,43654250000,514000000,0,0,0,32479000000,7918000000,24561000000,51827961083,435000000,135000000,-172000000,1108000000,-426000000,528000000,-4981000000,0,4930000000,-42000000,2997000000,2997000000,2997000000,0,0,0.05,33265000000,5037000000,2752000000,0.142,3.225,17.293,17.246,25981000000,0,193.84,0.859,0.859,7599000000,20833000000,60319000000,60319000000,0,0.064,0.2,0.117,0.084,154000000,21542000000,1.0,267374954,267374954,,225.597,41398000000,0,1582000000,2485000000,154.831,4710000000
