ticker,dimension,calendardate,datekey,reportperiod,lastupdated,accoci,assets,assetsavg,assetsc,assetsnc,assetturnover,bvps,capex,cashneq,cashnequsd,cor,consolinc,currentratio,de,debt,debtc,debtnc,debtusd,deferredrev,depamor,deposits,divyield,dps,ebit,ebitda,ebitdamargin,ebitdausd,ebitusd,ebt,eps,epsdil,epsusd,equity,equityavg,equityusd,ev,evebit,evebitda,fcf,fcfps,fxusd,gp,grossmargin,intangibles,intexp,invcap,invcapavg,inventory,investments,investmentsc,investmentsnc,liabilities,liabilitiesc,liabilitiesnc,marketcap,ncf,ncfbus,ncfcommon,ncfdebt,ncfdiv,ncff,ncfi,ncfinv,ncfo,ncfx,netinc,netinccmn,netinccmnusd,netincdis,netincnci,netmargin,opex,opinc,payables,payoutratio,pb,pe,pe1,ppnenet,prefdivis,price,ps,ps1,receivables,retearn,revenue,revenueusd,rnd,roa,roe,roic,ros,sbcomp,sgna,sharefactor,sharesbas,shareswa,shareswadil,sps,tangibles,taxassets,taxexp,taxliabilities,tbvps,workingcapital
FLS,MRY,2011-12-31,2011-12-31,2011-12-31,2018-02-28,-216097000,4622614000,4528982250,2628354000,1994260000,0.996,13.618,-103698000,337356000,337356000,2996555000,429231000,1.788,1.033,505216000,53623000,451593000,505216000,0,107561000,0,0.013,0.427,623287000,730848000,0.162,730848000,623287000,587106000,2.57,2.55,2.57,2269813000,2276735250,2269813000,5797993267,9,7.933,114515000,0.687,1.0,1513646000,0.336,1208559000,36181000,2111594000,2238326750,1008379000,0,0,0,2344384000,1470321000,874063000,5517990267,-220223000,-90505000,-150000000,-23419000,-69557000,-238956000,-194203000,0,218213000,-5277000,428582000,428582000,428582000,0,649000,0.095,894969000,618677000,597342000,0.166,2.431,12.875,12.882,598746000,0,33.107,1.223,1.223,1060249000,2205524000,4510201000,4510201000,0,0.095,0.188,0.278,0.138,26422000,914080000,1.0,166673085,166673085,,27.06,3414055000,139748000,158524000,10755000,20.484,1158033000
FLS,MRY,2012-12-31,2012-12-31,2012-12-31,2018-02-28,-224310000,4810958000,4694749750,2740216000,2070742000,1.012,12.605,-118606000,304252000,304252000,3170388000,450799000,1.723,1.543,928594000,59478000,869116000,928594000,0,107226000,0,0.01,0.48,652625000,759851000,0.16,759851000,652625000,609105000,2.86,2.84,2.86,1890219000,2063074250,1890219000,8048260230,12,10.592,398524000,2.658,1.0,1580951000,0.333,1203927000,43520000,2640748000,2527305250,1086663000,0,0,0,2916483000,1590625000,1325858000,7337684230,-33104000,-7821000,-771942000,423882000,-73765000,-428922000,-126427000,0,517130000,5115000,448339000,448339000,448339000,0,2460000,0.094,905173000,675778000,616900000,0.168,3.882,16.366,17.11,654179000,0,48.933,1.544,1.544,1103724000,2579308000,4751339000,4751339000,0,0.095,0.217,0.258,0.137,24196000,922125000,1.0,149952675,149952675,,31.686,3607031000,177799000,160766000,7654000,24.054,1149591000
FLS,MRY,2013-12-31,2013-12-31,2013-12-31,2018-02-28,-221477000,5036733000,4759841000,2847382000,2189351000,1.041,13.411,-137437000,363804000,363804000,3266524000,488320000,1.827,1.689,1200297000,72678000,1127619000,1200297000,0,106392000,0,0.012,0.98,744644000,851036000,0.172,851036000,744644000,690231000,3.43,3.41,3.43,1870379000,1793373750,1870379000,11988717053,16,14.087,350322000,2.512,1.0,1688095000,0.341,1268099000,54413000,3047028000,2901945500,1060670000,0,0,0,3159612000,1558099000,1601513000,10994310053,59552000,-30561000,-458310000,273195000,-76897000,-255824000,-167998000,0,487759000,-4385000,485530000,485530000,485530000,0,2790000,0.098,927812000,760283000,612092000,0.286,5.878,22.644,22.983,716289000,0,78.83,2.219,2.219,1155327000,2985391000,4954619000,4954619000,0,0.102,0.271,0.257,0.15,25646000,966829000,1.0,139468604,139468604,,35.525,3768634000,176981000,204701000,12319000,27.021,1289283000
FLS,MRY,2014-12-31,2014-12-31,2014-12-31,2018-02-28,-380406000,4968020000,4851828000,2794163000,2173857000,1.005,14.171,-130888000,450350000,450350000,3167714000,519433000,1.898,1.567,1154922000,53131000,1101791000,1154922000,0,110277000,0,0.044,2.64,783005000,893282000,0.183,893282000,783005000,722683000,3.75,3.72,3.75,1931562000,1908445000,1931562000,9159217580,11,10.253,463593000,3.401,1.0,1710171000,0.351,1213592000,60322000,2987125000,3197210250,995564000,0,0,0,3026177000,1471875000,1554302000,8155328580,86546000,46805000,-246504000,-41217000,-85118000,-391177000,-84083000,0,594481000,-32675000,513372000,513372000,513372000,0,6061000,0.105,924785000,785386000,611715000,0.704,4.222,15.886,15.955,693881000,0,59.83,1.672,1.672,1082447000,3415738000,4877885000,4877885000,0,0.106,0.269,0.245,0.161,42675000,936900000,1.0,136308350,136308350,,35.786,3754428000,190331000,209311000,12957000,27.544,1322288000
FLS,MRY,2015-12-31,2015-12-31,2015-12-31,2018-02-28,-538232000,4963106000,5171291000,2457322000,2505784000,0.881,12.586,-171641000,366444000,366444000,3080254000,264016000,1.82,2.003,1620996000,60434000,1560562000,1620996000,0,127087000,0,0.017,0.72,472032000,599119000,0.131,599119000,472032000,406762000,1.94,1.93,1.94,1647126000,1713972250,1647126000,6948082906,14,11.597,269118000,2.056,1.0,1477537000,0.324,1452763000,65270000,3414519000,3717234250,978641000,0,0,0,3298724000,1350376000,1948348000,5506972906,-83906000,-353654000,-303651000,455809000,-93650000,37655000,-525295000,0,440759000,-37025000,258411000,258411000,258411000,0,5605000,0.057,962872000,514665000,491378000,0.371,3.343,21.311,21.691,758427000,0,42.08,1.208,1.208,985772000,3565958000,4557791000,4557791000,0,0.05,0.151,0.127,0.104,34816000,972733000,1.0,130869128,130869128,,34.827,3510343000,70264000,148351000,0,26.823,1106946000
FLS,MRY,2016-12-31,2016-12-31,2016-12-31,2018-02-28,-624788000,4708923000,4868811750,2297689000,2411234000,0.82,12.391,-86405000,367162000,367162000,2759254000,135532000,1.95,1.9,1570623000,85365000,1485258000,1570623000,0,116752000,0,0.02,0.95,269972000,386724000,0.097,386724000,269972000,209835000,1.02,1.01,1.02,1616427000,1694372250,1616427000,7618241299,28,19.699,154071000,1.181,1.0,1231233000,0.309,1419581000,60137000,3314365000,3504313750,897690000,0,0,0,3071535000,1178438000,1893097000,6268222299,718000,-5064000,0,-36956000,-97746000,-143721000,-91469000,0,240476000,-4568000,132455000,132455000,132455000,0,3077000,0.033,955604000,275629000,412087000,0.931,3.878,47.323,47.108,724805000,0,48.05,1.571,1.571,882638000,3598396000,3990487000,3990487000,0,0.027,0.078,0.077,0.068,30213000,968530000,1.0,130452077,130452077,,30.59,3289342000,83722000,77380000,0,25.215,1119251000
FLS,MRY,2017-12-31,2017-12-31,2017-12-31,2018-02-28,-505473000,4910474000,4800976250,2558745000,2351729000,0.763,12.666,-56167000,703445000,703445000,2575454000,4328000,2.059,1.958,1575257000,75599000,1499658000,1575257000,0,118454000,0,0.014,0.57,321061000,439515000,0.12,439515000,321061000,261331000,0.02,0.02,0.02,1654587000,1689419250,1654587000,6588202266,20,14.99,254899000,1.951,1.0,1085377000,0.296,1428237000,59730000,3111141000,3288682500,884273000,0,0,0,3239520000,1242908000,1996612000,5503653266,336283000,232767000,0,-71671000,-99233000,-185353000,176600000,0,311066000,33970000,2652000,2652000,2652000,0,1676000,0.001,891272000,194105000,443113000,28.5,3.326,2075.284,2106.5,671796000,0,42.13,1.503,1.503,856711000,3503947000,3660831000,3660831000,0,0.001,0.002,0.098,0.088,22820000,903864000,1.0,130635017,130635017,,28.023,3482237000,51974000,258679000,0,26.656,1315837000
