ticker,dimension,calendardate,datekey,reportperiod,lastupdated,accoci,assets,assetsavg,assetsc,assetsnc,assetturnover,bvps,capex,cashneq,cashnequsd,cor,consolinc,currentratio,de,debt,debtc,debtnc,debtusd,deferredrev,depamor,deposits,divyield,dps,ebit,ebitda,ebitdamargin,ebitdausd,ebitusd,ebt,eps,epsdil,epsusd,equity,equityavg,equityusd,ev,evebit,evebitda,fcf,fcfps,fxusd,gp,grossmargin,intangibles,intexp,invcap,invcapavg,inventory,investments,investmentsc,investmentsnc,liabilities,liabilitiesc,liabilitiesnc,marketcap,ncf,ncfbus,ncfcommon,ncfdebt,ncfdiv,ncff,ncfi,ncfinv,ncfo,ncfx,netinc,netinccmn,netinccmnusd,netincdis,netincnci,netmargin,opex,opinc,payables,payoutratio,pb,pe,pe1,ppnenet,prefdivis,price,ps,ps1,receivables,retearn,revenue,revenueusd,rnd,roa,roe,roic,ros,sbcomp,sgna,sharefactor,sharesbas,shareswa,shareswadil,sps,tangibles,taxassets,taxexp,taxliabilities,tbvps,workingcapital
GPN,MRY,2011-12-31,2011-05-31,2011-05-31,2018-02-24,79320000,3350531000,2592071000,1847975000,1502556000,0.717,7.398,-98537000,1354285000,1354285000,665017000,228156000,1.279,1.586,624764000,356547000,268217000,624764000,0,82237000,0,0.002,0.04,322475000,404712000,0.218,404712000,322475000,304314000,1.31,1.3,1.31,1184535000,1047806500,1184535000,3400508496,10,8.402,611235000,3.818,1.0,1194785000,0.642,1121137000,18161000,55509000,254804000,7640000,0,0,0,1878856000,1444364000,434492000,4159522496,584339000,-170545000,3464000,116658000,-6388000,114123000,-267020000,0,709772000,27464000,209238000,209238000,209238000,975000,18918000,0.113,863191000,331594000,241578000,0.031,3.512,19.879,19.832,256301000,0,25.98,2.237,2.237,167454000,685624000,1859802000,1859802000,0,0.081,0.2,1.266,0.173,15885000,863191000,1.0,160104792,160104792,,11.616,2229394000,107086000,95076000,124106000,13.925,403611000
GPN,MRY,2012-12-31,2012-05-31,2012-05-31,2018-02-24,-30000000,2688143000,2658652750,1248739000,1439404000,0.829,7.461,-109876000,781275000,781275000,784756000,217566000,1.491,1.06,528376000,291811000,236565000,528376000,0,99099000,0,0.002,0.04,287890000,386989000,0.176,386989000,287890000,271042000,1.195,1.185,1.195,1172184000,1176556750,1172184000,3077532809,10,7.953,-283351000,-1.803,1.0,1419091000,0.644,1014875000,16848000,583084000,599355000,9864000,0,0,0,1242800000,837285000,405515000,3337198809,-573010000,-43122000,-93019000,-93215000,-6311000,-218186000,-150433000,2565000,-173475000,-30916000,188161000,188161000,188161000,0,29405000,0.085,1111742000,307349000,316313000,0.033,2.847,17.736,17.774,305848000,0,21.24,1.514,1.514,183991000,843456000,2203847000,2203847000,0,0.071,0.16,0.48,0.131,16391000,1027304000,1.0,157118588,157118588,,14.027,1673268000,119204000,82881000,118927000,10.65,411454000
GPN,MRY,2013-12-31,2013-05-31,2013-05-31,2018-02-24,-15062000,3125056000,3108873250,1214492000,1910564000,0.764,7.517,-98590000,680470000,680470000,862075000,238713000,1.725,1.604,1150930000,259796000,891134000,1150930000,0,111788000,0,0.002,0.04,344978000,456766000,0.192,456766000,344978000,311696000,1.39,1.38,1.39,1146085000,1169022000,1146085000,4096022170,11,8.967,141956000,0.931,1.0,1513848000,0.637,1445070000,33282000,1446332000,1067293750,11057000,0,0,0,1838449000,704114000,1134335000,3656036170,-100805000,-434016000,-174998000,621061000,-6198000,183522000,-528567000,4039000,240546000,3694000,216125000,216125000,216125000,0,22588000,0.091,1156635000,357213000,262890000,0.029,3.19,16.916,17.252,348064000,0,23.98,1.539,1.539,190591000,958751000,2375923000,2375923000,0,0.07,0.185,0.323,0.145,18427000,1119860000,1.0,152461892,152461892,,15.584,1679986000,101663000,95571000,189593000,11.019,510378000
GPN,MRY,2014-12-31,2014-05-31,2014-05-31,2018-02-24,-1776000,4018650000,3738854750,1643444000,2375206000,0.683,6.943,-81411000,581872000,581872000,952225000,269952000,1.356,2.894,1833807000,457805000,1376002000,1833807000,0,122069000,0,0.001,0.04,394496000,516565000,0.202,516565000,394496000,352684000,1.7,1.69,1.7,997227000,1070367500,997227000,5426584266,13,10.505,112687000,0.785,1.0,1602011000,0.627,1872458000,41812000,2186509000,1758320500,6636000,0,0,0,2885851000,1211618000,1674233000,4923682266,-98598000,-426524000,-421261000,676109000,-5757000,218896000,-501670000,0,194098000,-9922000,245286000,245286000,245286000,0,24666000,0.096,1196512000,405499000,290106000,0.024,4.937,20.073,20.165,369753000,0,34.28,1.928,1.928,215383000,815980000,2554236000,2554236000,0,0.066,0.229,0.224,0.154,29793000,1196512000,1.0,143631338,143631338,,17.783,2146192000,114891000,107398000,221489000,14.942,431826000
GPN,MRY,2015-12-31,2015-05-31,2015-05-31,2018-02-24,-185992000,5779301000,4669641000,3289915000,2489386000,0.594,5.703,-81953000,650739000,650739000,1022107000,309115000,1.091,6.485,2332696000,654413000,1678283000,2332696000,0,137505000,0,0.001,0.04,430471000,567976000,0.205,567976000,430471000,386035000,2.07,2.06,2.07,757976000,854991250,757976000,8382066326,19,14.758,347924000,2.618,1.0,1751611000,0.632,2051969000,44436000,2394101000,2350620500,0,0,0,0,4915748000,3015188000,1900560000,6936914326,68867000,-355971000,-365527000,546819000,-5340000,136199000,-440921000,0,429877000,-56288000,278040000,278040000,278040000,0,31075000,0.1,1295014000,456597000,326875000,0.019,9.152,24.949,25.213,374143000,0,52.19,2.501,2.501,202938000,795226000,2773718000,2773718000,0,0.06,0.325,0.183,0.155,21056000,1295014000,1.0,132916542,132916542,,20.868,3727332000,30428000,107995000,202855000,28.043,274727000
GPN,MRY,2016-12-31,2016-05-31,2016-05-31,2018-02-24,-246050000,10509952000,8144626500,2851313000,7658639000,0.356,21.248,-91591000,1044728000,1044728000,1147639000,290217000,1.173,2.779,4893722000,513978000,4379744000,4893722000,0,187881000,0,0.001,0.04,411677000,599558000,0.207,599558000,411677000,342361000,2.05,2.04,2.05,2746476000,1752226000,2746476000,11280655580,27,18.815,501299000,3.878,1.0,1750511000,0.604,7094113000,69316000,4834126000,3614113500,0,0,0,0,7632548000,2430707000,5201841000,10042157580,393989000,-2034406000,-139710000,2117231000,-5439000,1957598000,-2127248000,0,592890000,-29251000,271666000,271666000,271666000,0,18551000,0.094,1325567000,424944000,696414000,0.02,3.656,36.965,37.898,493678000,0,77.69,3.465,3.465,288411000,1015811000,2898150000,2898150000,0,0.033,0.155,0.114,0.142,30809000,1325567000,1.0,129259333,129259333,,22.421,3415839000,22719000,70695000,744862000,26.426,420606000
GPN,MRY,2017-12-31,2017-12-31,2017-12-31,2018-02-24,-183144000,12998069000,11319028750,4303579000,8694490000,0.351,23.844,-144340000,1335855000,1335855000,1928037000,494070000,1.128,2.38,5294882000,735474000,4559408000,5294882000,0,451151000,0,0.0,0.043,541885000,993036000,0.25,993036000,541885000,367038000,3.03,3.01,3.03,3794527000,3226934250,3794527000,20025218283,36,20.166,368048000,2.313,1.0,2047126000,0.515,7885699000,174847000,5255807000,4896683250,0,0,0,0,9032838000,3815590000,5217248000,15952437283,173076000,-562688000,-56457000,424795000,-6732000,352305000,-736025000,0,512388000,44408000,468425000,468425000,468425000,0,25645000,0.118,1488258000,558868000,1039607000,0.014,4.204,34.055,33.083,588348000,0,100.24,4.013,4.013,301887000,1597897000,3975163000,3975163000,0,0.041,0.145,0.111,0.136,39095000,1488258000,1.0,159142431,159142431,,24.979,5112370000,13146000,-101387000,436879000,32.124,487989000
