ticker,dimension,calendardate,datekey,reportperiod,lastupdated,accoci,assets,assetsavg,assetsc,assetsnc,assetturnover,bvps,capex,cashneq,cashnequsd,cor,consolinc,currentratio,de,debt,debtc,debtnc,debtusd,deferredrev,depamor,deposits,divyield,dps,ebit,ebitda,ebitdamargin,ebitdausd,ebitusd,ebt,eps,epsdil,epsusd,equity,equityavg,equityusd,ev,evebit,evebitda,fcf,fcfps,fxusd,gp,grossmargin,intangibles,intexp,invcap,invcapavg,inventory,investments,investmentsc,investmentsnc,liabilities,liabilitiesc,liabilitiesnc,marketcap,ncf,ncfbus,ncfcommon,ncfdebt,ncfdiv,ncff,ncfi,ncfinv,ncfo,ncfx,netinc,netinccmn,netinccmnusd,netincdis,netincnci,netmargin,opex,opinc,payables,payoutratio,pb,pe,pe1,ppnenet,prefdivis,price,ps,ps1,receivables,retearn,revenue,revenueusd,rnd,roa,roe,roic,ros,sbcomp,sgna,sharefactor,sharesbas,shareswa,shareswadil,sps,tangibles,taxassets,taxexp,taxliabilities,tbvps,workingcapital
GPS,MRY,2011-12-31,2012-01-28,2012-01-28,2017-11-22,229000000,7422000000,7728000000,4309000000,3113000000,1.883,5.622,-548000000,1885000000,1885000000,9275000000,833000000,2.025,1.694,1665000000,59000000,1606000000,1665000000,0,592000000,0,0.024,0.45,1443000000,2035000000,0.14,2035000000,1443000000,1369000000,1.57,1.56,1.57,2755000000,3077250000,2755000000,9509618117,6,4.673,815000000,1.541,1.0,5274000000,0.362,0,74000000,5074000000,5119250000,1615000000,0,0,0,4667000000,2128000000,2539000000,9243618117,324000000,0,-2030000000,1651000000,-236000000,-602000000,-454000000,100000000,1363000000,17000000,833000000,833000000,833000000,0,0,0.057,3836000000,1438000000,1066000000,0.287,3.355,11.097,12.057,2523000000,0,18.93,0.635,0.688,0,12364000000,14549000000,14549000000,0,0.108,0.271,0.282,0.099,55000000,3836000000,1.0,488305236,529000000,533000000,27.503,7422000000,0,536000000,5000000,15.147,2181000000
GPS,MRY,2012-12-31,2013-02-02,2013-02-02,2017-11-22,181000000,7470000000,7677500000,4132000000,3338000000,2.039,6.118,-659000000,1460000000,1460000000,9480000000,1135000000,1.763,1.581,1246000000,0,1246000000,1246000000,0,559000000,0,0.015,0.5,1948000000,2507000000,0.16,2507000000,1948000000,1861000000,2.35,2.33,2.35,2894000000,2992500000,2894000000,15334456035,7,6.117,1277000000,2.649,1.0,6171000000,0.394,0,87000000,4912000000,4997000000,1758000000,50000000,50000000,0,4576000000,2344000000,2232000000,15806456035,-425000000,-129000000,-856000000,-419000000,-240000000,-1481000000,-844000000,-50000000,1936000000,-36000000,1135000000,1135000000,1135000000,0,0,0.073,4229000000,1942000000,1144000000,0.213,5.462,13.926,14.03,2619000000,0,32.97,1.01,1.015,0,13259000000,15651000000,15651000000,0,0.148,0.379,0.39,0.124,112000000,4229000000,1.0,479419352,482000000,488000000,32.471,7470000000,0,726000000,108000000,15.793,1788000000
GPS,MRY,2013-12-31,2014-02-01,2014-02-01,2017-11-22,135000000,7849000000,7748500000,4430000000,3419000000,2.084,6.82,-670000000,1510000000,1510000000,9855000000,1280000000,1.812,1.563,1394000000,25000000,1369000000,1394000000,0,536000000,0,0.024,0.9,2154000000,2690000000,0.167,2690000000,2154000000,2093000000,2.78,2.74,2.78,3062000000,3159250000,3062000000,17347960422,8,6.449,1035000000,2.245,1.0,6293000000,0.39,0,61000000,5288000000,5158000000,1928000000,0,0,0,4787000000,2445000000,2342000000,17096960422,50000000,0,-837000000,144000000,-321000000,-1004000000,-624000000,50000000,1705000000,-27000000,1280000000,1280000000,1280000000,0,0,0.079,4144000000,2149000000,1242000000,0.324,5.584,13.357,13.698,2758000000,0,38.08,1.059,1.087,0,14218000000,16148000000,16148000000,0,0.165,0.405,0.418,0.133,110000000,4144000000,1.0,448974801,461000000,467000000,35.028,7849000000,0,813000000,36000000,17.481,1985000000
GPS,MRY,2014-12-31,2015-01-31,2015-01-31,2017-11-22,165000000,7690000000,7720500000,4317000000,3373000000,2.129,7.052,-593000000,1515000000,1515000000,10146000000,1262000000,1.932,1.578,1353000000,21000000,1332000000,1353000000,0,564000000,0,0.021,0.88,2088000000,2652000000,0.161,2652000000,2088000000,2013000000,2.9,2.87,2.9,2983000000,2955000000,2983000000,17873095728,8,6.739,1536000000,3.531,1.0,6289000000,0.383,0,75000000,5294000000,5412250000,1889000000,0,0,0,4707000000,2234000000,2473000000,17447095728,5000000,0,-1089000000,-21000000,-383000000,-1507000000,-596000000,0,2129000000,-21000000,1262000000,1262000000,1262000000,0,0,0.077,4206000000,2083000000,1173000000,0.303,5.849,13.825,14.203,2773000000,0,41.19,1.062,1.09,0,2797000000,16435000000,16435000000,0,0.163,0.427,0.386,0.127,99000000,4206000000,1.0,423576007,435000000,440000000,37.782,7690000000,0,751000000,20000000,18.18,2083000000
GPS,MRY,2015-12-31,2016-01-30,2016-01-30,2017-11-22,85000000,7473000000,7515250000,3985000000,3488000000,2.102,6.378,-726000000,1370000000,1370000000,10077000000,920000000,1.572,1.936,1731000000,421000000,1310000000,1731000000,0,592000000,0,0.037,0.92,1530000000,2122000000,0.134,2122000000,1530000000,1471000000,2.24,2.23,2.24,2545000000,2676000000,2545000000,10645020777,6,5.017,868000000,2.112,1.0,5720000000,0.362,0,59000000,5299000000,5473500000,1873000000,0,0,0,4928000000,2535000000,2393000000,9935020777,-145000000,0,-950000000,379000000,-377000000,-990000000,-730000000,0,1594000000,-19000000,920000000,920000000,920000000,0,0,0.058,4196000000,1524000000,1112000000,0.411,3.904,10.799,11.036,2850000000,0,24.72,0.629,0.643,0,2440000000,15797000000,15797000000,0,0.122,0.344,0.28,0.097,74000000,4196000000,1.0,401902135,411000000,413000000,38.436,7473000000,0,551000000,23000000,18.729,1450000000
GPS,MRY,2016-12-31,2017-01-28,2017-01-28,2017-11-22,54000000,7610000000,7715250000,4315000000,3295000000,2.011,7.224,-524000000,1783000000,1783000000,9876000000,676000000,1.759,1.621,1313000000,65000000,1248000000,1313000000,0,593000000,0,0.041,0.92,1199000000,1792000000,0.115,1792000000,1199000000,1124000000,1.69,1.69,1.69,2904000000,2677750000,2904000000,9228741266,7,5.15,1195000000,2.995,1.0,5640000000,0.363,0,75000000,4687000000,5100500000,1830000000,0,0,0,4706000000,2453000000,2253000000,9006741266,413000000,0,29000000,-421000000,-367000000,-777000000,-529000000,0,1719000000,0,676000000,676000000,676000000,0,0,0.044,4449000000,1191000000,1243000000,0.544,3.101,13.324,13.361,2616000000,0,22.58,0.58,0.581,0,2749000000,15516000000,15516000000,0,0.088,0.252,0.235,0.077,71000000,4449000000,1.0,398881367,399000000,400000000,38.887,7610000000,0,448000000,32000000,18.93,1862000000
