ticker,dimension,calendardate,datekey,reportperiod,lastupdated,accoci,assets,assetsavg,assetsc,assetsnc,assetturnover,bvps,capex,cashneq,cashnequsd,cor,consolinc,currentratio,de,debt,debtc,debtnc,debtusd,deferredrev,depamor,deposits,divyield,dps,ebit,ebitda,ebitdamargin,ebitdausd,ebitusd,ebt,eps,epsdil,epsusd,equity,equityavg,equityusd,ev,evebit,evebitda,fcf,fcfps,fxusd,gp,grossmargin,intangibles,intexp,invcap,invcapavg,inventory,investments,investmentsc,investmentsnc,liabilities,liabilitiesc,liabilitiesnc,marketcap,ncf,ncfbus,ncfcommon,ncfdebt,ncfdiv,ncff,ncfi,ncfinv,ncfo,ncfx,netinc,netinccmn,netinccmnusd,netincdis,netincnci,netmargin,opex,opinc,payables,payoutratio,pb,pe,pe1,ppnenet,prefdivis,price,ps,ps1,receivables,retearn,revenue,revenueusd,rnd,roa,roe,roic,ros,sbcomp,sgna,sharefactor,sharesbas,shareswa,shareswadil,sps,tangibles,taxassets,taxexp,taxliabilities,tbvps,workingcapital
GRMN,MRY,2011-12-31,2011-12-31,2011-12-31,2018-02-21,87193000,4471338000,4235546750,2574837000,1896501000,0.651,15.651,-34239000,1287931000,1287931000,1419977000,520896000,3.0,0.373,0,0,0,0,377119000,94535000,0,0.04,1.6,584161000,678696000,0.246,678696000,584161000,584161000,2.68,2.67,2.68,3256581000,3120174000,3256581000,6892757010,11,10.156,788095000,3.788,1.0,1338592000,0.485,246646000,0,2078482000,1896044250,397741000,1208155000,111153000,1097002000,1214757000,858279000,356478000,8283562010,26224000,-54190000,37000,0,-310763000,-307413000,-488198000,-393342000,822334000,-499000,520896000,520896000,520896000,0,0,0.189,784825000,553767000,164010000,0.597,2.544,15.903,14.854,417105000,0,39.81,3.003,3.003,607450000,1413582000,2758569000,2758569000,298584000,0.123,0.167,0.308,0.212,40212000,486241000,1.0,208077418,208077418,,13.257,4224692000,142307000,63265000,250421000,20.303,1716558000
GRMN,MRY,2012-12-31,2012-12-29,2012-12-29,2018-02-21,138554000,4819124000,4559355250,2536120000,2283004000,0.596,16.973,-37688000,1232016000,1232016000,1277195000,542403000,2.79,0.364,0,0,0,0,445422000,90467000,0,0.044,1.75,624528000,714995000,0.263,714995000,624528000,624528000,2.78,2.76,2.78,3531796000,3377408750,3531796000,7075193720,11,9.895,647057000,3.11,1.0,1438480000,0.53,232597000,0,2445485000,2231625250,389931000,1641395000,153083000,1488312000,1287328000,909026000,378302000,8323096720,-55980000,-7697000,4053000,0,-253386000,-249849000,-496228000,-443995000,684745000,5352000,542403000,542403000,542403000,0,0,0.2,834320000,604160000,131263000,0.629,2.357,15.345,14.388,409751000,0,40.0,3.065,3.065,603673000,1604625000,2715675000,2715675000,325773000,0.119,0.161,0.28,0.23,29274000,508547000,1.0,208077418,208077418,,13.051,4586527000,162705000,82125000,216584000,22.042,1627094000
GRMN,MRY,2013-12-31,2013-12-28,2013-12-28,2018-02-21,38041000,4879603000,4718107500,2595636000,2283967000,0.558,17.588,-55198000,1179398000,1179398000,1224551000,612412000,2.867,0.333,0,0,0,0,427920000,78804000,0,0.039,1.8,653558000,732362000,0.278,732362000,653558000,653558000,3.13,3.12,3.13,3659706000,3550473000,3659706000,8642021098,13,11.8,574886000,2.763,1.0,1407300000,0.535,219494000,0,2575407000,2546643250,382226000,1789347000,287241000,1502106000,1219897000,905304000,314593000,9710973098,-52031000,-5680000,-59715000,0,-351707000,-406838000,-274442000,-213029000,630084000,-835000,612412000,612412000,612412000,0,0,0.233,833268000,574032000,146582000,0.575,2.653,15.857,14.911,414848000,0,46.67,3.69,3.69,564586000,1865587000,2631851000,2631851000,364923000,0.13,0.172,0.257,0.248,22592000,468345000,1.0,208077418,208077418,,12.648,4660109000,158147000,41146000,181723000,22.396,1690332000
GRMN,MRY,2014-12-31,2014-12-27,2014-12-27,2018-02-21,2571000,4693303000,4710845750,2510976000,2182327000,0.609,16.356,-72591000,1196576000,1196576000,1266246000,364211000,2.43,0.379,0,0,0,0,338728000,77015000,0,0.035,1.89,723745000,800760000,0.279,800760000,723745000,723745000,1.89,1.88,1.89,3403367000,3468191500,3403367000,10041794862,13,12.54,450120000,2.163,1.0,1604412000,0.559,218083000,0,2245383000,2356907500,420475000,1575333000,167989000,1407344000,1289936000,1033261000,256675000,11196645862,17119000,-18871000,-239463000,0,-360075000,-599622000,131332000,227573000,522711000,-37302000,364211000,364211000,364211000,0,0,0.127,913786000,690626000,149094000,1.0,3.29,30.742,28.471,430887000,0,53.81,3.9,3.9,570191000,1859972000,2870658000,2870658000,395121000,0.077,0.105,0.307,0.252,24293000,518665000,1.0,208077418,208077418,,13.796,4475220000,123814000,359534000,320041000,21.507,1477715000
GRMN,MRY,2015-12-31,2015-12-26,2015-12-26,2018-02-21,-30428000,4499391000,4463637750,2211087000,2288304000,0.632,16.076,-72671000,833329000,833329000,1281566000,456227000,2.553,0.345,0,0,0,0,293713000,78360000,0,0.054,2.01,567187000,645547000,0.229,645547000,567187000,567187000,2.39,2.39,2.39,3345126000,3316486500,3345126000,6779536917,11,10.502,207796000,0.999,1.0,1538704000,0.546,245552000,0,2554512000,2383887000,500554000,1558548000,215161000,1343387000,1154265000,865998000,288267000,7694702917,-363198000,-38687000,-119926000,0,-378117000,-500092000,-111979000,3220000,280467000,-31594000,456227000,456227000,456227000,0,0,0.162,989123000,549581000,178905000,0.841,2.3,16.866,15.473,446089000,0,36.98,2.728,2.728,531481000,1930517000,2820270000,2820270000,427043000,0.102,0.138,0.238,0.201,26290000,562080000,1.0,208077418,208077418,,13.554,4253839000,116518000,110960000,179573000,20.444,1345089000
GRMN,MRY,2016-12-31,2016-12-31,2016-12-31,2018-02-21,-36761000,4525133000,4513736500,2263016000,2262117000,0.669,17.256,-90284000,846996000,846996000,1339095000,510814000,2.891,0.324,0,0,0,0,286971000,86340000,0,0.053,2.55,629670000,716010000,0.237,716010000,629670000,629670000,2.71,2.7,2.71,3418003000,3359078500,3418003000,8691949998,13,12.139,615398000,3.107,1.0,1679570000,0.556,305002000,0,2590400000,2506237500,484821000,1480237000,266952000,1213285000,1107130000,782735000,324395000,9604773998,13813000,-77945000,-81916000,0,-481452000,-561676000,-121537000,52261000,705682000,-8656000,510814000,510814000,510814000,0,0,0.169,1055661000,623909000,172404000,0.941,2.81,18.803,17.893,482878000,0,48.49,3.182,3.182,527062000,2056702000,3018665000,3018665000,467960000,0.113,0.152,0.251,0.209,41250000,587701000,1.0,198077418,198077418,,15.24,4220131000,110293000,118856000,198557000,21.305,1480281000
GRMN,MRY,2017-12-31,2017-12-30,2017-12-30,2018-02-21,56045000,5010260000,4798776000,2363925000,2646335000,0.643,19.197,-139335000,891759000,891759000,1303840000,694955000,2.853,0.318,0,0,0,0,303521000,86252000,0,0.043,2.55,682294000,768546000,0.249,768546000,682294000,682294000,3.7,3.68,3.7,3802466000,3657165000,3802466000,10908075790,15,14.193,521507000,2.633,1.0,1783164000,0.578,409801000,0,2880044000,2802026750,517644000,1421720000,161687000,1260033000,1207794000,828656000,379138000,11799471790,44605000,-90471000,-65436000,0,-382976000,-448412000,-194536000,47655000,660842000,26711000,694955000,694955000,694955000,0,0,0.225,1114304000,668860000,169640000,0.689,3.103,16.979,16.1,595684000,0,59.57,3.822,3.822,590882000,2368874000,3087004000,3087004000,511634000,0.145,0.19,0.244,0.221,44735000,602670000,1.0,198077418,198077418,,15.585,4600459000,199343000,-12661000,247148000,23.226,1535269000
