ticker,dimension,calendardate,datekey,reportperiod,lastupdated,accoci,assets,assetsavg,assetsc,assetsnc,assetturnover,bvps,capex,cashneq,cashnequsd,cor,consolinc,currentratio,de,debt,debtc,debtnc,debtusd,deferredrev,depamor,deposits,divyield,dps,ebit,ebitda,ebitdamargin,ebitdausd,ebitusd,ebt,eps,epsdil,epsusd,equity,equityavg,equityusd,ev,evebit,evebitda,fcf,fcfps,fxusd,gp,grossmargin,intangibles,intexp,invcap,invcapavg,inventory,investments,investmentsc,investmentsnc,liabilities,liabilitiesc,liabilitiesnc,marketcap,ncf,ncfbus,ncfcommon,ncfdebt,ncfdiv,ncff,ncfi,ncfinv,ncfo,ncfx,netinc,netinccmn,netinccmnusd,netincdis,netincnci,netmargin,opex,opinc,payables,payoutratio,pb,pe,pe1,ppnenet,prefdivis,price,ps,ps1,receivables,retearn,revenue,revenueusd,rnd,roa,roe,roic,ros,sbcomp,sgna,sharefactor,sharesbas,shareswa,shareswadil,sps,tangibles,taxassets,taxexp,taxliabilities,tbvps,workingcapital
HOLX,MRY,2011-12-31,2011-09-24,2011-09-24,2018-02-08,1995000,6008780000,5861956250,1342900000,4665880000,0.305,11.203,-55663000,712869000,712869000,866168000,157150000,2.636,1.046,1488580000,0,1488580000,1488580000,120656000,304736000,0,0.0,0.0,342232000,646968000,0.362,646968000,342232000,227386000,0.6,0.59,0.6,2936895000,2864160000,2936895000,4945437822,14,7.644,400361000,1.533,1.0,923181000,0.516,4381137000,114846000,1893904000,1898284500,230544000,0,0,0,3071885000,509450000,2562435000,4089338822,196707000,-216137000,25404000,-6689000,0,7674000,-266587000,-99000,456024000,-404000,157150000,157150000,157150000,0,0,0.088,556752000,366429000,63467000,0.0,1.392,26.022,26.0,238666000,0,15.6,2.285,2.276,318712000,-2369920000,1789349000,1789349000,116696000,0.027,0.055,0.18,0.191,31820000,446293000,1.0,262137104,261099000,264305000,6.853,1627643000,49705000,70236000,957426000,6.208,833450000
HOLX,MRY,2012-12-31,2012-09-29,2012-09-29,2018-02-08,6790000,10477108000,7149560500,1563014000,8914094000,0.28,11.176,-78700000,566126000,566126000,806300000,-73600000,2.363,2.538,5035614000,64435000,4971179000,5035614000,129688000,345800000,0,0.0,0.0,78600000,424400000,0.212,424400000,78600000,-61700000,-0.28,-0.28,-0.28,2961031000,2977138250,2961031000,5988669563,76,14.111,291500000,1.104,1.0,1196300000,0.597,8244029000,140300000,6041218000,2928538250,367191000,0,0,0,7516077000,661349000,6854728000,5352129563,-151900000,-3772200000,28600000,3394900000,0,3328100000,-3850800000,-300000,370200000,600000,-73600000,-73600000,-73600000,0,0,-0.037,1044100000,152200000,87223000,0.0,1.808,-72.719,-72.214,507998000,0,20.22,2.673,2.666,409333000,-2443554000,2002600000,2002600000,131000000,-0.01,-0.025,0.027,0.039,34400000,542800000,1.0,264694835,264041000,264041000,7.584,2233079000,81560000,11900000,1771585000,8.429,901665000
HOLX,MRY,2013-12-31,2013-09-28,2013-09-28,2018-02-08,20400000,9000800000,10027941000,1624200000,7376600000,0.249,7.168,-90100000,829400000,829400000,1021300000,-1172800000,1.492,3.636,4805900000,563800000,4242100000,4805900000,132300000,516000000,0,0.0,0.0,-911800000,-395800000,-0.159,-395800000,-911800000,-1192900000,-4.36,-4.36,-4.36,1941500000,2728268500,1941500000,9695216890,-10,-24.495,403700000,1.502,1.0,1471000000,0.59,6721200000,281100000,5167700000,5242055750,289400000,0,0,0,7059300000,1088400000,5970900000,5654931890,262100000,62000000,75100000,-274400000,0,-248800000,18800000,-1600000,493800000,-1700000,-1172800000,-1172800000,-1172800000,0,0,-0.471,2365900000,-894900000,80500000,0.0,2.913,-4.822,-4.796,491500000,0,20.91,2.269,2.254,409300000,-3616400000,2492300000,2492300000,197600000,-0.117,-0.43,-0.174,-0.366,44900000,569800000,1.0,270441506,268704000,268704000,9.275,2279600000,44700000,-20100000,1575100000,8.416,535800000
HOLX,MRY,2014-12-31,2014-09-27,2014-09-27,2018-02-08,2600000,8414700000,8418350750,1565800000,6848900000,0.301,7.425,-80200000,741600000,741600000,944000000,17300000,2.527,3.079,4267700000,114500000,4153200000,4267700000,171000000,523200000,0,0.0,0.0,268700000,791900000,0.313,791900000,268700000,48100000,0.06,0.06,0.06,2063000000,2006233500,2063000000,10398325951,38,13.131,428200000,1.554,1.0,1586700000,0.627,6244400000,220600000,5076800000,5090857000,330600000,0,0,0,6351700000,619600000,5732100000,6766225950,-86400000,10100000,81400000,-597400000,0,-525100000,-67000000,-7300000,508400000,-2700000,17300000,17300000,17300000,0,0,0.007,1307000000,279700000,92100000,0.0,3.28,391.111,406.0,461900000,0,24.36,2.674,2.652,396000000,-3600600000,2530700000,2530700000,203200000,0.002,0.009,0.053,0.106,44300000,591500000,1.0,277759686,275499000,278360000,9.186,2170300000,61800000,30800000,1375400000,7.811,946200000
HOLX,MRY,2015-12-31,2015-09-26,2015-09-26,2018-02-08,-14500000,7642500000,7970725000,1265800000,6376700000,0.339,7.371,-89400000,492700000,492700000,972600000,131600000,1.342,2.676,3612200000,391200000,3221000000,3612200000,182700000,491400000,0,0.0,0.0,382700000,874100000,0.323,874100000,382700000,177200000,0.47,0.45,0.47,2079200000,2146825000,2079200000,14325603400,37,16.389,707400000,2.521,1.0,1732400000,0.64,5831400000,205500000,3987200000,4249750000,283100000,0,0,0,5563300000,943400000,4619900000,11272103400,-244800000,0,70000000,-991300000,0,-947400000,-86100000,10000000,796800000,-8100000,131600000,131600000,131600000,0,0,0.049,1277300000,455100000,117000000,0.0,5.421,85.654,85.106,457100000,0,40.0,4.167,4.149,416100000,-3469000000,2705000000,2705000000,214900000,0.017,0.061,0.09,0.141,59300000,624000000,1.0,281802585,280566000,289537000,9.641,1811100000,40700000,45600000,1178400000,6.421,322400000
HOLX,MRY,2016-12-31,2016-09-24,2016-09-24,2018-02-08,-32300000,7317000000,7397375000,1326600000,5990400000,0.383,7.72,-98500000,548400000,548400000,976000000,330800000,1.471,2.415,3345400000,296000000,3049400000,3345400000,177300000,465400000,0,0.0,0.0,570600000,1036000000,0.366,1036000000,570600000,415300000,1.18,1.16,1.18,2142700000,2099025000,2142700000,13647608813,23,13.173,699700000,2.497,1.0,1856700000,0.655,5446500000,155300000,3765600000,3875925000,274700000,0,0,0,5174300000,901900000,4272400000,10666908813,57100000,0,-211500000,-442800000,0,-670700000,-68400000,36300000,798200000,-2000000,330800000,330800000,330800000,0,0,0.117,1308100000,548600000,156900000,0.0,4.978,32.246,32.585,460200000,0,38.45,3.766,3.804,447000000,-3138200000,2832700000,2832700000,232100000,0.045,0.158,0.147,0.201,65400000,682400000,1.0,277422856,280213000,286156000,10.109,1870500000,16900000,84500000,982600000,6.739,424700000
HOLX,MRY,2017-12-31,2017-09-30,2017-09-30,2018-02-08,-16200000,7979600000,8035500000,1478600000,6501000000,0.381,9.962,-107600000,540600000,540600000,1140700000,755500000,0.793,1.866,3347200000,1152400000,2194800000,3347200000,192000000,449200000,0,0.0,0.0,1383700000,1832900000,0.599,1832900000,1383700000,1230500000,2.7,2.64,2.7,2784700000,2669000000,2784700000,12947871577,9,7.064,-99300000,-0.355,1.0,1918100000,0.627,5943500000,153200000,2977200000,3152125000,331600000,0,0,0,5194900000,1865500000,3329400000,10290571577,-7800000,306900000,-151100000,-136500000,0,-309200000,285800000,87100000,8300000,7300000,755500000,755500000,755500000,0,0,0.247,1447600000,470500000,166600000,0.0,3.695,13.621,13.589,472800000,0,36.69,3.364,3.356,533500000,-2382700000,3058800000,3058800000,232800000,0.094,0.283,0.439,0.452,68200000,841900000,1.0,280473469,279811000,285653000,10.932,2036100000,22400000,475000000,973600000,7.284,-386900000
