ticker,dimension,calendardate,datekey,reportperiod,lastupdated,accoci,assets,assetsavg,assetsc,assetsnc,assetturnover,bvps,capex,cashneq,cashnequsd,cor,consolinc,currentratio,de,debt,debtc,debtnc,debtusd,deferredrev,depamor,deposits,divyield,dps,ebit,ebitda,ebitdamargin,ebitdausd,ebitusd,ebt,eps,epsdil,epsusd,equity,equityavg,equityusd,ev,evebit,evebitda,fcf,fcfps,fxusd,gp,grossmargin,intangibles,intexp,invcap,invcapavg,inventory,investments,investmentsc,investmentsnc,liabilities,liabilitiesc,liabilitiesnc,marketcap,ncf,ncfbus,ncfcommon,ncfdebt,ncfdiv,ncff,ncfi,ncfinv,ncfo,ncfx,netinc,netinccmn,netinccmnusd,netincdis,netincnci,netmargin,opex,opinc,payables,payoutratio,pb,pe,pe1,ppnenet,prefdivis,price,ps,ps1,receivables,retearn,revenue,revenueusd,rnd,roa,roe,roic,ros,sbcomp,sgna,sharefactor,sharesbas,shareswa,shareswadil,sps,tangibles,taxassets,taxexp,taxliabilities,tbvps,workingcapital
HP,MRY,2011-12-31,2011-09-30,2011-09-30,2018-02-02,98908000,5003891000,4776564500,956313000,4047578000,0.533,30.541,-694264000,364246000,364246000,1432602000,434186000,2.295,0.53,350000000,115000000,235000000,350000000,0,315468000,0,0.006,0.25,703935000,1019403000,0.401,1019403000,703935000,686580000,4.06,3.99,4.06,3270047000,3145155250,3270047000,4409599154,6,4.326,283288000,2.656,1.0,1111292000,0.437,0,17355000,4572916000,4583308000,54407000,347924000,0,347924000,1733844000,416729000,1317115000,4347664154,301226000,-4000000,0,-10000000,-26741000,-8789000,-667537000,3932000,977552000,0,434186000,434186000,434186000,482000,0,0.171,408781000,702511000,103852000,0.062,1.33,10.013,10.0,3677070000,0,40.6,1.709,1.702,460540000,2954210000,2543894000,2543894000,15764000,0.091,0.138,0.154,0.277,12101000,91452000,1.0,107085324,106643000,108632000,23.854,5003891000,19855000,252394000,975280000,46.735,539584000
HP,MRY,2012-12-31,2012-09-30,2012-09-30,2018-02-02,166807000,5721085000,5484586250,895228000,4825857000,0.575,36.286,-1097680000,96095000,96095000,1750510000,581045000,2.349,0.492,235000000,40000000,195000000,235000000,0,387549000,0,0.006,0.28,918588000,1306137000,0.414,1306137000,918588000,909935000,5.42,5.34,5.42,3834998000,3629373000,3834998000,5233163113,5,4.007,-97348000,-0.911,1.0,1401292000,0.445,0,8653000,5478826000,5174203500,78777000,451144000,0,451144000,1886087000,381164000,1504923000,5032029113,-268151000,0,-77610000,-115000000,-30049000,-218197000,-1050286000,0,1000332000,0,581045000,581045000,581045000,-7436000,0,0.184,491693000,909599000,159420000,0.052,1.312,8.66,8.784,4351571000,0,47.61,1.597,1.614,620489000,3505295000,3151802000,3151802000,16060000,0.106,0.16,0.178,0.291,18078000,107307000,1.0,105692693,106819000,108377000,29.506,5721085000,17555000,328890000,1209040000,54.132,514064000
HP,MRY,2013-12-31,2013-09-30,2013-09-30,2018-02-02,132530000,6264827000,6102294500,1258211000,5006616000,0.555,41.715,-809066000,447868000,447868000,1852768000,736639000,2.782,0.41,195000000,115000000,80000000,195000000,0,455623000,0,0.013,0.87,1135127000,1590750000,0.47,1590750000,1135127000,1128998000,6.89,6.79,6.89,4443727000,4225944500,4443727000,7096904281,6,4.461,188119000,1.77,1.0,1534846000,0.453,0,6129000,5559686000,5587448500,88866000,316154000,0,316154000,1821100000,452273000,1368827000,7342384281,351773000,0,0,-40000000,-93053000,-111593000,-533819000,232221000,997185000,0,736639000,736639000,736639000,-15186000,0,0.217,578185000,956661000,144379000,0.126,1.652,9.967,10.007,4676103000,0,68.95,2.167,2.163,621420000,4102663000,3387614000,3387614000,15235000,0.121,0.174,0.203,0.335,23271000,126250000,1.0,106488532,106286000,107879000,31.873,6264827000,16414000,392359000,1222981000,58.81,805938000
HP,MRY,2014-12-31,2014-09-30,2014-09-30,2018-02-02,83126000,6720998000,6578237000,1277001000,5443997000,0.565,45.191,-951536000,360909000,360909000,2006715000,706563000,2.518,0.374,79137000,39635000,39502000,79137000,0,523984000,0,0.025,2.438,1102073000,1626057000,0.438,1626057000,1102073000,1097416000,6.52,6.44,6.52,4890977000,4741687250,4890977000,10237239583,9,6.296,177546000,1.647,1.0,1709253000,0.46,0,4657000,5932065000,5743339500,106241000,236644000,0,236644000,1830021000,507161000,1322860000,10592167583,-75642000,0,0,-115000000,-264386000,-332569000,-872155000,49205000,1129082000,0,706563000,706563000,706563000,47000,0,0.19,656079000,1053174000,182031000,0.374,2.166,14.991,15.011,5188544000,0,97.87,2.85,2.839,705214000,4525797000,3715968000,3715968000,15905000,0.107,0.149,0.192,0.297,26703000,135273000,1.0,108226909,107800000,109141000,34.471,6720998000,16519000,390853000,1215259000,62.1,769840000
HP,MRY,2015-12-31,2015-09-30,2015-09-30,2018-02-02,-1377000,7147242000,7157182000,1439194000,5708048000,0.442,45.442,-1131445000,729384000,729384000,1703476000,420427000,4.133,0.46,531537000,39094000,492443000,531537000,0,608039000,0,0.058,2.752,676778000,1284817000,0.406,1284817000,676778000,661755000,3.88,3.85,3.88,4895846000,4960238250,4895846000,4892962133,7,3.808,297129000,2.757,1.0,1458226000,0.461,0,15023000,6601198000,6595140250,128541000,149897000,45543000,104354000,2251396000,348197000,1903199000,5092335133,369077000,0,-59654000,451651000,-298367000,94912000,-1154409000,-45607000,1428574000,0,420427000,420427000,420427000,47000,0,0.133,786263000,671963000,108169000,0.709,1.04,12.112,12.18,5563170000,0,47.26,1.611,1.611,445948000,4648346000,3161702000,3161702000,16104000,0.059,0.085,0.103,0.214,25195000,134712000,1.0,107751484,107754000,108570000,29.342,7147242000,17206000,241328000,1295916000,66.338,1090997000
HP,MRY,2016-12-31,2016-09-30,2016-09-30,2018-02-02,-204000,6832019000,6990979250,1572686000,5259333000,0.232,42.202,-257169000,905561000,905561000,898805000,-56828000,4.764,0.498,491847000,0,491847000,491847000,0,598587000,0,0.041,2.763,-47394000,551193000,0.339,551193000,-47394000,-70307000,-0.54,-0.54,-0.54,4560925000,4718695000,4560925000,6898203289,-145,12.515,496428000,4.597,1.0,725427000,0.447,5637000,22913000,6082548000,6262662750,124325000,129103000,44148000,84955000,2271094000,330120000,1940974000,7272851289,176177000,0,0,-41111000,-300152000,-343201000,-234219000,1105000,753597000,0,-56828000,-56828000,-56828000,3838000,0,-0.035,751393000,-25966000,95422000,-5.117,1.595,-127.98,-124.63,5144733000,0,67.3,4.478,4.475,375169000,4289807000,1624232000,1624232000,10269000,-0.008,-0.012,-0.008,-0.029,24383000,146183000,1.0,108066141,107996000,107996000,15.04,6826382000,0,-13479000,1342456000,63.164,1242566000
HP,MRY,2017-12-31,2017-09-30,2017-09-30,2018-02-02,2300000,6439988000,6542425000,1235267000,5204721000,0.276,38.352,-397567000,521375000,521375000,1249317000,-128212000,3.587,0.546,492902000,0,492902000,492902000,0,585543000,0,0.054,2.8,-161566000,423977000,0.235,423977000,-161566000,-181313000,-1.2,-1.2,-1.2,4164591000,4309451000,4164591000,5578034414,-34,13.156,-40350000,-0.372,1.0,555424000,0.308,102490000,19747000,5964640000,6001384000,137204000,128517000,44491000,84026000,2275397000,344385000,1931012000,5658184414,-384186000,-70416000,0,0,-305515000,-296415000,-444988000,-417000,357217000,0,-128212000,-128212000,-128212000,349000,0,-0.071,727965000,-172541000,135628000,-2.333,1.359,-44.131,-43.425,5001051000,0,52.11,3.135,3.133,477074000,3855686000,1804741000,1804741000,12047000,-0.02,-0.03,-0.027,-0.09,26183000,151002000,1.0,108581547,108500000,108500000,16.634,6337498000,0,-53101000,1332689000,58.362,890882000
