ticker,dimension,calendardate,datekey,reportperiod,lastupdated,accoci,assets,assetsavg,assetsc,assetsnc,assetturnover,bvps,capex,cashneq,cashnequsd,cor,consolinc,currentratio,de,debt,debtc,debtnc,debtusd,deferredrev,depamor,deposits,divyield,dps,ebit,ebitda,ebitdamargin,ebitdausd,ebitusd,ebt,eps,epsdil,epsusd,equity,equityavg,equityusd,ev,evebit,evebitda,fcf,fcfps,fxusd,gp,grossmargin,intangibles,intexp,invcap,invcapavg,inventory,investments,investmentsc,investmentsnc,liabilities,liabilitiesc,liabilitiesnc,marketcap,ncf,ncfbus,ncfcommon,ncfdebt,ncfdiv,ncff,ncfi,ncfinv,ncfo,ncfx,netinc,netinccmn,netinccmnusd,netincdis,netincnci,netmargin,opex,opinc,payables,payoutratio,pb,pe,pe1,ppnenet,prefdivis,price,ps,ps1,receivables,retearn,revenue,revenueusd,rnd,roa,roe,roic,ros,sbcomp,sgna,sharefactor,sharesbas,shareswa,shareswadil,sps,tangibles,taxassets,taxexp,taxliabilities,tbvps,workingcapital
HPQ,MRY,2011-12-31,2011-10-31,2011-10-31,2018-03-01,-3498000000,129517000000,124873500000,51021000000,78496000000,1.019,19.419,-3540000000,8043000000,8043000000,97418000000,7074000000,1.011,2.343,30634000000,8083000000,22551000000,30634000000,7449000000,4984000000,0,0.015,0.4,9677000000,14661000000,0.115,14661000000,9677000000,8982000000,3.38,3.32,3.38,38625000000,40019250000,38625000000,65616196819,6,4.476,9099000000,4.345,1.0,29827000000,0.234,55449000000,695000000,46217000000,42097000000,7490000000,0,0,0,90513000000,50442000000,40071000000,52873196819,-2886000000,-10391000000,-9221000000,8336000000,-844000000,-1566000000,-13959000000,-28000000,12639000000,0,7074000000,7074000000,7074000000,0,0,0.056,20150000000,9677000000,14750000000,0.118,1.369,7.474,7.873,12292000000,0,26.61,0.416,0.438,32141000000,35266000000,127245000000,127245000000,3254000000,0.057,0.177,0.23,0.076,522000000,13577000000,1.0,1986967186,2094000000,2128000000,60.766,74068000000,0,1908000000,1048000000,37.239,579000000
HPQ,MRY,2012-12-31,2012-10-31,2012-10-31,2018-03-01,-5559000000,108768000000,120152250000,50637000000,58131000000,1.002,11.418,-3089000000,11301000000,11301000000,92385000000,-12650000000,1.085,3.83,28436000000,6647000000,21789000000,28436000000,7494000000,5095000000,0,0.036,0.504,-11057000000,-5962000000,-0.05,-5962000000,-11057000000,-11933000000,-6.41,-6.41,-6.41,22436000000,33621750000,22436000000,47466333090,-4,-7.961,7482000000,3.79,1.0,27972000000,0.232,35584000000,876000000,43653000000,48521500000,6317000000,0,0,0,85935000000,46666000000,39269000000,27231333090,3258000000,-54000000,-903000000,-1954000000,-1015000000,-3860000000,-3453000000,-310000000,10571000000,0,-12650000000,-12650000000,-12650000000,0,0,-0.105,39029000000,-11057000000,13350000000,-0.079,1.214,-2.153,-2.161,11954000000,0,13.85,0.226,0.227,30252000000,21521000000,120357000000,120357000000,3399000000,-0.105,-0.376,-0.228,-0.092,623000000,13500000000,1.0,1966161234,1974000000,1974000000,60.971,73184000000,0,717000000,846000000,37.244,3971000000
HPQ,MRY,2013-12-31,2013-10-31,2013-10-31,2018-03-01,-3778000000,105676000000,106107750000,50364000000,55312000000,1.058,14.21,-2546000000,12163000000,12163000000,86380000000,5113000000,1.106,2.861,22587000000,5979000000,16608000000,22587000000,6477000000,4611000000,0,0.023,0.554,7131000000,11742000000,0.105,11742000000,7131000000,6510000000,2.64,2.62,2.64,27269000000,24575000000,27269000000,58331845689,8,4.968,9062000000,4.686,1.0,25918000000,0.231,34293000000,621000000,36286000000,38963500000,6046000000,0,0,0,78020000000,45521000000,32499000000,46834845689,862000000,-167000000,-1244000000,-5596000000,-1105000000,-7943000000,-2803000000,-90000000,11608000000,0,5113000000,5113000000,5113000000,0,0,0.046,18787000000,7131000000,14019000000,0.21,1.718,9.16,9.231,11463000000,0,24.37,0.417,0.42,28576000000,25563000000,112298000000,112298000000,3135000000,0.048,0.208,0.183,0.064,498000000,13267000000,1.0,1921823787,1934000000,1950000000,58.065,71383000000,0,1397000000,1203000000,37.198,4843000000
HPQ,MRY,2014-12-31,2014-10-31,2014-10-31,2018-03-01,-5881000000,103206000000,103843250000,50145000000,53061000000,0.546,14.364,-3010000000,15133000000,15133000000,45431000000,5013000000,1.147,2.846,19525000000,3486000000,16039000000,19525000000,6143000000,4334000000,0,0.017,0.61,6345000000,10679000000,0.189,10679000000,6345000000,5952000000,2.66,2.62,2.66,26731000000,27794750000,26731000000,72320958589,11,6.772,9323000000,4.954,1.0,11220000000,0.198,33267000000,393000000,30596000000,33389250000,6415000000,0,0,0,76079000000,43735000000,32344000000,66961958589,2970000000,-43000000,-2431000000,-3014000000,-1184000000,-6571000000,-2792000000,261000000,12333000000,0,5013000000,5013000000,5013000000,-2089000000,0,0.088,6964000000,4256000000,15903000000,0.229,2.505,13.358,13.489,11340000000,0,35.88,1.182,1.192,25232000000,29164000000,56651000000,56651000000,1298000000,0.048,0.18,0.19,0.112,502000000,5361000000,1.0,1866275323,1882000000,1912000000,30.101,69939000000,0,939000000,1017000000,37.581,6410000000
HPQ,MRY,2015-12-31,2015-10-31,2015-10-31,2018-03-01,-6302000000,106882000000,104043000000,51787000000,55095000000,0.495,15.384,-3179000000,7584000000,7584000000,41524000000,4554000000,1.227,2.835,8871000000,2194000000,6677000000,8871000000,1051000000,4061000000,0,0.025,0.672,4756000000,8817000000,0.171,8817000000,4756000000,4368000000,2.51,2.48,2.51,27768000000,27019500000,27768000000,56811140392,11,6.443,3847000000,2.121,1.0,9939000000,0.193,5680000000,388000000,60298000000,38592000000,4288000000,0,0,0,78731000000,42191000000,36540000000,48480140392,2300000000,-2398000000,-2903000000,4965000000,-1250000000,808000000,-5534000000,43000000,7026000000,0,4554000000,4554000000,4554000000,-836000000,0,0.088,6019000000,3920000000,10194000000,0.268,1.746,10.646,10.741,1492000000,0,26.96,0.942,0.95,4825000000,32089000000,51463000000,51463000000,1191000000,0.044,0.169,0.123,0.092,709000000,4719000000,1.0,1798224792,1814000000,1836000000,28.37,101202000000,0,-186000000,243000000,56.068,9596000000
HPQ,MRY,2016-12-31,2016-10-31,2016-10-31,2018-03-01,-1438000000,28987000000,26812750000,18468000000,10519000000,1.799,-2.268,-427000000,6288000000,6288000000,39240000000,2496000000,0.982,-8.454,6813000000,78000000,6735000000,6813000000,919000000,332000000,0,1.182,17.121,3379000000,3711000000,0.077,3711000000,3379000000,3591000000,1.44,1.43,1.44,-3889000000,-4377500000,-3889000000,25989588632,7,7.003,2825000000,1.633,1.0,8998000000,0.187,5622000000,-212000000,5082000000,5254500000,4484000000,0,0,0,32876000000,18808000000,14068000000,24790588632,-11145000000,468000000,-1129000000,-2087000000,-858000000,-14445000000,48000000,7000000,3252000000,0,2496000000,2496000000,2496000000,170000000,0,0.052,5449000000,3549000000,11103000000,11.89,-6.375,9.932,10.063,1736000000,0,14.49,0.514,0.52,4114000000,-3498000000,48238000000,48238000000,1209000000,0.093,-0.57,0.643,0.07,182000000,3833000000,1.0,1710875682,1730000000,1743000000,27.883,23365000000,0,1095000000,231000000,13.624,-340000000
HPQ,MRY,2017-12-31,2017-10-31,2017-10-31,2018-03-01,-1418000000,32913000000,30431250000,22318000000,10595000000,1.711,-2.041,-333000000,6997000000,6997000000,42478000000,2526000000,0.996,-10.658,7819000000,1072000000,6747000000,7819000000,1012000000,354000000,0,0.025,0.532,3519000000,3873000000,0.074,3873000000,3519000000,3276000000,1.5,1.48,1.5,-3408000000,-4007250000,-3408000000,36832981695,10,9.51,3344000000,1.981,1.0,9578000000,0.184,5622000000,243000000,5701000000,5072250000,5786000000,0,0,0,36321000000,22412000000,13909000000,35993981695,709000000,0,-1355000000,1007000000,-894000000,-1251000000,-1717000000,-1384000000,3677000000,0,2526000000,2526000000,2526000000,0,0,0.049,6059000000,3519000000,13279000000,0.355,-10.562,14.249,14.367,1878000000,0,21.55,0.691,0.699,4414000000,-2386000000,52056000000,52056000000,1190000000,0.083,-0.63,0.694,0.068,224000000,4376000000,1.0,1670254371,1688000000,1702000000,30.839,27291000000,0,750000000,214000000,16.342,-94000000
