ticker,dimension,calendardate,datekey,reportperiod,lastupdated,accoci,assets,assetsavg,assetsc,assetsnc,assetturnover,bvps,capex,cashneq,cashnequsd,cor,consolinc,currentratio,de,debt,debtc,debtnc,debtusd,deferredrev,depamor,deposits,divyield,dps,ebit,ebitda,ebitdamargin,ebitdausd,ebitusd,ebt,eps,epsdil,epsusd,equity,equityavg,equityusd,ev,evebit,evebitda,fcf,fcfps,fxusd,gp,grossmargin,intangibles,intexp,invcap,invcapavg,inventory,investments,investmentsc,investmentsnc,liabilities,liabilitiesc,liabilitiesnc,marketcap,ncf,ncfbus,ncfcommon,ncfdebt,ncfdiv,ncff,ncfi,ncfinv,ncfo,ncfx,netinc,netinccmn,netinccmnusd,netincdis,netincnci,netmargin,opex,opinc,payables,payoutratio,pb,pe,pe1,ppnenet,prefdivis,price,ps,ps1,receivables,retearn,revenue,revenueusd,rnd,roa,roe,roic,ros,sbcomp,sgna,sharefactor,sharesbas,shareswa,shareswadil,sps,tangibles,taxassets,taxexp,taxliabilities,tbvps,workingcapital
HRB,MRY,2011-12-31,2011-04-30,2011-04-30,2017-12-07,11233000,5289453000,4956033500,3048087000,2241366000,0.594,4.749,-62959000,1726227000,1726227000,1776782000,406110000,1.304,2.649,1065084000,25557000,1039527000,1065084000,0,121633000,852220000,0.035,0.6,641266000,762899000,0.259,762899000,641266000,641266000,1.31,1.31,1.31,1449574000,1045552250,1449574000,5536480459,8,7.257,449544000,1.473,1.0,1168198000,0.397,709493000,0,1580837000,1372067750,0,648844000,0,648844000,3839879000,2337980000,1501899000,5277776459,-126201000,16912000,-283110000,-50000000,-186802000,-534391000,-110157000,-98459000,512503000,5844000,406110000,406110000,406110000,-13563000,0,0.138,551859000,616339000,0,0.458,3.641,12.996,13.198,255298000,0,17.29,1.792,1.792,230172000,2658103000,2944980000,2944980000,0,0.082,0.388,0.467,0.218,14500000,529159000,1.0,305250229,305250229,,9.648,4579960000,0,235156000,458911000,15.004,710107000
HRB,MRY,2012-12-31,2012-04-30,2012-04-30,2017-12-07,12145000,4649567000,4446730250,2500994000,2148573000,0.651,4.517,-82457000,1992434000,1992434000,1701695000,265932000,0.99,2.507,1040549000,631434000,409115000,1040549000,0,103576000,827549000,0.048,0.7,496034000,599610000,0.207,599610000,496034000,496034000,0.89,0.89,0.89,1325892000,1057260000,1325892000,4358418669,8,7.269,279592000,0.952,1.0,1192076000,0.412,704230000,0,467024000,1256830000,0,777516000,0,777516000,3323675000,2526428000,797247000,4315386669,266490000,545241000,-168317000,-25000000,-208801000,-445062000,351867000,-130304000,362049000,-2364000,265932000,265932000,265932000,80036000,0,0.092,625784000,566292000,0,0.787,3.255,16.227,16.517,240772000,0,14.7,1.491,1.491,193858000,2523997000,2893771000,2893771000,0,0.06,0.252,0.395,0.171,14968000,618375000,1.0,293563719,293563719,,9.857,3945337000,0,230102000,336374000,13.439,-25434000
HRB,MRY,2013-12-31,2013-04-30,2013-04-30,2017-12-07,10550000,4537779000,3990320500,2462343000,2075436000,0.728,4.64,-113239000,1865421000,1865421000,1530491000,433948000,1.224,2.591,906680000,722000,905958000,906680000,0,92407000,936464000,0.029,0.8,745098000,837505000,0.288,837505000,745098000,670801000,1.59,1.58,1.59,1263547000,859260250,1263547000,8429482997,11,10.065,383869000,1.41,1.0,1375452000,0.473,719221000,74297000,847612000,1318061750,0,825665000,0,825665000,3274232000,2012205000,1262027000,7554133997,-196750000,-20742000,-315274000,-139436000,-217201000,-584541000,-110937000,-52097000,497108000,1620000,433948000,433948000,433948000,31210000,0,0.149,604469000,770983000,0,0.503,5.979,17.408,17.447,267880000,0,27.74,2.6,2.6,206835000,1333445000,2905943000,2905943000,0,0.109,0.505,0.565,0.256,15293000,604469000,1.0,272319178,272319178,,10.671,3818558000,0,236853000,416128000,14.022,450138000
HRB,MRY,2014-12-31,2014-04-30,2014-04-30,2017-12-07,5177000,4693529000,3811554250,3114006000,1579523000,0.793,5.676,-147011000,2300626000,2300626000,1572377000,475157000,1.346,2.015,906474000,400637000,505837000,906474000,507080000,115604000,769785000,0.028,0.8,797455000,913059000,0.302,913059000,797455000,742176000,1.73,1.72,1.73,1556549000,1075899500,1556549000,8412513076,10,9.214,662570000,2.416,1.0,1451918000,0.48,791739000,55279000,194522000,964772500,0,691923000,423495000,268428000,3136980000,2313116000,823864000,7793259076,437723000,-68428000,22140000,0,-218980000,-364930000,10690000,196732000,809581000,-17618000,475157000,475157000,475157000,24940000,0,0.157,633428000,818490000,222489000,0.462,5.007,16.401,16.428,304911000,0,28.42,2.577,2.577,191618000,1589297000,3024295000,3024295000,0,0.125,0.442,0.827,0.264,20058000,633428000,1.0,274217420,274217420,,11.029,3901790000,182574000,267019000,564120000,14.229,800890000
HRB,MRY,2015-12-31,2015-04-30,2015-04-30,2017-12-07,1740000,4515420000,3969117500,2951301000,1564119000,0.776,6.659,-123158000,2099162000,2099162000,1630490000,473663000,1.571,1.463,506088000,790000,505298000,506088000,478806000,159804000,744241000,0.026,0.8,774970000,934774000,0.304,934774000,774970000,729724000,1.72,1.71,1.72,1832949000,1403802500,1832949000,8049011965,10,8.611,503450000,1.829,1.0,1448168000,0.47,873973000,45246000,170084000,665757500,0,678963000,439625000,239338000,2682471000,1878289000,804182000,8323503965,-178117000,-113252000,6073000,-400000000,-219960000,-645807000,-148932000,74328000,626608000,-9986000,473663000,473663000,473663000,13081000,0,0.154,653502000,794666000,231322000,0.465,4.541,17.573,17.581,311387000,0,30.24,2.704,2.704,167964000,1836442000,3078658000,3078658000,0,0.119,0.337,1.164,0.252,26068000,653502000,1.0,275248147,275248147,,11.185,3641447000,187728000,256061000,577270000,13.23,1073012000
HRB,MRY,2016-12-31,2016-04-30,2016-04-30,2017-12-07,-11233000,2847225000,2904522000,1220601000,1626624000,1.046,0.103,-99923000,1000911000,1000911000,1685552000,374267000,1.174,122.24,1492201000,826000,1491375000,1492201000,403835000,173598000,0,0.04,0.8,629155000,802753000,0.264,802753000,629155000,560193000,1.5,1.49,1.5,23103000,282138250,23103000,6910560862,10,8.609,432471000,1.927,1.0,1352601000,0.445,904642000,68962000,1394268000,1927532250,0,202385000,0,202385000,2824122000,1039605000,1784517000,4541970862,-1110389000,-88776000,-1992563000,996831000,-201688000,-1961729000,329515000,507139000,532394000,-10569000,374267000,374267000,374267000,9286000,0,0.123,719409000,633192000,259586000,0.533,196.597,12.136,13.493,293565000,0,20.24,1.495,1.495,153116000,40347000,3038153000,3038153000,0,0.129,1.327,0.326,0.207,23540000,719409000,1.0,224405675,224405675,,13.539,1942583000,120123000,185926000,506714000,8.657,180996000
HRB,MRY,2017-12-31,2017-04-30,2017-04-30,2017-12-07,-15299000,2694108000,2379364750,1346039000,1348069000,1.276,-0.294,-89255000,1117539000,1117539000,1644377000,408945000,1.433,-45.251,1493998000,981000,1493017000,1493998000,352825000,182168000,0,0.035,0.88,710266000,892434000,0.294,892434000,710266000,617315000,1.92,1.91,1.92,-60883000,-404744250,-60883000,7437903689,10,8.334,460838000,2.224,1.0,1391937000,0.458,900571000,92951000,1230716000,2182018250,0,0,0,0,2754991000,939280000,1815711000,5135677689,114530000,-54816000,-320479000,0,-187115000,-530424000,99319000,235282000,550093000,-4458000,408945000,408945000,408945000,11972000,0,0.135,675953000,715984000,217028000,0.458,-84.353,12.558,12.911,263827000,0,24.79,1.691,1.691,162775000,-48206000,3036314000,3036314000,0,0.172,-1.01,0.326,0.234,19285000,675953000,1.0,207167313,207167313,,14.656,1793537000,83728000,208370000,507284000,8.657,406759000
