ticker,dimension,calendardate,datekey,reportperiod,lastupdated,accoci,assets,assetsavg,assetsc,assetsnc,assetturnover,bvps,capex,cashneq,cashnequsd,cor,consolinc,currentratio,de,debt,debtc,debtnc,debtusd,deferredrev,depamor,deposits,divyield,dps,ebit,ebitda,ebitdamargin,ebitdausd,ebitusd,ebt,eps,epsdil,epsusd,equity,equityavg,equityusd,ev,evebit,evebitda,fcf,fcfps,fxusd,gp,grossmargin,intangibles,intexp,invcap,invcapavg,inventory,investments,investmentsc,investmentsnc,liabilities,liabilitiesc,liabilitiesnc,marketcap,ncf,ncfbus,ncfcommon,ncfdebt,ncfdiv,ncff,ncfi,ncfinv,ncfo,ncfx,netinc,netinccmn,netinccmnusd,netincdis,netincnci,netmargin,opex,opinc,payables,payoutratio,pb,pe,pe1,ppnenet,prefdivis,price,ps,ps1,receivables,retearn,revenue,revenueusd,rnd,roa,roe,roic,ros,sbcomp,sgna,sharefactor,sharesbas,shareswa,shareswadil,sps,tangibles,taxassets,taxexp,taxliabilities,tbvps,workingcapital
HRS,MRY,2011-12-31,2011-07-01,2011-07-01,2018-01-31,18700000,6172800000,5769050000,2216800000,3956000000,0.939,19.67,-324900000,366900000,366900000,3532500000,587100000,1.55,1.463,2072100000,184900000,1887200000,2072100000,232800000,212000000,0,0.022,1.0,985200000,1197200000,0.221,1197200000,985200000,894800000,4.63,4.6,4.63,2502000000,2417025000,2502000000,6982222421,7,5.832,508200000,3.995,1.0,1885900000,0.348,2883800000,90400000,3563700000,3268625000,720800000,0,0,0,3660800000,1430500000,2230300000,5793922421,-88300000,-1082600000,-231600000,851400000,-127000000,492800000,-1417500000,-10000000,833100000,3300000,588000000,588000000,588000000,0,-900000,0.109,890900000,995000000,450800000,0.216,2.316,9.854,9.838,872800000,0,45.55,1.069,1.069,836500000,1889000000,5418400000,5418400000,0,0.102,0.243,0.301,0.182,46100000,890900000,1.0,127199175,127199175,,42.598,3289000000,234000000,306800000,0,25.857,786300000
HRS,MRY,2012-12-31,2012-06-29,2012-06-29,2018-01-31,-22600000,5592800000,5886225000,2600400000,2992400000,0.926,17.041,-233800000,356000000,356000000,3569300000,27800000,1.839,1.881,2047200000,164200000,1883000000,2047200000,221500000,260300000,0,0.029,1.22,429800000,690100000,0.127,690100000,429800000,316600000,0.26,0.26,0.26,1938900000,2058900000,1938900000,6699904529,15,9.709,619100000,5.441,1.0,1882000000,0.345,2117000000,113200000,3752600000,3707475000,617800000,0,0,0,3646700000,1414400000,2232300000,4761604529,-10900000,-14100000,-445300000,-24900000,-139600000,-609800000,-248900000,-1000000,852900000,-5100000,30600000,30600000,30600000,0,-2800000,0.006,940900000,941100000,381000000,4.692,2.456,155.608,160.962,659400000,0,41.85,0.873,0.873,750200000,1416600000,5451300000,5451300000,0,0.005,0.015,0.116,0.079,34700000,940900000,1.0,113777886,113777886,,47.912,3475800000,252800000,286000000,12800000,30.549,1186000000
HRS,MRY,2013-12-31,2013-06-28,2013-06-28,2018-01-31,-58600000,4858400000,5132575000,1948100000,2910300000,0.996,14.248,-178000000,321000000,321000000,3385000000,109000000,1.502,2.112,1735100000,158000000,1577100000,1735100000,308000000,221000000,0,0.03,1.48,425000000,646000000,0.126,646000000,425000000,316000000,1.01,1.01,1.01,1561300000,1725975000,1561300000,6862985749,16,10.624,655000000,5.977,1.0,1727000000,0.338,2000100000,109000000,2975000000,3312525000,668700000,0,0,0,3297200000,1297400000,1999800000,5396985749,-35000000,147000000,-317000000,-346000000,-165000000,-840000000,-20000000,11000000,833000000,-8000000,113000000,113000000,113000000,0,-4000000,0.022,914000000,813000000,339500000,1.465,3.457,47.761,48.762,653200000,0,49.25,1.056,1.056,696800000,1079900000,5112000000,5112000000,0,0.022,0.065,0.128,0.083,33000000,914000000,1.0,109583467,109583467,,46.649,2858300000,282200000,203000000,1800000,26.083,650700000
HRS,MRY,2014-12-31,2014-06-27,2014-06-27,2018-01-31,-15000000,4919000000,4885600000,1991000000,2928000000,1.026,17.146,-204000000,561000000,561000000,3310000000,534000000,1.786,1.694,1624000000,60000000,1564000000,1624000000,266000000,204000000,0,0.022,1.68,885000000,1089000000,0.217,1089000000,885000000,791000000,5.0,4.95,5.0,1826000000,1741325000,1826000000,9400721220,10,8.632,645000000,6.056,1.0,1702000000,0.34,1969000000,94000000,2898000000,3019725000,619000000,9000000,9000000,0,3094000000,1115000000,1979000000,8091821220,240000000,42000000,-159000000,-100000000,-180000000,-448000000,-162000000,0,849000000,1000000,535000000,535000000,535000000,0,-1000000,0.107,820000000,882000000,324000000,0.336,4.431,15.125,15.196,728000000,0,75.98,1.614,1.614,566000000,1226000000,5012000000,5012000000,0,0.11,0.307,0.293,0.177,35000000,820000000,1.0,106499358,106499358,,47.061,2950000000,227000000,256000000,2000000,27.7,876000000
HRS,MRY,2015-12-31,2015-07-03,2015-07-03,2018-01-31,-16000000,13127000000,6899075000,3183000000,9944000000,0.563,32.564,-148000000,481000000,481000000,2370000000,334000000,1.4,2.863,5216000000,163000000,5053000000,5216000000,433000000,233000000,0,0.024,1.88,573000000,806000000,0.207,806000000,573000000,443000000,3.15,3.11,3.15,3397000000,2211350000,3397000000,9224981657,16,11.445,706000000,6.768,1.0,1515000000,0.39,8123000000,130000000,7465000000,4135500000,1015000000,267000000,267000000,0,9725000000,2274000000,7451000000,8109581657,-80000000,-3136000000,-103000000,2729000000,-198000000,2373000000,-3284000000,0,854000000,-23000000,334000000,334000000,334000000,-47000000,0,0.086,883000000,632000000,581000000,0.597,2.387,24.28,24.679,1165000000,0,77.74,2.087,2.087,1168000000,1258000000,3885000000,3885000000,0,0.048,0.151,0.139,0.147,37000000,883000000,1.0,104316718,104316718,,37.242,5004000000,589000000,109000000,69000000,47.969,909000000
HRS,MRY,2016-12-31,2016-07-01,2016-07-01,2018-01-31,-495000000,12009000000,12142500000,2624000000,9385000000,0.493,24.502,-152000000,487000000,487000000,3900000000,324000000,1.325,2.929,4517000000,397000000,4120000000,4517000000,294000000,229000000,0,0.024,2.0,780000000,1009000000,0.168,1009000000,780000000,597000000,2.61,2.59,2.61,3056000000,3283750000,3056000000,14792109933,18,14.66,772000000,6.19,1.0,2092000000,0.349,6583000000,183000000,7475000000,7145750000,867000000,0,0,0,8952000000,1981000000,6971000000,10301109933,6000000,170000000,44000000,-669000000,-252000000,-893000000,-1000000,-19000000,924000000,-24000000,324000000,324000000,324000000,287000000,0,0.054,1037000000,1055000000,494000000,0.766,3.371,31.794,31.644,924000000,0,82.59,1.719,1.719,674000000,1330000000,5992000000,5992000000,0,0.027,0.099,0.109,0.13,39000000,1037000000,1.0,124725874,124725874,,48.041,5426000000,624000000,273000000,8000000,43.503,643000000
HRS,MRY,2017-12-31,2017-06-30,2017-06-30,2018-01-31,-276000000,10090000000,11148250000,2073000000,8017000000,0.529,24.017,-119000000,484000000,484000000,3811000000,553000000,1.076,2.446,4030000000,634000000,3396000000,4030000000,252000000,183000000,0,0.019,2.12,992000000,1175000000,0.199,1175000000,992000000,820000000,4.5,4.44,4.5,2928000000,3013000000,2928000000,17209178958,17,14.646,450000000,3.691,1.0,2089000000,0.354,6470000000,172000000,5240000000,6339750000,841000000,0,0,0,7162000000,1926000000,5236000000,13298178958,-3000000,989000000,-656000000,-499000000,-262000000,-1438000000,870000000,0,569000000,-4000000,553000000,553000000,553000000,85000000,0,0.094,1016000000,1073000000,540000000,0.471,4.542,24.047,24.24,904000000,0,109.08,2.254,2.254,623000000,1343000000,5900000000,5900000000,0,0.05,0.184,0.156,0.168,42000000,1016000000,1.0,121912165,121912165,,48.395,3620000000,433000000,267000000,65000000,29.694,147000000
