ticker,dimension,calendardate,datekey,reportperiod,lastupdated,accoci,assets,assetsavg,assetsc,assetsnc,assetturnover,bvps,capex,cashneq,cashnequsd,cor,consolinc,currentratio,de,debt,debtc,debtnc,debtusd,deferredrev,depamor,deposits,divyield,dps,ebit,ebitda,ebitdamargin,ebitdausd,ebitusd,ebt,eps,epsdil,epsusd,equity,equityavg,equityusd,ev,evebit,evebitda,fcf,fcfps,fxusd,gp,grossmargin,intangibles,intexp,invcap,invcapavg,inventory,investments,investmentsc,investmentsnc,liabilities,liabilitiesc,liabilitiesnc,marketcap,ncf,ncfbus,ncfcommon,ncfdebt,ncfdiv,ncff,ncfi,ncfinv,ncfo,ncfx,netinc,netinccmn,netinccmnusd,netincdis,netincnci,netmargin,opex,opinc,payables,payoutratio,pb,pe,pe1,ppnenet,prefdivis,price,ps,ps1,receivables,retearn,revenue,revenueusd,rnd,roa,roe,roic,ros,sbcomp,sgna,sharefactor,sharesbas,shareswa,shareswadil,sps,tangibles,taxassets,taxexp,taxliabilities,tbvps,workingcapital
INFO,MRY,2012-12-31,2012-12-31,2012-12-31,2018-01-23,,,,,,,,-28800000,,,0,153100000,,,,,,,,66700000,,,0.0,196600000,263300000,0.306,263300000,196600000,167700000,0.7,0.69,0.7,,,,,,,373300000,,1.0,860600000,1.0,,28900000,,,,,,,,,,,-39600000,-380800000,-26700000,240500000,0,99400000,-479600000,0,402100000,1500000,125000000,125000000,125000000,0,28100000,0.145,635900000,224700000,,0.0,,,,,0,,,,,,860600000,860600000,0,,,,0.228,16200000,454000000,,,,,,,,42700000,,,
INFO,MRY,2013-12-31,2013-12-31,2013-12-31,2018-01-23,0,3096700000,,311000000,2785700000,,,-35000000,75300000,75300000,0,147000000,0.621,0.506,574600000,101900000,472700000,574600000,177900000,86000000,0,,0.0,222500000,308500000,0.325,308500000,222500000,203100000,0.8,0.79,0.8,2055900000,,2055900000,,,,378800000,,1.0,947900000,1.0,2717800000,19400000,377400000,,0,0,0,0,1040800000,500800000,540000000,,-34700000,-45600000,-45500000,20000000,0,-203900000,-170600000,5200000,413800000,-200000,139400000,139400000,139400000,0,7600000,0.147,717800000,230100000,228200000,0.0,,,,62300000,0,,,,231200000,1663300000,947900000,947900000,0,,,,0.235,8100000,515100000,1.0,,,,,378900000,8900000,63700000,51700000,,-189800000
INFO,MRY,2014-12-31,2014-12-31,2014-12-31,2018-01-23,0,3300000000,3198350000,414000000,2886000000,0.333,12.241,-19400000,117700000,117700000,0,164100000,0.818,0.461,435600000,86400000,349200000,435600000,194200000,100100000,0,0.0,0.0,238600000,338700000,0.318,338700000,238600000,221700000,0.92,0.9,0.92,2234000000,2144950000,2234000000,,,,401900000,2.202,1.0,1065100000,1.0,2823300000,16900000,288300000,332850000,0,1100000,0,1100000,1029400000,506300000,523100000,4823673542,43700000,-130200000,-31200000,-40000000,0,-75300000,-250900000,0,421300000,-1300000,165200000,165200000,165200000,0,-1100000,0.155,821700000,243400000,346800000,0.0,2.159,29.199,28.728,56500000,0,26.43,4.529,4.529,288800000,1850600000,1065100000,1065100000,0,0.052,0.077,0.717,0.224,20700000,569200000,1.0,182507512,182507512,,5.836,476700000,4600000,56500000,49900000,2.612,-92300000
INFO,MRY,2015-12-31,2015-12-31,2015-12-31,2018-01-23,,,,,,,,-16600000,,,0,152100000,,,,,,,,107000000,,0.0,0.0,241400000,348400000,0.313,348400000,241400000,222500000,0.85,0.8,0.85,,,,5824151637,24,16.717,459000000,2.515,1.0,1113400000,1.0,,18900000,,,,,,,,,,5506251637,30000000,-316000000,-411500000,472000000,0,58500000,-434100000,-1100000,475600000,-1700000,152500000,152500000,152500000,0,-400000,0.137,861100000,252300000,,0.0,,36.107,35.494,,0,30.17,4.945,4.945,,,1113400000,1113400000,0,,,,0.217,37300000,600400000,1.0,182507512,182507512,,6.101,,,70000000,,,
INFO,MRY,2016-12-31,2016-11-30,2016-11-30,2018-01-23,-438800000,13936600000,9757050000,933500000,13003100000,0.28,26.146,-147600000,138900000,138900000,1037700000,152100000,0.661,0.724,3383900000,104600000,3279300000,3383900000,770200000,335700000,0,0.0,0.0,267100000,602800000,0.22,602800000,267100000,147700000,0.49,0.48,0.49,8084400000,5142650000,8084400000,18230067848,68,30.242,490700000,1.587,1.0,1697100000,0.621,12561600000,119400000,3207600000,2669250000,0,0,0,0,5852200000,1412400000,4439800000,15164767848,-154200000,-823500000,-422700000,630400000,0,177500000,-982800000,-7200000,638300000,12800000,152800000,152800000,152800000,-9200000,-700000,0.056,1436700000,260400000,58900000,0.0,1.876,99.246,73.347,416200000,0,35.94,5.545,4.063,635600000,1806900000,2734800000,2734800000,0,0.016,0.03,0.1,0.098,200600000,907100000,1.0,421946796,309200000,316300000,8.845,1375000000,40800000,-5100000,1007000000,4.447,-478900000
INFO,MRY,2017-12-31,2017-11-30,2017-11-30,2018-01-23,-85000000,14554400000,14162050000,1015000000,13539400000,0.254,20.132,-260200000,133800000,133800000,1348400000,417000000,0.533,0.818,4193300000,576000000,3617300000,4193300000,790800000,492500000,0,0.0,0.0,521300000,1013800000,0.282,1013800000,521300000,367000000,1.04,1.0,1.04,8004400000,7751700000,8004400000,21630619269,41,21.336,701300000,1.752,1.0,2251300000,0.625,12966800000,154300000,3741000000,3486275000,0,0,0,0,6550000000,1906100000,4643900000,17798619269,-5100000,-401100000,-986200000,798900000,0,-329300000,-646300000,14500000,961500000,9000000,416900000,416900000,416900000,0,100000,0.116,1727100000,524200000,53400000,0.0,2.224,42.693,42.904,531300000,0,44.62,4.944,4.962,693500000,2217600000,3599700000,3599700000,0,0.029,0.054,0.15,0.145,261900000,1096000000,1.0,398893305,400300000,416200000,8.993,1587600000,39000000,-49900000,875300000,3.993,-891100000
