ticker,dimension,calendardate,datekey,reportperiod,lastupdated,accoci,assets,assetsavg,assetsc,assetsnc,assetturnover,bvps,capex,cashneq,cashnequsd,cor,consolinc,currentratio,de,debt,debtc,debtnc,debtusd,deferredrev,depamor,deposits,divyield,dps,ebit,ebitda,ebitdamargin,ebitdausd,ebitusd,ebt,eps,epsdil,epsusd,equity,equityavg,equityusd,ev,evebit,evebitda,fcf,fcfps,fxusd,gp,grossmargin,intangibles,intexp,invcap,invcapavg,inventory,investments,investmentsc,investmentsnc,liabilities,liabilitiesc,liabilitiesnc,marketcap,ncf,ncfbus,ncfcommon,ncfdebt,ncfdiv,ncff,ncfi,ncfinv,ncfo,ncfx,netinc,netinccmn,netinccmnusd,netincdis,netincnci,netmargin,opex,opinc,payables,payoutratio,pb,pe,pe1,ppnenet,prefdivis,price,ps,ps1,receivables,retearn,revenue,revenueusd,rnd,roa,roe,roic,ros,sbcomp,sgna,sharefactor,sharesbas,shareswa,shareswadil,sps,tangibles,taxassets,taxexp,taxliabilities,tbvps,workingcapital
INTU,MRY,2011-12-31,2011-07-31,2011-07-31,2018-02-22,15000000,5110000000,5149750000,2254000000,2856000000,0.67,8.691,-228000000,722000000,722000000,481000000,634000000,1.249,0.953,999000000,500000000,499000000,999000000,406000000,241000000,414000000,0.0,0.0,1048000000,1289000000,0.374,1289000000,1048000000,988000000,2.06,2.0,2.06,2616000000,2581000000,2616000000,13825819473,13,10.726,785000000,2.557,1.0,2968000000,0.861,2066000000,60000000,1516000000,1750500000,0,762000000,699000000,63000000,2494000000,1805000000,689000000,14196819473,508000000,0,-1077000000,0,0,-1006000000,497000000,723000000,1013000000,4000000,634000000,634000000,634000000,54000000,0,0.184,1886000000,1082000000,129000000,0.0,5.427,22.392,22.67,561000000,0,46.7,4.116,4.157,171000000,4031000000,3449000000,3449000000,566000000,0.123,0.246,0.599,0.304,234000000,1300000000,1.0,304000417,307000000,317000000,11.235,3044000000,221000000,354000000,0,10.113,449000000
INTU,MRY,2012-12-31,2012-07-31,2012-07-31,2018-02-22,25000000,4684000000,4861250000,1523000000,3161000000,0.783,9.365,-196000000,393000000,393000000,575000000,792000000,1.204,0.707,499000000,0,499000000,499000000,439000000,242000000,290000000,0.01,0.6,1216000000,1458000000,0.383,1458000000,1216000000,1166000000,2.67,2.6,2.67,2744000000,2540750000,2744000000,16678673059,13,11.439,1050000000,3.547,1.0,3233000000,0.849,1493000000,50000000,2032000000,1616750000,0,426000000,351000000,75000000,1940000000,1265000000,675000000,17038673059,-329000000,-392000000,-736000000,-500000000,-178000000,-1344000000,-225000000,349000000,1246000000,-6000000,792000000,792000000,792000000,-28000000,0,0.208,2065000000,1168000000,139000000,0.225,6.209,21.513,21.73,543000000,0,58.02,4.474,4.51,142000000,4612000000,3808000000,3808000000,618000000,0.163,0.312,0.752,0.319,240000000,1414000000,1.0,293668960,296000000,305000000,12.865,3191000000,236000000,374000000,0,10.891,258000000
INTU,MRY,2013-12-31,2013-07-31,2013-07-31,2018-02-22,20000000,5486000000,5219750000,2396000000,3090000000,0.756,11.77,-195000000,1009000000,1009000000,527000000,858000000,1.872,0.554,499000000,0,499000000,499000000,495000000,232000000,235000000,0.011,0.68,1266000000,1498000000,0.38,1498000000,1266000000,1236000000,2.89,2.83,2.89,3531000000,3159500000,3531000000,18066462555,14,12.06,1171000000,3.943,1.0,3419000000,0.866,1395000000,30000000,2301000000,1463500000,0,735000000,652000000,83000000,1955000000,1280000000,675000000,18979462555,616000000,43000000,-127000000,0,-203000000,-262000000,-485000000,-308000000,1366000000,-3000000,858000000,858000000,858000000,-51000000,0,0.217,2211000000,1208000000,137000000,0.235,5.375,22.121,22.118,555000000,0,63.92,4.81,4.811,130000000,5262000000,3946000000,3946000000,647000000,0.164,0.272,0.865,0.321,264000000,1534000000,1.0,296925259,297000000,303000000,13.286,4091000000,228000000,378000000,0,13.637,1116000000
INTU,MRY,2014-12-31,2014-07-31,2014-07-31,2018-02-22,-2000000,5201000000,4899250000,2621000000,2580000000,0.866,10.8,-186000000,849000000,849000000,603000000,907000000,1.844,0.69,499000000,0,499000000,499000000,498000000,197000000,289000000,0.009,0.76,1385000000,1582000000,0.373,1582000000,1385000000,1354000000,3.18,3.12,3.18,3078000000,2693750000,3078000000,22195210914,16,14.03,1260000000,4.421,1.0,3640000000,0.858,1456000000,31000000,1974000000,1574000000,0,1096000000,1065000000,31000000,2123000000,1421000000,702000000,23270210914,-160000000,554000000,-1412000000,0,-220000000,-1551000000,-49000000,-395000000,1446000000,-6000000,907000000,907000000,907000000,-54000000,0,0.214,2340000000,1300000000,145000000,0.239,7.56,25.656,25.777,589000000,0,81.97,5.484,5.506,115000000,5949000000,4243000000,4243000000,714000000,0.185,0.337,0.88,0.326,286000000,1601000000,1.0,283886921,285000000,291000000,14.888,3745000000,159000000,447000000,0,13.14,1200000000
INTU,MRY,2015-12-31,2015-07-31,2015-07-31,2018-02-22,-30000000,4968000000,5136500000,2560000000,2408000000,0.816,8.388,-261000000,808000000,808000000,695000000,365000000,1.468,1.13,500000000,0,500000000,500000000,843000000,231000000,337000000,0.009,1.0,691000000,922000000,0.22,922000000,691000000,664000000,1.3,1.28,1.3,2332000000,2483500000,2332000000,28463495110,41,30.871,1328000000,4.726,1.0,3497000000,0.834,1353000000,27000000,1563000000,1377750000,0,916000000,889000000,27000000,2636000000,1744000000,892000000,29157495110,-41000000,-95000000,-1025000000,0,-283000000,-1422000000,-182000000,205000000,1589000000,-26000000,365000000,365000000,365000000,48000000,0,0.087,2759000000,738000000,190000000,0.769,12.503,79.884,81.362,682000000,0,105.77,6.956,7.09,91000000,6027000000,4192000000,4192000000,798000000,0.071,0.147,0.502,0.165,342000000,1771000000,1.0,275668858,281000000,286000000,14.918,3615000000,320000000,299000000,0,13.004,816000000
INTU,MRY,2016-12-31,2016-07-31,2016-07-31,2018-02-22,-32000000,4250000000,4343000000,1614000000,2636000000,1.081,4.535,-522000000,638000000,638000000,730000000,979000000,0.717,2.661,1000000000,512000000,488000000,1000000000,1005000000,238000000,304000000,0.011,1.2,1411000000,1649000000,0.351,1649000000,1411000000,1376000000,3.73,3.69,3.73,1161000000,1025250000,1161000000,28110151258,19,17.047,938000000,3.58,1.0,3964000000,0.844,1326000000,35000000,1035000000,1004750000,0,470000000,442000000,28000000,3089000000,2251000000,838000000,28399151258,-170000000,463000000,-2067000000,500000000,-318000000,-1999000000,371000000,385000000,1460000000,-2000000,979000000,979000000,979000000,-173000000,0,0.209,2722000000,1242000000,184000000,0.322,24.461,29.008,29.756,1031000000,0,110.99,6.05,6.195,108000000,6687000000,4694000000,4694000000,881000000,0.225,0.955,1.404,0.301,340000000,1807000000,1.0,255871261,262000000,265000000,17.916,2924000000,159000000,397000000,0,11.422,-637000000
INTU,MRY,2017-12-31,2017-07-31,2017-07-31,2018-02-22,-22000000,4068000000,4335750000,1415000000,2653000000,1.194,5.268,-230000000,529000000,529000000,797000000,971000000,0.728,2.004,488000000,50000000,438000000,488000000,1089000000,236000000,372000000,0.01,1.36,1398000000,1634000000,0.316,1634000000,1398000000,1367000000,3.78,3.72,3.78,1354000000,1193000000,1354000000,34305523730,24,20.995,1369000000,5.327,1.0,4380000000,0.846,1317000000,31000000,766000000,807750000,0,279000000,248000000,31000000,2714000000,1944000000,770000000,35155523730,-109000000,0,-613000000,-512000000,-353000000,-1632000000,-85000000,258000000,1599000000,9000000,971000000,971000000,971000000,0,0,0.188,2985000000,1395000000,157000000,0.36,25.964,36.205,36.299,1030000000,0,137.21,6.791,6.811,103000000,7297000000,5177000000,5177000000,998000000,0.224,0.814,1.731,0.27,326000000,1973000000,1.0,256216921,257000000,261000000,20.144,2751000000,195000000,396000000,0,10.704,-529000000
