ticker,dimension,calendardate,datekey,reportperiod,lastupdated,accoci,assets,assetsavg,assetsc,assetsnc,assetturnover,bvps,capex,cashneq,cashnequsd,cor,consolinc,currentratio,de,debt,debtc,debtnc,debtusd,deferredrev,depamor,deposits,divyield,dps,ebit,ebitda,ebitdamargin,ebitdausd,ebitusd,ebt,eps,epsdil,epsusd,equity,equityavg,equityusd,ev,evebit,evebitda,fcf,fcfps,fxusd,gp,grossmargin,intangibles,intexp,invcap,invcapavg,inventory,investments,investmentsc,investmentsnc,liabilities,liabilitiesc,liabilitiesnc,marketcap,ncf,ncfbus,ncfcommon,ncfdebt,ncfdiv,ncff,ncfi,ncfinv,ncfo,ncfx,netinc,netinccmn,netinccmnusd,netincdis,netincnci,netmargin,opex,opinc,payables,payoutratio,pb,pe,pe1,ppnenet,prefdivis,price,ps,ps1,receivables,retearn,revenue,revenueusd,rnd,roa,roe,roic,ros,sbcomp,sgna,sharefactor,sharesbas,shareswa,shareswadil,sps,tangibles,taxassets,taxexp,taxliabilities,tbvps,workingcapital
KSS,MRY,2011-12-31,2012-01-28,2012-01-28,2017-12-01,-53000000,14148000000,14323500000,4829000000,9319000000,1.313,25.68,-927000000,1205000000,1205000000,11625000000,1167000000,1.852,1.174,4244000000,94000000,4150000000,4244000000,0,778000000,0,0.021,1.0,2158000000,2936000000,0.156,2936000000,2158000000,1859000000,4.33,4.3,4.33,6508000000,6904750000,6508000000,15311684659,7,5.215,1212000000,4.782,1.0,7179000000,0.382,0,299000000,14580000000,14314750000,3216000000,153000000,0,153000000,7640000000,2607000000,5033000000,11832684659,-1072000000,0,-2248000000,169000000,-271000000,-2409000000,-802000000,145000000,2139000000,0,1167000000,1167000000,1167000000,0,0,0.062,5021000000,2158000000,1233000000,0.231,1.818,10.139,10.783,8905000000,0,46.69,0.629,0.629,0,10195000000,18804000000,18804000000,0,0.081,0.169,0.151,0.115,55000000,4243000000,1.0,253430813,253430813,,74.198,14148000000,109000000,692000000,556000000,55.826,2222000000
KSS,MRY,2012-12-31,2013-02-02,2013-02-02,2017-12-01,-45000000,13905000000,14296000000,4719000000,9186000000,1.349,26.295,-785000000,537000000,537000000,12289000000,986000000,1.862,1.299,4553000000,105000000,4448000000,4553000000,0,833000000,0,0.028,1.28,1890000000,2723000000,0.141,2723000000,1890000000,1561000000,4.19,4.17,4.19,6048000000,6160500000,6048000000,14610760376,7,5.366,480000000,2.087,1.0,6990000000,0.363,0,329000000,15386000000,15067500000,3748000000,53000000,0,53000000,7857000000,2535000000,5322000000,10582760376,-668000000,0,-1216000000,248000000,-300000000,-1273000000,-660000000,109000000,1265000000,0,986000000,986000000,986000000,0,0,0.051,5100000000,1890000000,1307000000,0.305,1.75,10.733,10.981,8872000000,0,46.01,0.549,0.549,0,10878000000,19279000000,19279000000,0,0.069,0.16,0.125,0.098,46000000,4267000000,1.0,230010006,230010006,,83.818,13905000000,122000000,575000000,499000000,60.454,2184000000
KSS,MRY,2013-12-31,2014-02-01,2014-02-01,2017-12-01,-34000000,14357000000,14437250000,5314000000,9043000000,1.318,27.916,-643000000,971000000,971000000,12087000000,889000000,1.927,1.402,4861000000,139000000,4722000000,4861000000,0,889000000,0,0.028,1.4,1742000000,2631000000,0.138,2631000000,1742000000,1404000000,4.08,4.05,4.08,5978000000,5994000000,5978000000,15126904301,8,5.749,1241000000,5.795,1.0,6944000000,0.365,0,338000000,15489000000,15539250000,3874000000,0,0,0,8379000000,2758000000,5621000000,10841904301,434000000,0,-697000000,182000000,-302000000,-827000000,-623000000,1000000,1884000000,0,889000000,889000000,889000000,0,0,0.047,5202000000,1742000000,1365000000,0.343,1.814,12.196,12.409,8745000000,0,50.63,0.57,0.57,0,11462000000,19031000000,19031000000,0,0.062,0.148,0.112,0.092,52000000,4313000000,1.0,214139923,214139923,,88.872,14357000000,142000000,515000000,455000000,67.045,2556000000
KSS,MRY,2014-12-31,2015-01-31,2015-01-31,2017-12-01,-20000000,14333000000,14382000000,5580000000,8753000000,1.323,29.657,-682000000,1407000000,1407000000,12098000000,867000000,1.952,1.392,4748000000,110000000,4638000000,4748000000,0,886000000,0,0.026,1.56,1689000000,2575000000,0.135,2575000000,1689000000,1349000000,4.28,4.24,4.28,5991000000,5865500000,5991000000,16220984347,9,6.299,1342000000,6.643,1.0,6925000000,0.364,0,340000000,14815000000,15315250000,3814000000,0,0,0,8342000000,2859000000,5483000000,12063984347,436000000,0,-554000000,-108000000,-317000000,-995000000,-593000000,82000000,2024000000,0,867000000,867000000,867000000,0,0,0.046,5236000000,1689000000,1511000000,0.364,2.014,13.915,13.953,8515000000,0,59.72,0.634,0.634,0,12008000000,19023000000,19023000000,0,0.06,0.148,0.11,0.089,45000000,4350000000,1.0,202009115,202009115,,94.169,14333000000,0,482000000,376000000,70.952,2721000000
KSS,MRY,2015-12-31,2016-01-30,2016-01-30,2017-12-01,-17000000,13606000000,14277250000,5076000000,8530000000,1.345,28.927,-690000000,707000000,707000000,12265000000,673000000,1.87,1.478,4708000000,127000000,4581000000,4708000000,0,934000000,0,0.036,1.8,1384000000,2318000000,0.121,2318000000,1384000000,1057000000,3.48,3.46,3.48,5491000000,5664750000,5491000000,14077556989,10,6.073,784000000,4.13,1.0,6939000000,0.361,0,327000000,14893000000,15144500000,4038000000,0,0,0,8115000000,2714000000,5401000000,9443556989,-700000000,0,-854000000,-263000000,-349000000,-1493000000,-681000000,0,1474000000,0,673000000,673000000,673000000,0,0,0.035,5386000000,1553000000,1251000000,0.517,1.72,14.032,14.296,8308000000,0,49.75,0.492,0.492,0,12329000000,19204000000,19204000000,0,0.047,0.119,0.091,0.072,38000000,4452000000,1.0,189820241,189820241,,101.169,13606000000,0,384000000,387000000,71.678,2362000000
KSS,MRY,2016-12-31,2017-01-28,2017-01-28,2017-12-01,-14000000,13574000000,13578500000,5247000000,8327000000,1.376,29.336,-768000000,1074000000,1074000000,11944000000,556000000,1.764,1.622,4611000000,131000000,4480000000,4611000000,0,938000000,0,0.051,2.0,1183000000,2121000000,0.114,2121000000,1183000000,875000000,3.12,3.11,3.12,5177000000,5199000000,5177000000,10909445284,9,5.144,1380000000,7.82,1.0,6742000000,0.361,0,308000000,14137000000,14531000000,3795000000,0,0,0,8397000000,2974000000,5423000000,6882445284,367000000,0,-539000000,-116000000,-358000000,-1025000000,-756000000,0,2148000000,0,556000000,556000000,556000000,0,0,0.03,5559000000,1183000000,1507000000,0.641,1.329,12.378,12.5,8103000000,0,39.0,0.368,0.368,0,12522000000,18686000000,18686000000,0,0.041,0.107,0.081,0.063,36000000,4435000000,1.0,176472956,176472956,,105.886,13574000000,0,319000000,384000000,76.918,2273000000
