ticker,dimension,calendardate,datekey,reportperiod,lastupdated,accoci,assets,assetsavg,assetsc,assetsnc,assetturnover,bvps,capex,cashneq,cashnequsd,cor,consolinc,currentratio,de,debt,debtc,debtnc,debtusd,deferredrev,depamor,deposits,divyield,dps,ebit,ebitda,ebitdamargin,ebitdausd,ebitusd,ebt,eps,epsdil,epsusd,equity,equityavg,equityusd,ev,evebit,evebitda,fcf,fcfps,fxusd,gp,grossmargin,intangibles,intexp,invcap,invcapavg,inventory,investments,investmentsc,investmentsnc,liabilities,liabilitiesc,liabilitiesnc,marketcap,ncf,ncfbus,ncfcommon,ncfdebt,ncfdiv,ncff,ncfi,ncfinv,ncfo,ncfx,netinc,netinccmn,netinccmnusd,netincdis,netincnci,netmargin,opex,opinc,payables,payoutratio,pb,pe,pe1,ppnenet,prefdivis,price,ps,ps1,receivables,retearn,revenue,revenueusd,rnd,roa,roe,roic,ros,sbcomp,sgna,sharefactor,sharesbas,shareswa,shareswadil,sps,tangibles,taxassets,taxexp,taxliabilities,tbvps,workingcapital
LEN,MRY,2011-12-31,2011-11-30,2011-11-30,2018-01-25,0,9154671000,8789600500,,,0.352,14.419,-9936000,1116740000,1116740000,2896656000,112544000,,2.17,4158879000,,,4158879000,0,21500000,0,0.009,0.16,168279000,189779000,0.061,189779000,168279000,77629000,0.49,0.48,0.49,2696468000,2664795250,2696468000,6475859880,38,34.123,-269071000,-1.439,1.0,198729000,0.064,0,90650000,12196810000,11719271750,4360535000,1603212000,,,5851146000,,,3442815880,-230531000,0,1027000,243354000,-29906000,164758000,-136154000,-105595000,-259135000,0,92199000,92199000,92199000,0,20345000,0.03,95256000,103473000,201101000,0.327,1.277,37.341,37.571,0,0,18.41,1.112,1.112,53977000,956401000,3095385000,3095385000,0,0.01,0.035,0.014,0.054,24047000,95256000,1.0,187007924,187007924,,16.552,9154671000,0,-14570000,0,48.953,
LEN,MRY,2012-12-31,2012-11-30,2012-11-30,2018-01-25,0,10362206000,9574852250,,,0.429,17.889,-2822000,1259708000,1259708000,3661498000,657332000,,1.863,4605653000,,,4605653000,0,28081000,0,0.004,0.16,338259000,366340000,0.089,366340000,338259000,243906000,3.58,3.11,3.58,3414764000,3146665000,3414764000,10775925545,31,29.415,-427470000,-2.239,1.0,443634000,0.108,0,94353000,13708151000,12921074500,5046390000,1330722000,,,6360998000,,,7261224545,147139000,0,15025000,389386000,-30394000,326496000,245291000,82602000,-424648000,0,679124000,679124000,679124000,0,-21792000,0.165,127338000,316296000,217396000,0.045,2.126,10.692,10.626,0,0,38.04,1.769,1.769,53745000,1605131000,4105132000,4105132000,0,0.071,0.216,0.026,0.082,43475000,127338000,1.0,190883926,190883926,,21.506,10362206000,0,-435218000,0,54.285,
LEN,MRY,2013-12-31,2013-11-30,2013-11-30,2018-01-25,0,11273247000,10803816500,,,0.549,21.443,123031000,935663000,935663000,5103199000,504926000,,1.594,4194432000,,,4194432000,0,30349000,0,0.004,0.16,750602000,780951000,0.132,780951000,750602000,656689000,2.48,2.15,2.48,4168901000,3741132500,4168901000,11444146033,15,14.654,-684683000,-3.522,1.0,831896000,0.14,0,93913000,14532016000,14639766000,6601048000,1194142000,,,6645777000,,,6952273033,-340238000,-5623000,21794000,-515000,-30912000,-221773000,689249000,130340000,-807714000,0,479674000,479674000,479674000,0,25252000,0.081,146060000,685836000,271365000,0.065,1.668,14.494,14.419,0,0,35.76,1.171,1.171,163768000,2053893000,5935095000,5935095000,0,0.044,0.128,0.051,0.126,23541000,146060000,1.0,194414794,194414794,,30.528,11273247000,0,177015000,0,57.986,
LEN,MRY,2014-12-31,2014-11-30,2014-11-30,2018-01-25,130000,12923151000,12183660500,,,0.639,23.518,7060000,895578000,895578000,6680613000,628693000,,1.589,4661266000,,,4661266000,0,38542000,0,0.003,0.16,1016558000,1055100000,0.136,1055100000,1016558000,980007000,3.12,2.8,3.12,4827020000,4517000250,4827020000,13591974871,13,12.882,-781428000,-3.807,1.0,1099199000,0.141,0,36551000,16688839000,15982326500,7736600000,656837000,,,7671849000,,,9695770871,311309000,-5489000,-6825000,837847000,-32775000,661438000,438359000,165951000,-788488000,0,638916000,638916000,638916000,0,-10223000,0.082,177161000,922038000,412558000,0.051,2.009,15.175,15.141,0,0,47.24,1.246,1.246,93444000,2660034000,7779812000,7779812000,0,0.052,0.141,0.064,0.131,33221000,177161000,1.0,205244938,205244938,,37.905,12923151000,0,341091000,0,62.965,
LEN,MRY,2015-12-31,2015-11-30,2015-11-30,2018-01-25,39000,14419509000,13901247000,,,0.682,26.856,-26100000,906913000,906913000,8171748000,819200000,,1.499,5025130000,,,5025130000,0,43666000,0,0.003,0.16,1193310000,1236976000,0.131,1236976000,1193310000,1193310000,3.78,3.39,3.78,5648944000,5275008000,5648944000,15425643936,12,12.47,-445746000,-2.119,1.0,1302260000,0.137,0,0,18537726000,18388919500,8740596000,741551000,,,8469437000,,,10771785936,-123369000,0,-13783000,573610000,-33192000,394670000,-98393000,-222566000,-419646000,0,802894000,802894000,802894000,0,16306000,0.085,216244000,1086016000,475909000,0.042,1.907,13.416,13.548,0,0,51.21,1.137,1.137,74538000,3429736000,9474008000,9474008000,0,0.058,0.152,0.065,0.126,43760000,216244000,1.0,210345361,210345361,,45.04,14419509000,0,390416000,0,68.552,
LEN,MRY,2016-12-31,2016-11-30,2016-11-30,2018-01-25,-309000,15361781000,14850872500,,,0.737,32.724,-53057000,1056115000,1056115000,9455074000,913091000,,1.16,4575977000,,,4575977000,0,50219000,0,0.004,0.16,1329222000,1379441000,0.126,1379441000,1329222000,1329222000,4.05,3.86,4.05,7026042000,6377514250,7026042000,13481399713,10,9.773,454747000,2.118,1.0,1494925000,0.137,0,0,18881643000,19200054500,9178926000,811723000,,,8150214000,,,9133711713,171084000,-725000,-431000,-95110000,-35324000,-250883000,-85837000,-130889000,507804000,0,911844000,911844000,911844000,0,1247000,0.083,232562000,1262363000,478546000,0.04,1.3,10.017,10.504,0,0,42.54,0.834,0.834,106976000,4306256000,10949999000,10949999000,0,0.061,0.143,0.069,0.121,48477000,232562000,1.0,214708785,214708785,,50.999,15361781000,0,417378000,0,71.547,
LEN,MRY,2017-12-31,2017-11-30,2017-11-30,2018-01-25,1034000,18745034000,17167256250,,,0.737,33.462,-52741000,2291665000,2291665000,11021481000,771754000,,1.367,6410003000,,,6410003000,0,66324000,0,0.003,0.16,1228337000,1294661000,0.102,1294661000,1228337000,1228337000,3.38,3.38,3.38,7872317000,7463800250,7872317000,19719762499,16,15.232,944123000,4.013,1.0,1624884000,0.128,136566000,0,22726806000,21829749750,10860890000,900769000,,,10758902000,,,14769639499,1321343000,-611103000,-26334000,1129302000,-37608000,1194296000,-869817000,-278281000,996864000,0,810480000,810480000,810480000,0,-38726000,0.064,285889000,1338995000,604953000,0.047,1.876,18.223,18.574,0,0,62.78,1.168,1.168,137667000,4840978000,12646365000,12646365000,0,0.047,0.109,0.056,0.097,59375000,285889000,1.0,235260266,235260266,,53.755,18608468000,0,417857000,0,79.097,
