ticker,dimension,calendardate,datekey,reportperiod,lastupdated,accoci,assets,assetsavg,assetsc,assetsnc,assetturnover,bvps,capex,cashneq,cashnequsd,cor,consolinc,currentratio,de,debt,debtc,debtnc,debtusd,deferredrev,depamor,deposits,divyield,dps,ebit,ebitda,ebitdamargin,ebitdausd,ebitusd,ebt,eps,epsdil,epsusd,equity,equityavg,equityusd,ev,evebit,evebitda,fcf,fcfps,fxusd,gp,grossmargin,intangibles,intexp,invcap,invcapavg,inventory,investments,investmentsc,investmentsnc,liabilities,liabilitiesc,liabilitiesnc,marketcap,ncf,ncfbus,ncfcommon,ncfdebt,ncfdiv,ncff,ncfi,ncfinv,ncfo,ncfx,netinc,netinccmn,netinccmnusd,netincdis,netincnci,netmargin,opex,opinc,payables,payoutratio,pb,pe,pe1,ppnenet,prefdivis,price,ps,ps1,receivables,retearn,revenue,revenueusd,rnd,roa,roe,roic,ros,sbcomp,sgna,sharefactor,sharesbas,shareswa,shareswadil,sps,tangibles,taxassets,taxexp,taxliabilities,tbvps,workingcapital
LOW,MRY,2011-12-31,2012-02-03,2012-02-03,2017-12-05,46000000,33559000000,34338500000,10072000000,23487000000,1.462,13.199,-1777000000,1014000000,1014000000,32858000000,1839000000,1.276,1.03,7627000000,592000000,7035000000,7627000000,1505000000,1579000000,0,0.019,0.53,3277000000,4856000000,0.097,4856000000,3277000000,2906000000,1.43,1.43,1.43,16533000000,16895000000,16533000000,40009656262,12,8.239,2572000000,2.053,1.0,17350000000,0.346,0,371000000,32281000000,31348500000,8355000000,790000000,286000000,504000000,17026000000,7891000000,9135000000,34069656262,362000000,-100000000,-2837000000,956000000,-647000000,-2549000000,-1437000000,455000000,4349000000,-1000000,1839000000,1839000000,1839000000,0,0,0.037,14073000000,3277000000,4352000000,0.371,2.061,18.526,19.021,21970000000,0,27.2,0.679,0.679,0,15852000000,50208000000,50208000000,0,0.054,0.109,0.105,0.065,107000000,12593000000,1.0,1252560892,1252560892,,40.084,33559000000,183000000,1067000000,531000000,26.792,2181000000
LOW,MRY,2012-12-31,2013-02-01,2013-02-01,2017-12-05,52000000,32666000000,34714750000,9784000000,22882000000,1.455,12.321,-1081000000,541000000,541000000,33194000000,1959000000,1.269,1.357,9077000000,47000000,9030000000,9077000000,1539000000,1623000000,0,0.016,0.62,3560000000,5183000000,0.103,5183000000,3560000000,3137000000,1.69,1.69,1.69,13857000000,14527250000,13857000000,51325550094,14,9.903,2681000000,2.384,1.0,17327000000,0.343,0,423000000,33494000000,33361000000,8600000000,396000000,125000000,271000000,18809000000,7708000000,11101000000,43367550094,-473000000,0,-4044000000,1393000000,-704000000,-3333000000,-903000000,174000000,3762000000,1000000,1959000000,1959000000,1959000000,0,0,0.039,13767000000,3560000000,4657000000,0.367,3.13,22.138,22.817,21477000000,0,38.56,0.858,0.858,0,13224000000,50521000000,50521000000,0,0.056,0.135,0.107,0.07,100000000,12244000000,1.0,1124677129,1124677129,,44.92,32666000000,217000000,1178000000,455000000,29.045,2076000000
LOW,MRY,2013-12-31,2014-01-31,2014-01-31,2017-12-05,-17000000,32732000000,33737000000,10296000000,22436000000,1.583,11.334,-865000000,391000000,391000000,34941000000,2286000000,1.16,1.761,10521000000,435000000,10086000000,10521000000,1622000000,1562000000,0,0.015,0.7,4149000000,5711000000,0.107,5711000000,4149000000,3673000000,2.14,2.14,2.14,11853000000,12704500000,11853000000,57451412791,13,10.06,3246000000,3.104,1.0,18476000000,0.346,0,476000000,33986000000,33007250000,9127000000,464000000,185000000,279000000,20879000000,8876000000,12003000000,48411412791,-150000000,-203000000,-3545000000,1324000000,-733000000,-2969000000,-1286000000,-223000000,4111000000,-6000000,2286000000,2286000000,2286000000,0,0,0.043,14327000000,4149000000,5008000000,0.327,4.084,21.177,21.631,20834000000,0,46.29,0.906,0.906,0,11355000000,53417000000,53417000000,0,0.068,0.18,0.126,0.078,100000000,12865000000,1.0,1045828749,1045828749,,51.076,32732000000,252000000,1387000000,291000000,31.298,1420000000
LOW,MRY,2014-12-31,2015-01-30,2015-01-30,2017-12-05,-103000000,31721000000,33279750000,9851000000,21870000000,1.689,10.246,-828000000,466000000,466000000,36665000000,2698000000,1.054,2.182,11358000000,552000000,10806000000,11358000000,1709000000,1586000000,0,0.013,0.87,4792000000,6378000000,0.113,6378000000,4792000000,4276000000,2.71,2.71,2.71,9968000000,10855000000,9968000000,75719291343,15,11.872,4101000000,4.215,1.0,19558000000,0.348,0,516000000,33265000000,32843500000,8911000000,479000000,125000000,354000000,21753000000,9348000000,12405000000,65924291343,75000000,0,-3768000000,805000000,-822000000,-3761000000,-1088000000,-256000000,4929000000,-5000000,2698000000,2698000000,2698000000,0,0,0.048,14766000000,4792000000,5124000000,0.321,6.614,24.435,25.004,20034000000,0,67.76,1.173,1.173,0,9591000000,56223000000,56223000000,0,0.081,0.249,0.146,0.085,119000000,13272000000,1.0,972908668,972908668,,57.789,31721000000,133000000,1578000000,0,32.604,503000000
LOW,MRY,2015-12-31,2016-01-29,2016-01-29,2017-12-05,-394000000,31266000000,32990250000,10561000000,20705000000,1.791,8.364,-1140000000,405000000,405000000,38504000000,2546000000,1.007,3.085,12649000000,1104000000,11545000000,12649000000,1807000000,1587000000,0,0.015,1.07,4971000000,6558000000,0.111,6558000000,4971000000,4419000000,2.73,2.73,2.73,7654000000,8549000000,7654000000,76948396137,15,11.734,3644000000,3.982,1.0,20570000000,0.348,154000000,552000000,32864000000,31926000000,9458000000,529000000,307000000,222000000,23612000000,10492000000,13120000000,65576396137,-61000000,0,-3800000000,1209000000,-957000000,-3493000000,-1343000000,-175000000,4784000000,-9000000,2546000000,2546000000,2546000000,0,0,0.043,15599000000,4971000000,5633000000,0.392,8.568,25.757,26.249,19577000000,0,71.66,1.11,1.11,0,7593000000,59074000000,59074000000,0,0.077,0.298,0.156,0.084,117000000,14105000000,1.0,915104607,915104607,,64.554,31112000000,241000000,1873000000,0,33.998,69000000
LOW,MRY,2016-12-31,2017-02-03,2017-02-03,2017-12-05,-240000000,34408000000,35856500000,12000000000,22408000000,1.813,7.397,-1130000000,558000000,558000000,42553000000,3093000000,1.002,4.348,15699000000,1305000000,14394000000,15699000000,2016000000,1590000000,0,0.018,1.33,5846000000,7436000000,0.114,7436000000,5846000000,5201000000,3.48,3.47,3.48,6434000000,6789500000,6434000000,77986097770,13,10.488,4487000000,5.158,1.0,22464000000,0.346,1082000000,645000000,36493000000,35553500000,10458000000,466000000,100000000,366000000,27974000000,11974000000,16000000000,63751097770,153000000,-2356000000,-3456000000,2560000000,-1121000000,-2092000000,-3361000000,138000000,5617000000,-11000000,3093000000,3093000000,3093000000,0,0,0.048,16618000000,5846000000,6651000000,0.382,9.908,20.611,21.06,19949000000,0,73.29,0.981,0.981,0,6241000000,65017000000,65017000000,0,0.086,0.456,0.164,0.09,90000000,15129000000,1.0,869847152,869847152,,74.745,33326000000,222000000,2108000000,0,38.312,26000000
