ticker,dimension,calendardate,datekey,reportperiod,lastupdated,accoci,assets,assetsavg,assetsc,assetsnc,assetturnover,bvps,capex,cashneq,cashnequsd,cor,consolinc,currentratio,de,debt,debtc,debtnc,debtusd,deferredrev,depamor,deposits,divyield,dps,ebit,ebitda,ebitdamargin,ebitdausd,ebitusd,ebt,eps,epsdil,epsusd,equity,equityavg,equityusd,ev,evebit,evebitda,fcf,fcfps,fxusd,gp,grossmargin,intangibles,intexp,invcap,invcapavg,inventory,investments,investmentsc,investmentsnc,liabilities,liabilitiesc,liabilitiesnc,marketcap,ncf,ncfbus,ncfcommon,ncfdebt,ncfdiv,ncff,ncfi,ncfinv,ncfo,ncfx,netinc,netinccmn,netinccmnusd,netincdis,netincnci,netmargin,opex,opinc,payables,payoutratio,pb,pe,pe1,ppnenet,prefdivis,price,ps,ps1,receivables,retearn,revenue,revenueusd,rnd,roa,roe,roic,ros,sbcomp,sgna,sharefactor,sharesbas,shareswa,shareswadil,sps,tangibles,taxassets,taxexp,taxliabilities,tbvps,workingcapital
MDT,MRY,2011-12-31,2011-04-29,2011-04-29,2017-12-04,-224000000,30675000000,29810750000,9150000000,21525000000,0.52,14.921,-501000000,1382000000,1382000000,3700000000,3096000000,1.936,0.921,9835000000,1723000000,8112000000,9835000000,0,804000000,0,0.022,0.9,3983000000,4787000000,0.309,4787000000,3983000000,3705000000,2.87,2.86,2.87,15968000000,15188000000,15968000000,54121482068,13,11.306,3240000000,3.007,1.0,11808000000,0.761,12245000000,278000000,22157000000,21586250000,1619000000,7162000000,1046000000,6116000000,14707000000,4726000000,9981000000,44646482068,63000000,-1332000000,-1055000000,18000000,-969000000,-2006000000,-1734000000,275000000,3741000000,62000000,3096000000,3096000000,3096000000,-41000000,0,0.2,7866000000,3942000000,495000000,0.314,2.796,14.421,14.547,2488000000,0,41.75,2.879,2.901,3761000000,16085000000,15508000000,15508000000,1472000000,0.104,0.204,0.185,0.257,198000000,5427000000,1.0,1069376816,1077400000,1081700000,14.394,18430000000,837000000,609000000,1014000000,17.221,4424000000
MDT,MRY,2012-12-31,2012-04-27,2012-04-27,2017-12-04,-473000000,32818000000,31893250000,16336000000,16482000000,0.507,16.453,-484000000,1172000000,1172000000,3889000000,3617000000,2.756,0.918,10633000000,3274000000,7359000000,10633000000,0,833000000,0,0.026,0.97,4496000000,5329000000,0.329,5329000000,4496000000,4347000000,3.43,3.41,3.43,17113000000,16840250000,17113000000,48249857528,10,9.054,3986000000,3.782,1.0,12295000000,0.76,12581000000,149000000,23771000000,23413750000,1800000000,8178000000,8178000000,0,15705000000,5927000000,9778000000,39219857528,-145000000,-170000000,-1344000000,601000000,-1021000000,-1882000000,-2662000000,-1987000000,4470000000,-71000000,3617000000,3617000000,3617000000,-202000000,0,0.223,8001000000,4294000000,565000000,0.283,2.292,10.843,10.988,2473000000,0,37.69,2.423,2.454,3808000000,17482000000,16184000000,16184000000,1490000000,0.113,0.215,0.192,0.278,161000000,5623000000,1.0,1040590542,1053900000,1059900000,15.356,20237000000,879000000,730000000,1449000000,19.457,10409000000
MDT,MRY,2013-12-31,2013-04-26,2013-04-26,2017-12-04,-492000000,34900000000,34265250000,17852000000,17048000000,0.484,18.393,-457000000,919000000,919000000,4126000000,3467000000,4.519,0.869,10651000000,910000000,9741000000,10651000000,0,819000000,0,0.022,1.04,4402000000,5221000000,0.315,5221000000,4402000000,4251000000,3.4,3.37,3.4,18671000000,17734250000,18671000000,57120045232,12,10.94,4485000000,4.4,1.0,12464000000,0.751,13002000000,151000000,27680000000,25536250000,1712000000,10211000000,10211000000,0,16229000000,3950000000,12279000000,47000045232,-253000000,-820000000,-980000000,-26000000,-1055000000,-2101000000,-3101000000,-1810000000,4942000000,7000000,3467000000,3467000000,3467000000,0,0,0.209,8062000000,4402000000,681000000,0.306,2.517,13.556,13.635,2490000000,0,46.36,2.833,2.848,3727000000,19061000000,16590000000,16590000000,1557000000,0.101,0.195,0.172,0.265,152000000,5698000000,1.0,1013805980,1019300000,1027500000,16.276,21898000000,771000000,784000000,1612000000,21.572,13902000000
MDT,MRY,2014-12-31,2014-04-25,2014-04-25,2017-12-04,-597000000,37943000000,36653500000,21210000000,16733000000,0.464,19.437,-396000000,1403000000,1403000000,4333000000,3065000000,3.815,0.951,11928000000,1613000000,10315000000,11928000000,0,850000000,0,0.019,1.12,3813000000,4663000000,0.274,4663000000,3813000000,3705000000,3.06,3.02,3.06,19443000000,19015000000,19443000000,69172429042,18,14.834,4563000000,4.553,1.0,12672000000,0.745,12879000000,108000000,30030000000,29195750000,1725000000,12838000000,12838000000,0,18500000000,5559000000,12941000000,58257429042,484000000,-385000000,-1246000000,1431000000,-1116000000,-918000000,-3594000000,-2784000000,4959000000,37000000,3065000000,3065000000,3065000000,0,0,0.18,8859000000,3813000000,742000000,0.366,2.996,19.007,19.023,2392000000,0,58.21,3.426,3.43,3811000000,19940000000,17005000000,17005000000,1477000000,0.084,0.161,0.131,0.224,145000000,5847000000,1.0,1000814792,1002100000,1013600000,16.969,25064000000,1036000000,640000000,1912000000,25.056,15651000000
MDT,MRY,2015-12-31,2015-04-24,2015-04-24,2017-12-04,-1184000000,106685000000,59563000000,30844000000,75841000000,0.34,48.59,-571000000,4843000000,4843000000,6309000000,2675000000,3.362,1.004,36186000000,2434000000,33752000000,36186000000,0,1306000000,0,0.016,1.22,3766000000,5072000000,0.25,5072000000,3766000000,3486000000,2.44,2.41,2.44,53230000000,28022250000,53230000000,122194436211,32,24.092,4331000000,3.953,1.0,13952000000,0.689,68631000000,280000000,60224000000,42364000000,3463000000,14637000000,14637000000,0,53455000000,9173000000,44282000000,110599436211,3440000000,-14884000000,-1271000000,18673000000,-1337000000,15949000000,-17058000000,-1692000000,4902000000,-353000000,2675000000,2675000000,2675000000,0,0,0.132,10186000000,3766000000,1610000000,0.5,2.078,41.346,31.807,4699000000,0,77.61,5.459,4.196,5112000000,54414000000,20261000000,20261000000,1640000000,0.045,0.095,0.089,0.186,439000000,6904000000,1.0,1425066824,1095500000,1109000000,18.495,38054000000,2109000000,811000000,8230000000,34.737,21671000000
MDT,MRY,2016-12-31,2016-04-29,2016-04-29,2017-12-04,-1868000000,99644000000,102980250000,23600000000,76044000000,0.28,37.164,-1046000000,2876000000,2876000000,9142000000,3538000000,3.294,0.914,31102000000,993000000,30109000000,31102000000,0,2820000000,0,0.019,1.52,5291000000,8111000000,0.281,8111000000,5291000000,4336000000,2.51,2.48,2.51,52063000000,51989250000,52063000000,144005573396,27,17.754,4172000000,2.96,1.0,19691000000,0.683,68399000000,955000000,52306000000,58691500000,3473000000,9758000000,9758000000,0,47581000000,7165000000,40416000000,110892573396,-1967000000,-1213000000,-2339000000,-5125000000,-2139000000,-9543000000,2245000000,4518000000,5218000000,113000000,3538000000,3538000000,3538000000,0,0,0.123,14400000000,5291000000,1709000000,0.606,2.13,31.343,31.534,4841000000,0,79.15,3.846,3.87,5562000000,21704000000,28833000000,28833000000,2224000000,0.034,0.068,0.09,0.184,375000000,9469000000,1.0,1401043252,1409600000,1425900000,20.455,31245000000,1383000000,798000000,7198000000,22.304,16435000000
MDT,MRY,2017-12-31,2017-04-28,2017-04-28,2017-12-04,-2613000000,99816000000,98600250000,24873000000,74943000000,0.301,36.714,-1254000000,4967000000,4967000000,9291000000,4024000000,1.749,0.982,33441000000,7520000000,25921000000,33441000000,0,2917000000,0,0.021,1.72,5334000000,8251000000,0.278,8251000000,5334000000,4606000000,2.92,2.89,2.92,50294000000,50172750000,50294000000,143121653902,26,17.346,5626000000,4.08,1.0,20419000000,0.687,61922000000,728000000,52148000000,50188500000,3338000000,8741000000,8741000000,0,49400000000,14220000000,35180000000,113740653902,2091000000,-1324000000,-3116000000,2193000000,-2376000000,-3283000000,-1571000000,985000000,6880000000,65000000,4028000000,4028000000,4028000000,0,-4000000,0.136,15089000000,5330000000,1731000000,0.589,2.262,28.238,28.455,4361000000,0,83.09,3.828,3.856,5591000000,23356000000,29710000000,29710000000,2193000000,0.041,0.08,0.106,0.18,348000000,9711000000,1.0,1368884991,1378900000,1391400000,21.546,37894000000,1509000000,578000000,6016000000,27.662,10653000000
