ticker,dimension,calendardate,datekey,reportperiod,lastupdated,accoci,assets,assetsavg,assetsc,assetsnc,assetturnover,bvps,capex,cashneq,cashnequsd,cor,consolinc,currentratio,de,debt,debtc,debtnc,debtusd,deferredrev,depamor,deposits,divyield,dps,ebit,ebitda,ebitdamargin,ebitdausd,ebitusd,ebt,eps,epsdil,epsusd,equity,equityavg,equityusd,ev,evebit,evebitda,fcf,fcfps,fxusd,gp,grossmargin,intangibles,intexp,invcap,invcapavg,inventory,investments,investmentsc,investmentsnc,liabilities,liabilitiesc,liabilitiesnc,marketcap,ncf,ncfbus,ncfcommon,ncfdebt,ncfdiv,ncff,ncfi,ncfinv,ncfo,ncfx,netinc,netinccmn,netinccmnusd,netincdis,netincnci,netmargin,opex,opinc,payables,payoutratio,pb,pe,pe1,ppnenet,prefdivis,price,ps,ps1,receivables,retearn,revenue,revenueusd,rnd,roa,roe,roic,ros,sbcomp,sgna,sharefactor,sharesbas,shareswa,shareswadil,sps,tangibles,taxassets,taxexp,taxliabilities,tbvps,workingcapital
MOS,MRY,2011-12-31,2011-05-31,2011-05-31,2018-02-22,710200000,15786900000,14439325000,6684900000,9102000000,0.688,26.067,-1263200000,3906400000,3906400000,6816000000,2513500000,3.466,0.354,832900000,71600000,761300000,832900000,0,447400000,0,0.003,0.2,3272500000,3719900000,0.374,3719900000,3272500000,3267400000,5.64,5.62,5.64,11641600000,10474225000,11641600000,29170206383,8,7.842,1163500000,2.609,1.0,3121800000,0.314,1829800000,5100000,8955100000,8753675000,1266400000,434300000,0,434300000,4125000000,1928500000,2196500000,31635606383,1383400000,-328900000,20300000,-512100000,-89300000,-585000000,-572100000,1030000000,2426700000,113800000,2514600000,2514600000,2514600000,0,-1100000,0.253,457600000,2664200000,941100000,0.035,2.717,12.581,12.562,6635900000,0,70.85,3.183,3.18,926000000,8330600000,9937800000,9937800000,0,0.174,0.24,0.374,0.329,21100000,372500000,1.0,446515263,446000000,447500000,22.282,13957100000,284300000,752800000,652300000,31.252,4756400000
MOS,MRY,2012-12-31,2012-05-31,2012-05-31,2018-02-22,378000000,16690400000,16152550000,6581100000,10109300000,0.688,28.176,-1639300000,3811000000,3811000000,8022800000,1930800000,3.432,0.391,1053000000,43000000,1010000000,1053000000,0,508100000,0,0.006,0.275,2622900000,3131000000,0.282,3131000000,2622900000,2641600000,4.44,4.42,4.44,11983100000,11828075000,11983100000,18177403461,6,5.806,1066500000,2.451,1.0,3085000000,0.278,1844400000,-18700000,10170300000,9898575000,1237600000,454200000,0,454200000,4691000000,1917700000,2773300000,20286003461,-95400000,0,-1162500000,224300000,-119500000,-1061100000,-1627400000,0,2705800000,-112700000,1930200000,1930200000,1930200000,0,600000,0.174,473900000,2611100000,912400000,0.062,1.693,10.51,10.739,7545900000,0,47.68,1.826,1.868,751600000,10141300000,11107800000,11107800000,0,0.119,0.163,0.265,0.236,23400000,410100000,1.0,425461482,435200000,436500000,25.523,14846000000,288400000,711400000,850300000,34.907,4663400000
MOS,MRY,2013-12-31,2013-05-31,2013-05-31,2018-02-22,326400000,18086000000,17388200000,6880500000,11205500000,0.574,31.515,-1588300000,3697100000,3697100000,7213900000,1891800000,3.899,0.346,1079200000,69600000,1009600000,1079200000,0,604800000,0,0.016,1.0,2210900000,2815700000,0.282,2815700000,2210900000,2229700000,4.44,4.42,4.44,13425400000,12704250000,13425400000,23644286561,10,8.397,292200000,0.686,1.0,2760200000,0.277,1844600000,-18800000,11858600000,11014450000,1557300000,431500000,0,431500000,4643100000,1764900000,2878200000,25894386561,-113900000,-15000000,0,33400000,-426600000,-390800000,-1589800000,0,1880500000,-13800000,1888700000,1888700000,1888700000,0,3100000,0.189,550600000,2209600000,763100000,0.225,1.929,13.71,13.698,8486800000,0,60.82,2.596,2.596,1015700000,11603400000,9974100000,9974100000,0,0.109,0.149,0.201,0.222,28200000,427300000,1.0,425754465,425700000,426900000,23.43,16241400000,288400000,341000000,1048500000,38.125,5115600000
MOS,MRY,2014-12-31,2014-12-31,2014-12-31,2018-02-22,-473700000,18283000000,18286075000,5215500000,13067500000,0.495,28.935,-929100000,2374600000,2374600000,7129200000,1030400000,3.266,0.707,3832500000,54500000,3778000000,3832500000,0,750900000,0,0.022,1.0,1320900000,2071800000,0.229,2071800000,1320900000,1213300000,2.69,2.68,2.69,10703100000,10931475000,10703100000,17795641455,13,8.589,1193000000,3.189,1.0,1926600000,0.213,1806500000,107600000,16337700000,15582300000,1718300000,849800000,0,849800000,7562400000,1596700000,5965700000,16950641455,-2918500000,-1798600000,-2755300000,961300000,-382500000,-2168400000,-2739100000,0,2122100000,-133100000,1028600000,1028600000,1028600000,0,1800000,0.114,620600000,1306000000,559600000,0.372,1.584,16.479,16.97,9313900000,0,45.65,1.872,1.886,754400000,11168900000,9055800000,9055800000,0,0.056,0.094,0.085,0.146,54300000,382400000,1.0,371317447,374100000,375600000,24.207,16476500000,543100000,184700000,1006500000,44.543,3618800000
MOS,MRY,2015-12-31,2015-12-31,2015-12-31,2018-02-22,-1492900000,17389500000,17479050000,4143400000,13246100000,0.509,27.041,-1000300000,1276300000,1276300000,7177400000,1001800000,2.024,0.821,3836700000,67200000,3769500000,3836700000,0,739800000,0,0.039,1.075,1197300000,1937100000,0.218,1937100000,1197300000,1099500000,2.79,2.78,2.79,9531800000,9868775000,9531800000,12239290726,10,6.318,1038000000,2.895,1.0,1717900000,0.193,1595300000,97800000,16307600000,15974100000,1563500000,980500000,0,980500000,7824500000,2047000000,5777500000,9725890726,-237600000,-124800000,-709500000,197100000,-384700000,-893400000,-1118400000,0,2038300000,-264100000,1000400000,1000400000,1000400000,0,1400000,0.112,456300000,1261600000,520600000,0.385,1.02,9.722,9.889,8721000000,0,27.59,1.093,1.112,675000000,11014800000,8895300000,8895300000,0,0.057,0.101,0.075,0.135,41300000,361200000,1.0,352515068,358500000,360300000,24.813,15794200000,691900000,99100000,977400000,44.806,2096400000
MOS,MRY,2016-12-31,2016-12-31,2016-12-31,2018-02-22,-1312200000,16840700000,17353950000,3057700000,13783000000,0.413,27.353,-843100000,673100000,673100000,6352800000,301200000,2.07,0.753,3818200000,38900000,3779300000,3818200000,0,711200000,0,0.038,1.1,336000000,1047200000,0.146,1047200000,336000000,223600000,0.85,0.85,0.85,9584600000,9843950000,9584600000,13495696642,40,12.887,417100000,1.19,1.0,810000000,0.113,1630900000,112400000,16878100000,16912375000,1391100000,1063100000,0,1063100000,7218200000,1476800000,5741400000,10272496642,-1425600000,-413000000,-75000000,-432000000,-385100000,-888600000,-1866000000,-630100000,1260200000,68800000,297800000,297800000,297800000,0,3400000,0.042,495300000,314700000,471800000,1.294,1.072,34.495,34.506,9198500000,0,29.33,1.434,1.435,627800000,10863400000,7162800000,7162800000,0,0.017,0.03,0.02,0.047,30500000,304200000,1.0,350238549,350400000,351700000,20.442,15209800000,836400000,-74200000,1009200000,43.407,1580900000
MOS,MRY,2017-12-31,2017-12-31,2017-12-31,2018-02-22,-1061600000,18633400000,17744325000,4616500000,14016900000,0.418,27.408,-820100000,2153500000,2153500000,6566600000,-104200000,2.273,0.935,5227700000,349600000,4878100000,5227700000,0,665500000,0,0.023,0.6,525800000,1191300000,0.161,1191300000,525800000,387700000,-0.31,-0.31,-0.31,9617500000,9777400000,9617500000,12237333993,23,10.272,115400000,0.329,1.0,842800000,0.114,1693600000,138100000,17982900000,17418175000,1547200000,1089500000,0,1089500000,8994300000,2031100000,6963200000,9007933993,1483000000,-112000000,0,1412100000,-210600000,1200800000,-667800000,-18200000,935500000,14500000,-107200000,-107200000,-107200000,0,3000000,-0.014,380600000,462200000,540900000,-1.935,0.937,-84.029,-82.774,9711700000,0,25.66,1.216,1.215,642600000,10631100000,7409400000,7409400000,0,-0.006,-0.011,0.03,0.071,28000000,301300000,1.0,351049649,350900000,350900000,21.115,16939800000,254600000,494900000,1117300000,48.275,2585400000
