ticker,dimension,calendardate,datekey,reportperiod,lastupdated,accoci,assets,assetsavg,assetsc,assetsnc,assetturnover,bvps,capex,cashneq,cashnequsd,cor,consolinc,currentratio,de,debt,debtc,debtnc,debtusd,deferredrev,depamor,deposits,divyield,dps,ebit,ebitda,ebitdamargin,ebitdausd,ebitusd,ebt,eps,epsdil,epsusd,equity,equityavg,equityusd,ev,evebit,evebitda,fcf,fcfps,fxusd,gp,grossmargin,intangibles,intexp,invcap,invcapavg,inventory,investments,investmentsc,investmentsnc,liabilities,liabilitiesc,liabilitiesnc,marketcap,ncf,ncfbus,ncfcommon,ncfdebt,ncfdiv,ncff,ncfi,ncfinv,ncfo,ncfx,netinc,netinccmn,netinccmnusd,netincdis,netincnci,netmargin,opex,opinc,payables,payoutratio,pb,pe,pe1,ppnenet,prefdivis,price,ps,ps1,receivables,retearn,revenue,revenueusd,rnd,roa,roe,roic,ros,sbcomp,sgna,sharefactor,sharesbas,shareswa,shareswadil,sps,tangibles,taxassets,taxexp,taxliabilities,tbvps,workingcapital
MPC,MRY,2011-12-31,2011-12-31,2011-12-31,2018-02-28,-879000000,25745000000,24488500000,12001000000,13744000000,3.216,13.35,-1041000000,3079000000,3079000000,72825000000,2389000000,1.251,1.709,3307000000,15000000,3292000000,3307000000,0,891000000,0,0.014,0.225,3780000000,4671000000,0.059,4671000000,3780000000,3719000000,3.35,3.335,3.35,9505000000,8874500000,9505000000,12210494373,3,2.614,2268000000,3.185,1.0,5934000000,0.075,842000000,61000000,15540000000,16547000000,3320000000,302000000,0,302000000,16240000000,9591000000,6649000000,11868494373,2961000000,-74000000,1000000,-701000000,-160000000,-1643000000,1295000000,2401000000,3309000000,0,2389000000,2389000000,2389000000,0,0,0.03,2189000000,3745000000,8501000000,0.067,1.249,4.968,4.969,12228000000,0,16.645,0.151,0.15,5461000000,898000000,78759000000,78759000000,0,0.098,0.269,0.228,0.048,0,1059000000,1.0,713036610,712000000,714000000,110.617,24903000000,0,1330000000,2205000000,34.976,2410000000
MPC,MRY,2012-12-31,2012-12-31,2012-12-31,2018-02-28,-464000000,27223000000,25948250000,13029000000,14194000000,3.179,17.506,-1316000000,4860000000,4860000000,74657000000,3393000000,1.588,1.293,3361000000,19000000,3342000000,3361000000,0,995000000,0,0.019,0.6,5343000000,6338000000,0.077,6338000000,5343000000,5234000000,4.975,4.945,4.975,11694000000,10675750000,11694000000,21330535930,3,3.365,3176000000,4.671,1.0,7835000000,0.095,930000000,109000000,16591000000,16976250000,3449000000,321000000,0,321000000,15118000000,8203000000,6915000000,21368535930,1781000000,-247000000,-1242000000,-23000000,-407000000,-1259000000,-1452000000,108000000,4492000000,0,3389000000,3389000000,3389000000,0,4000000,0.041,2488000000,5347000000,7149000000,0.121,1.827,6.305,6.332,12643000000,0,31.5,0.259,0.26,4610000000,3880000000,82492000000,82492000000,0,0.131,0.317,0.315,0.065,0,1223000000,1.0,678366220,680000000,684000000,121.312,26293000000,0,1845000000,2973000000,39.361,4826000000
MPC,MRY,2013-12-31,2013-12-31,2013-12-31,2018-02-28,-204000000,28385000000,29464000000,12737000000,15648000000,3.403,18.384,-1190000000,2292000000,2292000000,94021000000,2133000000,1.297,1.562,3396000000,23000000,3373000000,3396000000,0,1220000000,0,0.021,0.98,3404000000,4624000000,0.046,4624000000,3404000000,3225000000,3.34,3.32,3.34,10920000000,11388750000,10920000000,28998177172,8,6.271,2215000000,3.516,1.0,6233000000,0.062,938000000,179000000,18727000000,18606750000,4689000000,463000000,0,463000000,17053000000,9824000000,7229000000,27613177172,-2568000000,-1666000000,-2745000000,-25000000,-484000000,-3217000000,-2756000000,77000000,3405000000,0,2112000000,2112000000,2112000000,0,21000000,0.021,2808000000,3425000000,8640000000,0.293,2.529,13.074,13.732,13921000000,0,45.865,0.275,0.288,5559000000,5507000000,100254000000,100254000000,0,0.072,0.185,0.183,0.034,0,1248000000,1.0,602053356,630000000,634000000,159.133,27447000000,0,1113000000,3190000000,46.207,2913000000
MPC,MRY,2014-12-31,2014-12-31,2014-12-31,2018-02-28,-313000000,30425000000,30166250000,11339000000,19086000000,3.252,19.371,-1453000000,1494000000,1494000000,90960000000,2555000000,1.322,1.771,6602000000,27000000,6575000000,6602000000,0,1326000000,0,0.02,0.92,4020000000,5346000000,0.054,5346000000,4020000000,3804000000,4.42,4.39,4.42,10751000000,10641000000,10751000000,29700196983,7,5.556,1657000000,2.907,1.0,7142000000,0.073,1566000000,216000000,25388000000,21839750000,5642000000,865000000,0,865000000,19035000000,8579000000,10456000000,25290196983,-798000000,-3234000000,-2105000000,3223000000,-524000000,635000000,-4543000000,9000000,3110000000,0,2524000000,2524000000,2524000000,0,31000000,0.026,3091000000,4051000000,7088000000,0.208,2.352,10.02,10.21,16261000000,0,45.13,0.258,0.262,4058000000,7515000000,98102000000,98102000000,0,0.084,0.237,0.184,0.041,0,1375000000,1.0,560385486,570000000,574000000,172.109,28859000000,0,1280000000,3124000000,51.998,2760000000
MPC,MRY,2015-12-31,2015-12-31,2015-12-31,2018-02-28,-318000000,43115000000,33527750000,9471000000,33644000000,2.155,24.882,-1977000000,1127000000,1127000000,63583000000,2868000000,1.493,1.771,11925000000,29000000,11896000000,11925000000,0,1502000000,0,0.022,1.14,4676000000,6178000000,0.085,6178000000,4676000000,4358000000,5.29,5.26,5.29,13237000000,12123750000,13237000000,32277376151,6,5.225,2096000000,3.896,1.0,8675000000,0.12,4019000000,318000000,43549000000,29805250000,5225000000,3622000000,0,3622000000,23440000000,6345000000,17095000000,27629376151,-367000000,-1549000000,-932000000,746000000,-613000000,-999000000,-3441000000,4000000,4073000000,0,2852000000,2852000000,2852000000,0,16000000,0.039,3983000000,4692000000,5246000000,0.216,2.087,9.688,9.8,25164000000,0,51.84,0.382,0.386,2927000000,9752000000,72258000000,72258000000,0,0.085,0.235,0.157,0.065,0,1576000000,1.0,532974077,538000000,542000000,134.309,39096000000,0,1506000000,3929000000,73.489,3126000000
MPC,MRY,2016-12-31,2016-12-31,2016-12-31,2018-02-28,-234000000,44413000000,43399250000,10401000000,34012000000,1.46,25.676,-2791000000,887000000,887000000,57185000000,1213000000,1.455,1.712,10572000000,28000000,10544000000,10572000000,0,2001000000,0,0.027,1.36,2339000000,4340000000,0.068,4340000000,2339000000,1783000000,2.22,2.21,2.22,13557000000,13336000000,13557000000,36432494766,15,8.395,1204000000,2.28,1.0,6179000000,0.098,3587000000,556000000,43365000000,43326750000,5656000000,3827000000,0,3827000000,23210000000,7146000000,16064000000,26575494766,-240000000,-288000000,-186000000,-1416000000,-719000000,-1294000000,-2941000000,26000000,3995000000,0,1174000000,1174000000,1174000000,0,39000000,0.019,3801000000,2378000000,6123000000,0.613,1.96,22.637,22.68,25765000000,0,50.35,0.419,0.42,3617000000,10206000000,63364000000,63364000000,0,0.027,0.088,0.054,0.037,0,1605000000,1.0,527815189,528000000,530000000,120.008,40826000000,0,609000000,4478000000,77.322,3255000000
MPC,MRY,2017-12-31,2017-12-31,2017-12-31,2018-02-28,-231000000,49047000000,46780250000,13401000000,35646000000,1.611,28.874,-2653000000,3011000000,3011000000,67089000000,3804000000,1.279,1.94,12946000000,624000000,12322000000,12946000000,0,2114000000,0,0.023,1.52,3597000000,5711000000,0.076,5711000000,3597000000,2972000000,6.76,6.7,6.76,14033000000,13167250000,14033000000,42919434976,11,7.515,3956000000,7.803,1.0,8280000000,0.11,3586000000,625000000,44918000000,45811000000,5550000000,4787000000,0,4787000000,27219000000,10478000000,16741000000,32225434976,2124000000,-1054000000,-2326000000,2236000000,-773000000,-1091000000,-3394000000,65000000,6609000000,0,3432000000,3432000000,3432000000,0,372000000,0.046,4311000000,3969000000,8888000000,0.225,2.296,9.39,9.76,26443000000,0,65.98,0.428,0.444,4695000000,12864000000,75369000000,75369000000,0,0.073,0.261,0.079,0.048,0,1743000000,1.0,488412170,507000000,512000000,148.657,45461000000,0,-460000000,3324000000,93.541,2923000000
