ticker,dimension,calendardate,datekey,reportperiod,lastupdated,accoci,assets,assetsavg,assetsc,assetsnc,assetturnover,bvps,capex,cashneq,cashnequsd,cor,consolinc,currentratio,de,debt,debtc,debtnc,debtusd,deferredrev,depamor,deposits,divyield,dps,ebit,ebitda,ebitdamargin,ebitdausd,ebitusd,ebt,eps,epsdil,epsusd,equity,equityavg,equityusd,ev,evebit,evebitda,fcf,fcfps,fxusd,gp,grossmargin,intangibles,intexp,invcap,invcapavg,inventory,investments,investmentsc,investmentsnc,liabilities,liabilitiesc,liabilitiesnc,marketcap,ncf,ncfbus,ncfcommon,ncfdebt,ncfdiv,ncff,ncfi,ncfinv,ncfo,ncfx,netinc,netinccmn,netinccmnusd,netincdis,netincnci,netmargin,opex,opinc,payables,payoutratio,pb,pe,pe1,ppnenet,prefdivis,price,ps,ps1,receivables,retearn,revenue,revenueusd,rnd,roa,roe,roic,ros,sbcomp,sgna,sharefactor,sharesbas,shareswa,shareswadil,sps,tangibles,taxassets,taxexp,taxliabilities,tbvps,workingcapital
MU,MRY,2011-12-31,2011-09-01,2011-09-01,2017-12-21,132000000,14752000000,14584250000,5832000000,8920000000,0.603,8.537,-2423000000,2160000000,2160000000,7030000000,190000000,2.352,0.579,2001000000,140000000,1861000000,2001000000,443000000,2105000000,0,0.0,0.0,494000000,2599000000,0.296,2599000000,494000000,370000000,0.17,0.17,0.17,8470000000,8435250000,8470000000,4926849987,9,1.896,61000000,0.062,1.0,1758000000,0.2,414000000,124000000,11699000000,10938250000,2080000000,535000000,0,535000000,4900000000,2480000000,2420000000,5762849987,-753000000,0,-135000000,-257000000,0,-1195000000,-2042000000,65000000,2484000000,0,167000000,167000000,167000000,0,23000000,0.019,997000000,761000000,1830000000,0.0,0.68,34.508,33.765,7555000000,0,5.74,0.656,0.645,1497000000,-370000000,8788000000,8788000000,791000000,0.011,0.02,0.045,0.056,76000000,592000000,1.0,1003980834,988000000,1007500000,8.895,14338000000,0,203000000,0,14.451,3352000000
MU,MRY,2012-12-31,2012-08-30,2012-08-30,2017-12-21,80000000,14328000000,14248500000,5758000000,8570000000,0.578,7.606,-1699000000,2459000000,2459000000,7266000000,-1031000000,2.567,0.768,3262000000,224000000,3038000000,3262000000,248000000,2141000000,0,0.0,0.0,-870000000,1271000000,0.154,1271000000,-870000000,-1049000000,-1.04,-1.04,-1.04,7700000000,7942000000,7700000000,7295355324,-8,5.74,415000000,0.419,1.0,968000000,0.118,371000000,179000000,12517000000,12282000000,1812000000,863000000,100000000,763000000,5911000000,2243000000,3668000000,6288355324,299000000,0,-1000000,1471000000,0,497000000,-2312000000,-661000000,2114000000,0,-1032000000,-1032000000,-1032000000,0,1000000,-0.125,1580000000,-612000000,1641000000,0.0,0.817,-6.093,-5.942,7103000000,0,6.18,0.764,0.744,1289000000,-1402000000,8234000000,8234000000,918000000,-0.072,-0.13,-0.071,-0.106,87000000,620000000,1.0,1017533224,991000000,991000000,8.309,13957000000,47000000,-17000000,0,13.787,3515000000
MU,MRY,2013-12-31,2013-08-29,2013-08-29,2017-12-21,63000000,19118000000,15288000000,8911000000,10207000000,0.593,8.841,-1442000000,3436000000,3436000000,7226000000,1194000000,2.16,0.997,6037000000,1585000000,4452000000,6037000000,243000000,1804000000,0,0.0,0.0,1429000000,3233000000,0.356,3233000000,1429000000,1198000000,1.16,1.13,1.16,9142000000,7792500000,9142000000,15276107269,10,4.725,369000000,0.361,1.0,1847000000,0.204,386000000,231000000,17208000000,13929000000,2649000000,1116000000,221000000,895000000,9112000000,4125000000,4987000000,14092107269,421000000,0,145000000,504000000,0,520000000,-1910000000,-499000000,1811000000,0,1190000000,1190000000,1190000000,0,4000000,0.131,1611000000,236000000,2115000000,0.0,1.541,11.842,11.698,7626000000,0,13.57,1.553,1.529,2329000000,-212000000,9073000000,9073000000,931000000,0.078,0.153,0.103,0.158,91000000,562000000,1.0,1038475112,1022000000,1057000000,8.878,18732000000,861000000,8000000,0,18.116,4786000000
MU,MRY,2014-12-31,2014-08-28,2014-08-28,2017-12-21,56000000,22416000000,20830000000,10245000000,12171000000,0.785,10.094,-3107000000,4150000000,4150000000,10921000000,3079000000,2.138,1.002,6579000000,1618000000,4961000000,6579000000,309000000,2103000000,0,0.0,0.0,3525000000,5628000000,0.344,5628000000,3525000000,3173000000,2.87,2.54,2.87,10760000000,9800750000,10760000000,36804710734,10,6.54,2592000000,2.445,1.0,5437000000,0.332,468000000,352000000,19586000000,17746750000,2455000000,2174000000,384000000,1790000000,10786000000,4791000000,5995000000,35133710734,1270000000,105000000,189000000,-1617000000,0,-1499000000,-2902000000,-514000000,5699000000,-28000000,3045000000,3045000000,3045000000,0,34000000,0.186,2350000000,3087000000,2864000000,0.0,3.265,11.538,11.432,8682000000,0,32.81,2.148,2.126,2906000000,2729000000,16358000000,16358000000,1371000000,0.146,0.311,0.199,0.215,115000000,707000000,1.0,1070823247,1060000000,1198000000,15.432,21948000000,816000000,128000000,0,20.589,5454000000
MU,MRY,2015-12-31,2015-09-03,2015-09-03,2017-12-21,13000000,24143000000,23909750000,8596000000,15547000000,0.677,11.562,-4021000000,2287000000,2287000000,10977000000,2899000000,2.201,0.882,7390000000,1089000000,6301000000,7390000000,205000000,2667000000,0,0.0,0.0,3427000000,6094000000,0.376,6094000000,3427000000,3056000000,2.71,2.47,2.71,12302000000,12216000000,12302000000,21879197068,6,3.59,1187000000,1.109,1.0,5215000000,0.322,449000000,371000000,24892000000,22788500000,2340000000,4726000000,1234000000,3492000000,10855000000,3905000000,6950000000,17974197068,-1859000000,0,-810000000,174000000,0,-718000000,-6216000000,-2220000000,5208000000,-133000000,2899000000,2899000000,2899000000,0,0,0.179,2217000000,2998000000,2611000000,0.0,1.461,6.2,6.122,10554000000,0,16.59,1.11,1.096,2507000000,5588000000,16192000000,16192000000,1540000000,0.121,0.237,0.15,0.212,168000000,719000000,1.0,1083435628,1070000000,1170000000,15.133,23694000000,597000000,157000000,0,22.269,4691000000
MU,MRY,2016-12-31,2016-09-01,2016-09-01,2017-12-21,-35000000,27540000000,25937000000,9495000000,18045000000,0.478,11.627,-5817000000,4140000000,4140000000,9894000000,-275000000,1.964,1.21,9910000000,756000000,9154000000,9910000000,200000000,2980000000,0,0.0,0.0,180000000,3160000000,0.255,3160000000,180000000,-257000000,-0.27,-0.27,-0.27,12080000000,12208000000,12080000000,22282818635,123,7.052,-2649000000,-2.557,1.0,2505000000,0.202,568000000,437000000,27907000000,26009500000,2889000000,2036000000,258000000,1778000000,14612000000,4835000000,9777000000,17278818635,1888000000,0,-100000000,2094000000,0,1745000000,-3044000000,2847000000,3168000000,19000000,-276000000,-276000000,-276000000,0,1000000,-0.022,2337000000,168000000,3879000000,0.0,1.43,-62.604,-61.63,14686000000,0,16.64,1.394,1.39,2068000000,5299000000,12399000000,12399000000,1617000000,-0.011,-0.023,0.007,0.015,191000000,659000000,1.0,1038390543,1036000000,1036000000,11.968,26972000000,657000000,19000000,0,25.96,4660000000
MU,MRY,2017-12-31,2017-08-31,2017-08-31,2017-12-21,29000000,35336000000,32198500000,12457000000,22879000000,0.631,16.776,-4734000000,5109000000,5109000000,11886000000,5090000000,2.335,0.851,11155000000,1262000000,9893000000,11155000000,408000000,3861000000,0,0.0,0.0,5804000000,9665000000,0.476,9665000000,5804000000,5203000000,4.67,4.41,4.67,18621000000,15349750000,18621000000,43239684713,7,4.474,3419000000,3.14,1.0,8436000000,0.415,1615000000,601000000,34433000000,32570500000,3123000000,936000000,319000000,617000000,15845000000,5334000000,10511000000,35616684713,953000000,-2634000000,107000000,753000000,0,349000000,-7537000000,-359000000,8153000000,-12000000,5089000000,5089000000,5089000000,0,1000000,0.25,2568000000,5868000000,3664000000,0.0,1.913,6.999,6.846,19431000000,0,31.97,1.753,1.713,3759000000,10260000000,20322000000,20322000000,1824000000,0.158,0.332,0.178,0.286,215000000,743000000,1.0,1114065834,1089000000,1154000000,18.661,33721000000,766000000,114000000,0,30.379,7123000000
