ticker,dimension,calendardate,datekey,reportperiod,lastupdated,accoci,assets,assetsavg,assetsc,assetsnc,assetturnover,bvps,capex,cashneq,cashnequsd,cor,consolinc,currentratio,de,debt,debtc,debtnc,debtusd,deferredrev,depamor,deposits,divyield,dps,ebit,ebitda,ebitdamargin,ebitdausd,ebitusd,ebt,eps,epsdil,epsusd,equity,equityavg,equityusd,ev,evebit,evebitda,fcf,fcfps,fxusd,gp,grossmargin,intangibles,intexp,invcap,invcapavg,inventory,investments,investmentsc,investmentsnc,liabilities,liabilitiesc,liabilitiesnc,marketcap,ncf,ncfbus,ncfcommon,ncfdebt,ncfdiv,ncff,ncfi,ncfinv,ncfo,ncfx,netinc,netinccmn,netinccmnusd,netincdis,netincnci,netmargin,opex,opinc,payables,payoutratio,pb,pe,pe1,ppnenet,prefdivis,price,ps,ps1,receivables,retearn,revenue,revenueusd,rnd,roa,roe,roic,ros,sbcomp,sgna,sharefactor,sharesbas,shareswa,shareswadil,sps,tangibles,taxassets,taxexp,taxliabilities,tbvps,workingcapital
NKE,MRY,2011-12-31,2011-05-31,2011-05-31,2018-01-05,95000000,14998000000,14497750000,11297000000,3701000000,1.388,5.19,-431000000,1955000000,1955000000,10915000000,2133000000,2.854,0.524,663000000,387000000,276000000,663000000,0,335000000,0,0.014,0.29,2827000000,3162000000,0.157,3162000000,2827000000,2823000000,1.14,1.12,1.14,9843000000,9838500000,9843000000,38521273348,13,12.183,1381000000,0.728,1.0,9202000000,0.457,692000000,4000000,9056000000,9053000000,2715000000,2583000000,2583000000,0,5155000000,3958000000,1197000000,40040273348,-1124000000,0,-1514000000,33000000,-555000000,-1972000000,-1021000000,-560000000,1812000000,57000000,2133000000,2133000000,2133000000,39000000,0,0.106,6361000000,2841000000,1469000000,0.254,4.068,18.772,18.52,2115000000,0,21.113,1.99,1.99,3138000000,5801000000,20117000000,20117000000,0,0.147,0.217,0.312,0.141,105000000,6361000000,1.0,1896519756,1896519756,,10.607,14306000000,1206000000,690000000,1038000000,7.543,7339000000
NKE,MRY,2012-12-31,2012-05-31,2012-05-31,2018-01-05,149000000,15465000000,14906750000,11845000000,3620000000,1.565,5.662,-561000000,2317000000,2317000000,13183000000,2211000000,3.051,0.49,385000000,157000000,228000000,385000000,0,373000000,0,0.016,0.43,2969000000,3342000000,0.143,3342000000,2969000000,2965000000,1.23,1.2,1.23,10381000000,10074750000,10381000000,47934251213,16,14.343,1263000000,0.689,1.0,10148000000,0.435,501000000,4000000,9150000000,9042500000,3222000000,1440000000,1440000000,0,5084000000,3882000000,1202000000,49586251213,377000000,0,-1346000000,-250000000,-619000000,-2100000000,586000000,1161000000,1824000000,67000000,2211000000,2211000000,2211000000,46000000,0,0.095,7079000000,3069000000,1549000000,0.35,4.777,22.427,21.988,2209000000,0,27.045,2.125,2.125,3132000000,5588000000,23331000000,23331000000,0,0.148,0.219,0.328,0.127,130000000,7079000000,1.0,1833472036,1833472036,,12.725,14964000000,1172000000,754000000,1039000000,8.162,7963000000
NKE,MRY,2013-12-31,2013-05-31,2013-05-31,2018-01-05,274000000,17545000000,15861250000,13630000000,3915000000,1.596,6.2,-584000000,3337000000,3337000000,14279000000,2472000000,3.44,0.583,1365000000,155000000,1210000000,1365000000,0,438000000,0,0.013,0.41,3274000000,3712000000,0.147,3712000000,3274000000,3277000000,1.38,1.35,1.38,11081000000,10452250000,11081000000,52864274571,16,14.241,2448000000,1.37,1.0,11034000000,0.436,420000000,-3000000,11191000000,9566500000,3484000000,2628000000,2628000000,0,6464000000,3962000000,2502000000,55100274571,1083000000,786000000,-1361000000,947000000,-703000000,-1045000000,-940000000,-1140000000,3032000000,36000000,2472000000,2472000000,2472000000,-21000000,0,0.098,7796000000,3238000000,1669000000,0.297,4.973,22.29,22.341,2452000000,0,30.83,2.177,2.177,3117000000,5620000000,25313000000,25313000000,0,0.156,0.237,0.342,0.129,174000000,7796000000,1.0,1787229146,1787229146,,14.163,17125000000,1351000000,805000000,1376000000,9.582,9668000000
NKE,MRY,2014-12-31,2014-05-31,2014-05-31,2018-01-05,85000000,18594000000,17972750000,13696000000,4898000000,1.547,6.163,-877000000,2220000000,2220000000,15353000000,2693000000,2.724,0.718,1373000000,174000000,1199000000,1373000000,0,518000000,0,0.012,0.46,3577000000,4095000000,0.147,4095000000,3577000000,3544000000,1.52,1.49,1.52,10824000000,11145750000,10824000000,67000656876,18,16.362,2136000000,1.216,1.0,12446000000,0.448,413000000,33000000,12307000000,12398250000,3947000000,2922000000,2922000000,0,7770000000,5027000000,2743000000,67537656876,-1117000000,0,-2245000000,-2000000,-799000000,-2914000000,-1207000000,-328000000,3013000000,-9000000,2693000000,2693000000,2693000000,0,0,0.097,8766000000,3680000000,1930000000,0.303,6.24,25.079,25.299,2834000000,0,38.455,2.429,2.429,3434000000,4871000000,27799000000,27799000000,0,0.15,0.242,0.289,0.129,177000000,8766000000,1.0,1756277646,1756277646,,15.828,18181000000,2006000000,851000000,1976000000,10.352,8669000000
NKE,MRY,2015-12-31,2015-05-31,2015-05-31,2018-01-05,1246000000,21597000000,19956500000,15587000000,6010000000,1.533,7.39,-960000000,3852000000,3852000000,16534000000,3273000000,2.462,0.7,1260000000,181000000,1079000000,1260000000,0,606000000,0,0.011,0.54,4233000000,4839000000,0.158,4839000000,4233000000,4205000000,1.9,1.85,1.9,12707000000,11970000000,12707000000,85646533916,20,17.699,3720000000,2.163,1.0,14067000000,0.46,412000000,28000000,12261000000,12552750000,4337000000,2072000000,2072000000,0,8890000000,6332000000,2558000000,87410533916,1632000000,0,-2020000000,-89000000,-899000000,-2790000000,-175000000,785000000,4680000000,-83000000,3273000000,3273000000,3273000000,0,0,0.107,9892000000,4175000000,2131000000,0.284,6.879,26.707,26.755,3011000000,0,50.835,2.856,2.856,3358000000,4685000000,30601000000,30601000000,0,0.164,0.273,0.337,0.138,191000000,9892000000,1.0,1719495110,1719495110,,17.797,21185000000,2587000000,932000000,1550000000,12.32,9255000000
NKE,MRY,2016-12-31,2016-05-31,2016-05-31,2018-01-05,318000000,21379000000,21428750000,15025000000,6354000000,1.511,7.276,-1133000000,3138000000,3138000000,17405000000,3760000000,2.804,0.744,2038000000,45000000,1993000000,2038000000,0,649000000,0,0.008,0.46,4642000000,5291000000,0.163,5291000000,4642000000,4623000000,2.21,2.16,2.21,12258000000,12714250000,12258000000,92041336084,19,17.396,1963000000,1.165,1.0,14971000000,0.462,412000000,19000000,14509000000,14283750000,4838000000,2319000000,2319000000,0,9121000000,5358000000,3763000000,93030336084,-714000000,0,-2731000000,801000000,-1022000000,-2671000000,-1034000000,93000000,3096000000,-105000000,3760000000,3760000000,3760000000,0,0,0.116,10469000000,4502000000,2191000000,0.208,7.589,24.742,24.986,3520000000,0,55.22,2.873,2.873,3241000000,4151000000,32376000000,32376000000,0,0.175,0.296,0.325,0.143,236000000,10469000000,1.0,1684721769,1684721769,,19.217,20967000000,2422000000,863000000,1855000000,12.445,9667000000
NKE,MRY,2017-12-31,2017-05-31,2017-05-31,2018-01-05,-213000000,23259000000,22554750000,16061000000,7198000000,1.523,7.516,-1092000000,3808000000,3808000000,19038000000,4240000000,2.934,0.875,3802000000,331000000,3471000000,3802000000,0,706000000,0,0.013,0.68,4945000000,5651000000,0.165,5651000000,4945000000,4886000000,2.56,2.51,2.56,12407000000,12404250000,12407000000,86954119590,17,15.387,2548000000,1.544,1.0,15312000000,0.446,422000000,59000000,17357000000,16317250000,5055000000,2371000000,2371000000,0,10852000000,5474000000,5378000000,87474119590,670000000,0,-2734000000,1748000000,-1133000000,-1942000000,-1008000000,118000000,3640000000,-20000000,4240000000,4240000000,4240000000,0,0,0.123,10563000000,4749000000,2048000000,0.266,7.05,20.631,20.699,3989000000,0,52.99,2.547,2.547,3677000000,3979000000,34350000000,34350000000,0,0.188,0.342,0.303,0.144,215000000,10563000000,1.0,1650766552,1650766552,,20.809,22837000000,2787000000,646000000,1991000000,13.834,10587000000
