ticker,dimension,calendardate,datekey,reportperiod,lastupdated,accoci,assets,assetsavg,assetsc,assetsnc,assetturnover,bvps,capex,cashneq,cashnequsd,cor,consolinc,currentratio,de,debt,debtc,debtnc,debtusd,deferredrev,depamor,deposits,divyield,dps,ebit,ebitda,ebitdamargin,ebitdausd,ebitusd,ebt,eps,epsdil,epsusd,equity,equityavg,equityusd,ev,evebit,evebitda,fcf,fcfps,fxusd,gp,grossmargin,intangibles,intexp,invcap,invcapavg,inventory,investments,investmentsc,investmentsnc,liabilities,liabilitiesc,liabilitiesnc,marketcap,ncf,ncfbus,ncfcommon,ncfdebt,ncfdiv,ncff,ncfi,ncfinv,ncfo,ncfx,netinc,netinccmn,netinccmnusd,netincdis,netincnci,netmargin,opex,opinc,payables,payoutratio,pb,pe,pe1,ppnenet,prefdivis,price,ps,ps1,receivables,retearn,revenue,revenueusd,rnd,roa,roe,roic,ros,sbcomp,sgna,sharefactor,sharesbas,shareswa,shareswadil,sps,tangibles,taxassets,taxexp,taxliabilities,tbvps,workingcapital
NVDA,MRY,2011-12-31,2012-01-29,2012-01-29,2018-02-28,10614000,5552928000,5060784750,3905358000,1647570000,0.79,6.764,-138735000,667876000,667876000,1941413000,581090000,4.199,0.339,21439000,0,21439000,21439000,0,204205000,0,0.0,0.0,666485000,870690000,0.218,870690000,666485000,663396000,0.96,0.94,0.96,4145724000,3814112750,4145724000,8559975730,12,9.831,770421000,1.276,1.0,2056517000,0.514,967166000,3089000,3009367000,2641154750,340297000,2461700000,2461700000,0,1407204000,929958000,477246000,9104842730,2515000,-348884000,195857000,-1608000,0,236723000,-1143364000,-654155000,909156000,0,581090000,581090000,581090000,0,0,0.145,1408218000,648299000,335072000,0.0,2.196,15.669,15.531,560072000,0,14.91,2.277,2.251,336143000,2730418000,3997930000,3997930000,1002605000,0.115,0.152,0.252,0.167,83561000,405613000,1.0,610653436,603646000,616371000,6.623,4585762000,49931000,82306000,0,7.482,2975400000
NVDA,MRY,2012-12-31,2013-01-27,2013-01-27,2018-02-28,9981000,6412245000,6021859250,4775258000,1636987000,0.711,7.785,-183309000,732786000,732786000,2053816000,562536000,4.892,0.328,18998000,0,18998000,18998000,0,226235000,0,0.006,0.075,665333000,891568000,0.208,891568000,665333000,662039000,0.91,0.9,0.91,4827703000,4572910500,4827703000,7248637403,10,8.13,640863000,1.035,1.0,2226343000,0.52,953362000,3294000,3768872000,3546305750,412467000,2995097000,2995097000,0,1584542000,976223000,608319000,7754398403,64910000,0,-35065000,-2049000,-46866000,-15270000,-743992000,-561035000,824172000,0,562536000,562536000,562536000,0,0,0.131,1578104000,648239000,356428000,0.082,1.606,13.785,13.637,576144000,0,12.41,1.812,1.796,454252000,3246088000,4280159000,4280159000,1147282000,0.093,0.123,0.188,0.155,67952000,430822000,1.0,624850798,619324000,624957000,6.911,5458883000,103736000,99503000,0,8.802,3799035000
NVDA,MRY,2013-12-31,2014-01-26,2014-01-26,2018-02-28,4877000,7250894000,6202846500,5624711000,1626183000,0.666,7.833,-230000000,1151587000,1151587000,1862000000,440000000,5.949,0.627,1373875000,0,1373875000,1373875000,0,239000000,0,0.02,0.31,520000000,759000000,0.184,759000000,520000000,510000000,0.75,0.74,0.75,4456398000,4443538500,4456398000,8301345138,15,10.937,605000000,1.029,1.0,2268000000,0.549,939191000,10000000,5588495000,3933704000,387765000,3520223000,3520223000,0,2794496000,945496000,1849000000,8846414138,419000000,-17000000,-759000000,1476000000,-181000000,390000000,-806000000,-554000000,835000000,0,440000000,440000000,440000000,0,0,0.107,1772000000,496000000,324391000,0.413,1.985,20.105,20.747,582740000,0,15.56,2.142,2.215,426357000,3504742000,4130000000,4130000000,1336000000,0.071,0.099,0.132,0.126,110000000,436000000,1.0,568535613,588000000,595000000,7.024,6311703000,68494000,70000000,0,11.094,4679215000
NVDA,MRY,2014-12-31,2015-01-25,2015-01-25,2018-02-28,8000000,7201000000,6971312750,5713000000,1488000000,0.672,8.136,-101000000,497000000,497000000,2083000000,631000000,6.376,0.63,1398000000,0,1398000000,1398000000,0,220000000,0,0.016,0.34,801000000,1021000000,0.218,1021000000,801000000,755000000,1.14,1.12,1.14,4418000000,4273591000,4418000000,12254202219,15,12.002,805000000,1.458,1.0,2599000000,0.555,840000000,46000000,6366000000,6095008750,483000000,4126000000,4126000000,0,2783000000,896000000,1887000000,11256649219,-655000000,0,-814000000,0,-186000000,-834000000,-727000000,-625000000,906000000,0,631000000,631000000,631000000,0,0,0.135,1840000000,759000000,293000000,0.298,2.548,17.839,18.167,557000000,0,20.71,2.404,2.442,474000000,3949000000,4682000000,4682000000,1360000000,0.091,0.148,0.131,0.171,140000000,480000000,1.0,543536901,552000000,563000000,8.482,6361000000,63000000,124000000,0,11.715,4817000000
NVDA,MRY,2015-12-31,2016-01-31,2016-01-31,2018-02-28,-4000000,7370000000,7203500000,6053000000,1317000000,0.695,8.276,-79000000,596000000,596000000,2199000000,614000000,2.575,0.63,1510000000,1413000000,97000000,1510000000,0,197000000,0,0.013,0.395,790000000,987000000,0.197,987000000,790000000,743000000,1.13,1.08,1.13,4469000000,4418750000,4469000000,16704020000,21,16.924,1096000000,2.018,1.0,2811000000,0.561,784000000,47000000,5149000000,6090000000,418000000,4441000000,4441000000,0,2814000000,2351000000,463000000,15758020000,99000000,0,-401000000,0,-213000000,-676000000,-400000000,-345000000,1175000000,0,614000000,614000000,614000000,0,0,0.123,2064000000,747000000,296000000,0.35,3.526,25.665,25.92,466000000,0,29.29,3.145,3.175,505000000,4350000000,5010000000,5010000000,1331000000,0.085,0.139,0.13,0.158,194000000,602000000,1.0,538000000,543000000,569000000,9.227,6586000000,0,129000000,0,12.196,3702000000
NVDA,MRY,2016-12-31,2017-01-29,2017-01-29,2018-02-28,-16000000,9841000000,8505500000,8536000000,1305000000,0.812,10.363,-169000000,1766000000,1766000000,2847000000,1666000000,4.774,0.703,2810000000,796000000,2014000000,2810000000,0,187000000,0,0.004,0.485,1963000000,2150000000,0.311,2150000000,1963000000,1905000000,3.08,2.57,3.08,5762000000,4940500000,5762000000,61349030000,31,28.534,1503000000,2.778,1.0,4063000000,0.588,722000000,58000000,8375000000,6653250000,794000000,5032000000,5032000000,0,4048000000,1788000000,2260000000,60244030000,1170000000,0,-572000000,1307000000,-261000000,291000000,-793000000,-624000000,1672000000,0,1666000000,1666000000,1666000000,0,0,0.241,2129000000,1934000000,485000000,0.157,10.455,36.161,36.289,521000000,0,111.77,8.718,8.751,826000000,6108000000,6910000000,6910000000,1463000000,0.196,0.337,0.295,0.284,247000000,663000000,1.0,539000000,541000000,649000000,12.773,9119000000,0,239000000,0,16.401,6748000000
NVDA,MRY,2017-12-31,2018-01-28,2018-01-28,2018-02-28,-18000000,11241000000,9970750000,9255000000,1986000000,0.974,12.349,-591000000,4002000000,4002000000,3892000000,3047000000,8.027,0.505,2000000000,15000000,1985000000,2000000000,0,199000000,0,0.002,0.57,3257000000,3456000000,0.356,3456000000,3257000000,3196000000,5.09,4.82,5.09,7471000000,6482000000,7471000000,146665980000,45,42.438,2911000000,4.86,1.0,5822000000,0.599,670000000,61000000,7416000000,7611750000,796000000,3106000000,3106000000,0,3770000000,1153000000,2617000000,147457980000,2236000000,0,-770000000,-812000000,-341000000,-2544000000,1278000000,1869000000,3502000000,0,3047000000,3047000000,3047000000,0,0,0.314,2612000000,3210000000,596000000,0.112,19.737,48.394,47.806,997000000,0,243.33,15.18,15.005,1265000000,8787000000,9714000000,9714000000,1797000000,0.306,0.47,0.428,0.335,391000000,815000000,1.0,606000000,599000000,632000000,16.217,10571000000,0,149000000,0,17.473,8102000000
