ticker,dimension,calendardate,datekey,reportperiod,lastupdated,accoci,assets,assetsavg,assetsc,assetsnc,assetturnover,bvps,capex,cashneq,cashnequsd,cor,consolinc,currentratio,de,debt,debtc,debtnc,debtusd,deferredrev,depamor,deposits,divyield,dps,ebit,ebitda,ebitdamargin,ebitdausd,ebitusd,ebt,eps,epsdil,epsusd,equity,equityavg,equityusd,ev,evebit,evebitda,fcf,fcfps,fxusd,gp,grossmargin,intangibles,intexp,invcap,invcapavg,inventory,investments,investmentsc,investmentsnc,liabilities,liabilitiesc,liabilitiesnc,marketcap,ncf,ncfbus,ncfcommon,ncfdebt,ncfdiv,ncff,ncfi,ncfinv,ncfo,ncfx,netinc,netinccmn,netinccmnusd,netincdis,netincnci,netmargin,opex,opinc,payables,payoutratio,pb,pe,pe1,ppnenet,prefdivis,price,ps,ps1,receivables,retearn,revenue,revenueusd,rnd,roa,roe,roic,ros,sbcomp,sgna,sharefactor,sharesbas,shareswa,shareswadil,sps,tangibles,taxassets,taxexp,taxliabilities,tbvps,workingcapital
ORLY,MRY,2011-12-31,2011-12-31,2011-12-31,2018-02-28,0,5500501000,5377818000,2607610000,2892891000,1.076,22.228,-325604000,361552000,361552000,2951467000,507673000,1.65,0.933,797574000,662000,796912000,797574000,0,165880000,0,0.0,0.0,843938000,1009818000,0.174,1009818000,843938000,815773000,3.77,3.71,3.77,2844851000,3004158500,2844851000,10780895145,12,10.676,793387000,5.891,1.0,2837349000,0.49,743907000,28165000,3612606000,3532214250,1985748000,10889000,0,10889000,2655650000,1580010000,1075640000,10259846145,331831000,0,-919070000,428578000,0,-467507000,-319653000,5435000,1118991000,0,507673000,507673000,507673000,0,0,0.088,1970583000,866766000,1279294000,0.0,3.606,20.21,21.207,2093767000,0,79.95,1.772,1.86,203753000,1733474000,5788816000,5788816000,0,0.094,0.169,0.239,0.146,-2406000,1973381000,1.0,128328282,134667000,136983000,42.986,4756594000,0,308100000,90854000,37.166,1027600000
ORLY,MRY,2012-12-31,2012-12-31,2012-12-31,2018-02-28,0,5749187000,5765690000,2732948000,3016239000,1.072,18.432,-297675000,248128000,248128000,3084766000,585746000,1.202,1.727,1095956000,222000,1095734000,1095956000,0,177106000,0,0.0,0.0,981721000,1158827000,0.187,1158827000,981721000,941521000,4.83,4.75,4.83,2108307000,2462832250,2108307000,10922793487,11,9.426,953880000,7.871,1.0,3097418000,0.501,758410000,40200000,3565740000,3490584000,2276331000,5347000,0,5347000,3640880000,2272865000,1368015000,10249473487,-113424000,0,-1381773000,295570000,0,-1047572000,-317407000,4157000,1251555000,0,585746000,585746000,585746000,0,0,0.095,2120025000,977393000,1929112000,0.0,4.861,17.498,18.513,2211590000,0,89.42,1.658,1.753,181174000,1023267000,6182184000,6182184000,0,0.102,0.238,0.281,0.159,-16605000,2120025000,1.0,114621712,121182000,123314000,51.016,4990777000,0,355775000,104948000,43.632,460083000
ORLY,MRY,2013-12-31,2013-12-31,2013-12-31,2018-02-28,0,6067208000,6036892750,2835201000,3232007000,1.101,18.398,-394150000,231318000,231318000,3280236000,670292000,1.17,2.086,1396208000,67000,1396141000,1396208000,0,183180000,0,0.0,0.0,1108016000,1291196000,0.194,1291196000,1108016000,1058942000,6.14,6.03,6.14,1966321000,2020219000,1966321000,14846702546,13,11.498,513876000,4.704,1.0,3369001000,0.507,756225000,49074000,4052863000,3898222250,2375047000,13066000,0,13066000,4100887000,2423010000,1677877000,13813611546,-16810000,0,-863678000,296785000,0,-536082000,-388754000,5396000,908026000,0,670292000,670292000,670292000,0,0,0.101,2265516000,1103485000,2056521000,0.0,7.025,20.608,20.963,2425103000,0,128.71,2.077,2.115,198123000,846333000,6649237000,6649237000,0,0.111,0.332,0.284,0.167,-9089000,2265516000,1.0,107323530,109244000,111101000,60.866,5310983000,0,388650000,100935000,49.694,412191000
ORLY,MRY,2014-12-31,2014-12-31,2014-12-31,2018-02-28,0,6532083000,6486227000,3065380000,3466703000,1.113,19.864,-427107000,250560000,250560000,3507180000,778182000,1.09,2.236,1388422000,25000,1388397000,1388422000,0,194205000,0,0.0,0.0,1275472000,1469677000,0.204,1469677000,1275472000,1222182000,7.46,7.34,7.46,2018418000,2068907250,2018418000,20638542331,16,14.043,763323000,7.321,1.0,3708901000,0.514,756384000,53290000,4100263000,3999749250,2554789000,13349000,0,13349000,4513665000,2813298000,1700367000,19540293331,19242000,0,-796864000,-72000,0,-747786000,-423402000,3705000,1190430000,0,778182000,778182000,778182000,0,0,0.108,2438527000,1270374000,2417167000,0.0,9.681,25.11,25.82,2658560000,0,192.62,2.708,2.783,213211000,822473000,7216081000,7216081000,0,0.12,0.376,0.319,0.177,-26055000,2438527000,1.0,101444779,104262000,106041000,69.211,5775699000,0,444000000,102422000,56.842,252082000
ORLY,MRY,2015-12-31,2015-12-31,2015-12-31,2018-02-28,0,6676684000,6726451750,3010026000,3666658000,1.184,19.921,-411262000,116301000,116301000,3804031000,931216000,0.988,2.404,1390018000,0,1390018000,1390018000,0,210256000,0,0.0,0.0,1517495000,1727751000,0.217,1727751000,1517495000,1460366000,9.32,9.17,9.32,1961314000,2019221250,1961314000,26117413101,17,15.116,934226000,9.346,1.0,4162643000,0.523,757142000,57129000,4146861000,4055624750,2631015000,13219000,0,13219000,4715370000,3046398000,1668972000,24997334101,-134259000,0,-1071600000,-25000,0,-1072559000,-407188000,4074000,1345488000,0,931216000,931216000,931216000,0,0,0.117,2648622000,1514021000,2608231000,0.0,12.745,26.844,27.191,2861556000,0,253.42,3.138,3.18,233687000,678840000,7966674000,7966674000,0,0.138,0.461,0.374,0.19,21899000,2648622000,1.0,98639942,99965000,101514000,79.695,5919542000,0,529150000,81216000,60.124,-36372000
ORLY,MRY,2016-12-31,2016-12-31,2016-12-31,2018-02-28,0,7204189000,7339235500,3257975000,3946214000,1.171,17.346,-471225000,146598000,146598000,4084085000,1037691000,0.958,3.428,1887019000,0,1887019000,1887019000,0,217866000,0,0.0,0.0,1708122000,1925988000,0.224,1925988000,1708122000,1637191000,10.87,10.73,10.87,1627136000,1789437500,1627136000,27625122578,16,14.343,1039488000,10.891,1.0,4509011000,0.525,785399000,70931000,4758562000,4619034750,2778976000,0,0,0,5577053000,3400649000,2176404000,26298941578,30297000,0,-1445803000,495035000,0,-951320000,-529096000,1047000,1510713000,0,1037691000,1037691000,1037691000,0,0,0.121,2809805000,1699206000,2936656000,0.0,16.163,25.344,25.613,3123431000,0,278.41,3.06,3.092,279379000,289500000,8593096000,8593096000,0,0.141,0.58,0.37,0.199,18859000,2809805000,1.0,94461196,95447000,96720000,90.03,6418790000,0,599500000,90166000,68.426,-142674000
ORLY,MRY,2017-12-31,2017-12-31,2017-12-31,2018-02-28,0,7571885000,7400158750,3397672000,4174213000,1.213,7.703,-461476000,46348000,46348000,4257043000,1133804000,0.932,10.595,2978390000,0,2978390000,2978390000,0,233845000,0,0.0,0.0,1729153000,1962998000,0.219,1962998000,1729153000,1637804000,12.82,12.67,12.82,653046000,889783250,653046000,23316091236,13,11.878,942211000,10.655,1.0,4720683000,0.526,789058000,91349000,6067503000,5606801000,3009800000,0,0,0,6918839000,3647366000,3271473000,20452562236,-100250000,0,-2126768000,1087210000,0,-1039714000,-464223000,0,1403687000,0,1133804000,1133804000,1133804000,0,0,0.126,2995283000,1725400000,3190029000,0.0,31.319,18.039,18.763,3343806000,0,240.54,2.278,2.369,292487000,-612840000,8977726000,8977726000,0,0.153,1.274,0.308,0.193,19401000,2995283000,1.0,85027697,88426000,89502000,101.528,6782827000,0,504000000,85406000,80.004,-249694000
