ticker,dimension,calendardate,datekey,reportperiod,lastupdated,accoci,assets,assetsavg,assetsc,assetsnc,assetturnover,bvps,capex,cashneq,cashnequsd,cor,consolinc,currentratio,de,debt,debtc,debtnc,debtusd,deferredrev,depamor,deposits,divyield,dps,ebit,ebitda,ebitdamargin,ebitdausd,ebitusd,ebt,eps,epsdil,epsusd,equity,equityavg,equityusd,ev,evebit,evebitda,fcf,fcfps,fxusd,gp,grossmargin,intangibles,intexp,invcap,invcapavg,inventory,investments,investmentsc,investmentsnc,liabilities,liabilitiesc,liabilitiesnc,marketcap,ncf,ncfbus,ncfcommon,ncfdebt,ncfdiv,ncff,ncfi,ncfinv,ncfo,ncfx,netinc,netinccmn,netinccmnusd,netincdis,netincnci,netmargin,opex,opinc,payables,payoutratio,pb,pe,pe1,ppnenet,prefdivis,price,ps,ps1,receivables,retearn,revenue,revenueusd,rnd,roa,roe,roic,ros,sbcomp,sgna,sharefactor,sharesbas,shareswa,shareswadil,sps,tangibles,taxassets,taxexp,taxliabilities,tbvps,workingcapital
PH,MRY,2011-12-31,2011-06-30,2011-06-30,2018-02-09,-450990000,10886805000,10898058000,4305256000,6581549000,1.133,33.198,-175005000,657466000,657466000,9387457000,1057150000,1.801,1.003,1766357000,75271000,1691086000,1766357000,0,339800000,0,0.014,1.25,1505405000,1845205000,0.149,1845205000,1505405000,1405701000,6.51,6.37,6.51,5383854000,5218492000,5383854000,15302548630,10,8.293,991928000,6.116,1.0,2958413000,0.24,4186838000,99704000,5417815000,5551147750,1412153000,597532000,0,597532000,5398469000,2391043000,3007426000,14553539630,81940000,-60227000,-667234000,-85283000,-206084000,-915778000,-244938000,0,1166933000,75723000,1049130000,1049130000,1049130000,0,8020000,0.085,1460063000,1498350000,1173851000,0.192,2.703,13.872,13.785,1797179000,0,89.74,1.179,1.179,1977856000,6891407000,12345870000,12345870000,0,0.096,0.201,0.271,0.122,73238000,1467773000,1.0,162174500,162174500,,76.127,6699967000,145847000,356571000,392809000,41.313,1914213000
PH,MRY,2012-12-31,2012-06-30,2012-06-30,2018-02-09,-1415900000,11170282000,10677145000,4498114000,6672168000,1.231,32.416,-198413000,838317000,838317000,9958337000,1155492000,1.809,1.279,1729535000,225589000,1503946000,1729535000,0,321929000,0,0.02,1.54,1665819000,1987748000,0.151,1987748000,1665819000,1573029000,7.62,7.45,7.62,4896515000,5162374250,4896515000,12628474413,7,6.353,1331972000,8.818,1.0,3187605000,0.242,4021074000,92790000,5554413000,5453242250,1400732000,931126000,0,931126000,6264552000,2486013000,3778539000,11612809413,180851000,-156256000,-446370000,-5162000,-240654000,-823520000,-375768000,0,1530385000,-150246000,1151823000,1151823000,1151823000,0,3669000,0.088,1516822000,1670783000,1194684000,0.202,2.372,10.082,10.089,1719968000,0,76.88,0.883,0.883,1992284000,7787175000,13145942000,13145942000,0,0.108,0.223,0.305,0.127,80935000,1519316000,1.0,151051111,151051111,,87.03,7149208000,129352000,421206000,241900000,47.33,2012101000
PH,MRY,2013-12-31,2013-06-30,2013-06-30,2018-02-09,-1107833000,12540898000,11952152250,5531186000,7009712000,1.089,38.448,-240849000,1781412000,1781412000,10086675000,948784000,1.571,1.185,2829786000,1333826000,1495960000,2829786000,0,335624000,0,0.018,1.7,1402196000,1737820000,0.134,1737820000,1402196000,1310644000,6.36,6.26,6.36,5738426000,5403581250,5738426000,15584973490,11,8.968,950086000,6.366,1.0,2929029000,0.225,4514014000,91552000,5555055000,5762717250,1377405000,687458000,0,687458000,6799417000,3520203000,3279214000,14238570490,943095000,-547629000,-225803000,992047000,-255009000,576174000,-809845000,0,1190935000,-14169000,948427000,948427000,948427000,0,357000,0.073,1544674000,1384355000,1156002000,0.267,2.481,15.013,15.0,1808240000,0,95.4,1.094,1.094,2062745000,8421270000,13015704000,13015704000,0,0.079,0.176,0.243,0.108,84996000,1554973000,1.0,149251263,149251263,,87.207,8026884000,126955000,362217000,238999000,53.781,2010983000
PH,MRY,2014-12-31,2014-06-30,2014-06-30,2018-02-09,-823498000,13274362000,13007255000,6071580000,7202782000,1.016,44.713,-201972000,1613555000,1613555000,10188227000,1041418000,1.867,0.993,2324764000,816622000,1508142000,2324764000,0,336702000,0,0.015,1.86,1638916000,1975618000,0.149,1975618000,1638916000,1556350000,6.98,6.87,6.98,6659428000,6373127750,6659428000,19217226107,11,9.727,1185921000,7.963,1.0,3027744000,0.229,4359707000,82566000,6373068000,5913025750,1371681000,1592482000,573701000,1018781000,6611554000,3252796000,3358758000,18725758107,-167857000,184905000,-196030000,-517573000,-278244000,-958115000,-646401000,-624880000,1387893000,48766000,1041048000,1041048000,1041048000,0,370000,0.079,1413971000,1613773000,1252040000,0.266,2.812,17.987,18.013,1824294000,0,125.73,1.417,1.417,2246613000,9174189000,13215971000,13215971000,0,0.08,0.163,0.277,0.124,103161000,1633992000,1.0,148936277,148936277,,88.736,8914655000,136193000,515302000,318430000,59.855,2818784000
PH,MRY,2015-12-31,2015-06-30,2015-06-30,2018-02-09,-1738618000,12279282000,12482380250,5440945000,6838337000,1.018,36.807,-195872000,1180584000,1180584000,9655245000,1012553000,2.316,1.405,2947102000,223142000,2723960000,2947102000,0,317491000,0,0.02,2.37,1550233000,1867724000,0.147,1867724000,1550233000,1431827000,7.08,6.97,7.08,5104287000,5647938500,5104287000,18505316535,11,9.908,1167361000,8.418,1.0,3056499000,0.24,3956118000,118406000,7740562000,7634267750,1300459000,1545420000,733490000,811930000,7171713000,2349120000,4822593000,16132263535,-432971000,18647000,-1432954000,667307000,-340389000,-1106036000,-579163000,-355937000,1363233000,-111005000,1012140000,1012140000,1012140000,0,413000,0.08,1549227000,1507272000,1092138000,0.335,3.161,15.939,16.431,1664022000,0,116.33,1.269,1.269,1984728000,9841885000,12711744000,12711744000,0,0.081,0.179,0.203,0.122,96093000,1544746000,1.0,138676726,138676726,,91.665,8323164000,406267000,419687000,202507000,60.018,3091825000
PH,MRY,2016-12-31,2016-06-30,2016-06-30,2018-02-09,-2227765000,12034142000,11964797000,5207787000,6826355000,0.95,33.971,-130586000,1221653000,1221653000,8823384000,807216000,2.201,1.63,3014244000,361787000,2652457000,3014244000,0,306843000,0,0.023,2.52,1250869000,1557712000,0.137,1557712000,1250869000,1114352000,5.96,5.89,5.96,4575255000,4812447750,4575255000,16768983589,13,10.765,1080192000,8.02,1.0,2537369000,0.223,3825608000,136517000,7635237000,7785555500,1173329000,1709834000,882342000,827492000,7455464000,2365888000,5089576000,14552333589,41069000,-43227000,-587239000,85843000,-341962000,-843358000,-264639000,-50831000,1210778000,-61712000,806840000,806840000,806840000,0,376000,0.071,1348323000,1189046000,1034589000,0.423,3.181,18.036,18.129,1568100000,0,108.05,1.281,1.281,1826103000,10302866000,11360753000,11360753000,0,0.067,0.168,0.161,0.11,71293000,1359360000,1.0,134681477,134681477,,84.353,8208534000,605155000,307512000,181992000,60.948,2841899000
PH,MRY,2017-12-31,2017-06-30,2017-06-30,2018-02-09,-1924204000,15489904000,13629441000,4779718000,10710186000,0.883,39.507,-189100000,884886000,884886000,9188962000,983844000,1.408,1.943,5870360000,1008465000,4861895000,5870360000,0,355229000,0,0.016,2.58,1490645000,1845874000,0.153,1845874000,1490645000,1328209000,7.37,7.25,7.37,5261649000,4794694500,5261649000,26497116435,17,14.355,1113371000,8.36,1.0,2840350000,0.236,7894362000,162436000,9185156000,8425832500,1549494000,881793000,39318000,842475000,10222558000,3395860000,6826698000,21285364435,-336767000,-3983587000,-335876000,2463884000,-345380000,1782628000,-3365148000,813652000,1302471000,-56718000,983412000,983412000,983412000,0,432000,0.082,1410674000,1429676000,1300496000,0.35,4.045,21.644,21.685,1937292000,0,159.82,1.769,1.769,2185738000,10930348000,12029312000,12029312000,0,0.072,0.205,0.177,0.124,80339000,1453935000,1.0,133183359,133183359,,90.321,7595542000,36057000,344797000,374927000,57.031,1383858000
