ticker,dimension,calendardate,datekey,reportperiod,lastupdated,accoci,assets,assetsavg,assetsc,assetsnc,assetturnover,bvps,capex,cashneq,cashnequsd,cor,consolinc,currentratio,de,debt,debtc,debtnc,debtusd,deferredrev,depamor,deposits,divyield,dps,ebit,ebitda,ebitdamargin,ebitdausd,ebitusd,ebt,eps,epsdil,epsusd,equity,equityavg,equityusd,ev,evebit,evebitda,fcf,fcfps,fxusd,gp,grossmargin,intangibles,intexp,invcap,invcapavg,inventory,investments,investmentsc,investmentsnc,liabilities,liabilitiesc,liabilitiesnc,marketcap,ncf,ncfbus,ncfcommon,ncfdebt,ncfdiv,ncff,ncfi,ncfinv,ncfo,ncfx,netinc,netinccmn,netinccmnusd,netincdis,netincnci,netmargin,opex,opinc,payables,payoutratio,pb,pe,pe1,ppnenet,prefdivis,price,ps,ps1,receivables,retearn,revenue,revenueusd,rnd,roa,roe,roic,ros,sbcomp,sgna,sharefactor,sharesbas,shareswa,shareswadil,sps,tangibles,taxassets,taxexp,taxliabilities,tbvps,workingcapital
PRGO,MRY,2012-12-31,2012-06-30,2012-06-30,2017-11-09,,,,,,,,-109700000,,,2077700000,401600000,,,,,,,,135300000,,0.003,0.31,581300000,716600000,0.226,716600000,581300000,520600000,4.31,4.27,4.31,,,,,,,403700000,4.332,1.0,1095500000,0.345,,60700000,,,,,,,,,,,292400000,-574500000,3400000,476500000,-29000000,458700000,-684100000,0,513400000,4400000,401600000,401600000,401600000,-8600000,0,0.127,526400000,569100000,,0.072,,,27.362,,0,117.93,,3.464,,,3173200000,3173200000,105800000,,,,0.183,4300000,372700000,,,93200000,94100000,34.047,,,119000000,,,
PRGO,MRY,2013-12-31,2013-06-29,2013-06-29,2017-11-09,77000000,5350800000,,2236900000,3113900000,,24.762,-104100000,779900000,779900000,2259800000,441900000,2.985,1.294,1974000000,46200000,1927800000,1974000000,0,160200000,0,0.003,0.35,673500000,833700000,0.236,833700000,673500000,607700000,4.71,4.68,4.71,2332600000,,2332600000,,,,449700000,4.789,1.0,1280000000,0.362,2331700000,65800000,3463800000,,703900000,0,0,0,3018200000,749400000,2268800000,,177400000,-852300000,10700000,602300000,-33000000,577200000,-947800000,8600000,553800000,-5800000,441900000,441900000,441900000,0,0,0.125,600900000,679100000,382000000,0.074,,,25.69,681400000,0,121.0,,3.21,651900000,1715900000,3539800000,3539800000,115200000,,,,0.19,18400000,426300000,1.0,,93900000,94500000,37.698,3019100000,67400000,165800000,139600000,32.05,1487500000
PRGO,MRY,2014-12-31,2014-06-28,2014-06-28,2017-11-09,139600000,13852800000,10330358521,2550900000,11301900000,0.379,65.024,-171600000,799500000,799500000,2462000000,232800000,2.374,0.593,3206800000,143700000,3063100000,3206800000,0,206100000,0,0.003,0.39,407100000,613200000,0.157,613200000,407100000,303600000,2.02,2.01,2.02,8693700000,6434224768,8693700000,22188567899,54,36.185,461400000,4.009,1.0,1452100000,0.371,10330800000,103500000,4854600000,3723927331,631600000,0,0,0,5159100000,1074700000,4084400000,19530767899,19600000,-1605800000,9800000,1122100000,-46100000,1028000000,-1644300000,81400000,633000000,2900000,232800000,232800000,232800000,0,0,0.059,880700000,571400000,364300000,0.193,2.247,83.895,72.262,779900000,0,145.97,4.99,4.292,935100000,1875100000,3914100000,3914100000,152500000,0.023,0.036,0.109,0.104,24600000,619900000,1.0,133799876,115100000,115600000,34.006,3522000000,86400000,70800000,746400000,26.343,1476200000
PRGO,MRY,2015-12-31,2015-06-27,2015-06-27,2017-11-09,103500000,19591900000,16504100000,3229000000,16362900000,0.256,73.134,-137000000,785600000,785600000,2582900000,136100000,1.847,0.831,5400200000,153300000,5246900000,5400200000,0,258700000,0,0.002,0.46,406300000,665000000,0.157,665000000,406300000,260300000,0.97,0.97,0.97,10699500000,9679275000,10699500000,29166811410,71,43.86,718200000,5.156,1.0,1644200000,0.389,9727100000,146000000,12730900000,7510675000,935700000,0,0,0,8892400000,1748500000,7143900000,27870411410,-13900000,-2511700000,1043500000,626800000,-64800000,1522400000,-2302300000,0,855200000,-89200000,136100000,136100000,136100000,0,0,0.032,971700000,672500000,709300000,0.474,2.605,204.779,196.443,932400000,0,190.55,6.593,6.279,1209400000,1973900000,4227100000,4227100000,187800000,0.008,0.014,0.054,0.096,31600000,704300000,1.0,146262983,139300000,139800000,30.345,9864800000,198300000,124200000,1650300000,67.429,1480500000
PRGO,MRY,2016-12-31,2016-12-31,2016-12-31,2017-11-09,-81800000,13870100000,16887275000,2805300000,11064800000,0.313,41.487,-106200000,622300000,622300000,3228800000,-4012800000,1.528,1.328,5797300000,572800000,5224500000,5797300000,0,457000000,0,0.007,0.58,-4631700000,-4174700000,-0.791,-4174700000,-4631700000,-4848300000,-28.01,-28.01,-28.01,5957600000,8053500000,5957600000,17473353559,-3,-4.186,548700000,3.829,1.0,2051800000,0.389,7560700000,216600000,9648100000,11510425000,795000000,2350000000,0,2350000000,7912500000,1836300000,6076200000,11933053559,204500000,-423400000,8300000,-172000000,-83200000,-268700000,-175000000,4500000,654900000,-6700000,-4012800000,-4012800000,-4012800000,0,0,-0.76,4051500000,-1999700000,471700000,-0.021,2.003,-2.974,-2.971,870100000,0,83.23,2.26,2.259,1176000000,-2095100000,5280600000,5280600000,184000000,-0.238,-0.498,-0.402,-0.877,23000000,1117200000,1.0,143374427,143300000,143300000,36.85,6309400000,72100000,-835500000,422300000,43.937,969000000
