ticker,dimension,calendardate,datekey,reportperiod,lastupdated,accoci,assets,assetsavg,assetsc,assetsnc,assetturnover,bvps,capex,cashneq,cashnequsd,cor,consolinc,currentratio,de,debt,debtc,debtnc,debtusd,deferredrev,depamor,deposits,divyield,dps,ebit,ebitda,ebitdamargin,ebitdausd,ebitusd,ebt,eps,epsdil,epsusd,equity,equityavg,equityusd,ev,evebit,evebitda,fcf,fcfps,fxusd,gp,grossmargin,intangibles,intexp,invcap,invcapavg,inventory,investments,investmentsc,investmentsnc,liabilities,liabilitiesc,liabilitiesnc,marketcap,ncf,ncfbus,ncfcommon,ncfdebt,ncfdiv,ncff,ncfi,ncfinv,ncfo,ncfx,netinc,netinccmn,netinccmnusd,netincdis,netincnci,netmargin,opex,opinc,payables,payoutratio,pb,pe,pe1,ppnenet,prefdivis,price,ps,ps1,receivables,retearn,revenue,revenueusd,rnd,roa,roe,roic,ros,sbcomp,sgna,sharefactor,sharesbas,shareswa,shareswadil,sps,tangibles,taxassets,taxexp,taxliabilities,tbvps,workingcapital
PVH,MRY,2011-12-31,2012-01-29,2012-01-29,2017-12-05,73835000,6752361000,6862271750,1739235000,5013126000,0.858,40.164,-169841000,233197000,233197000,2834735000,317881000,1.666,1.487,1915916000,82991000,1832925000,1915916000,38376000,132010000,0,0.002,0.15,560920000,692930000,0.118,692930000,560920000,431565000,4.46,4.36,4.46,2715449000,2718134000,2715449000,7129957669,12,10.29,320880000,4.746,1.0,3055889000,0.519,4380853000,129355000,3010356000,3226887000,809009000,0,0,0,4036912000,1043871000,2993041000,5185562669,-265521000,-134020000,19187000,-452933000,-10874000,-443661000,-303861000,0,490721000,-8720000,317881000,317881000,317881000,0,0,0.054,2481370000,574519000,366138000,0.034,1.91,16.313,17.197,458891000,0,76.7,0.88,0.88,480965000,1022818000,5890624000,5890624000,0,0.046,0.117,0.174,0.095,40938000,2481370000,1.0,67608379,67608379,,87.129,2371508000,0,113684000,0,35.077,695364000
PVH,MRY,2012-12-31,2013-02-03,2013-02-03,2017-12-05,139882000,7731687000,7057385750,2437006000,5294681000,0.856,46.04,-210600000,892209000,892209000,2793800000,433800000,2.096,1.377,2310489000,98847000,2211642000,2310489000,40239000,140400000,0,0.001,0.15,661800000,802200000,0.133,802200000,661800000,543100000,5.98,5.87,5.98,3252569000,2977147250,3252569000,9810787331,14,12.23,359000000,5.082,1.0,3249200000,0.538,4539892000,118700000,3447628000,3149327250,878415000,0,0,0,4479118000,1162447000,3316671000,8213307331,659000000,-97500000,-700000,387300000,-10900000,384900000,-308100000,0,569600000,12600000,433800000,433800000,433800000,0,0,0.072,2594300000,654900000,377231000,0.025,2.525,18.933,19.441,561335000,0,116.26,1.359,1.359,441324000,1445673000,6043000000,6043000000,0,0.061,0.146,0.21,0.11,33600000,2594300000,1.0,70646029,70646029,,85.539,3191795000,0,109300000,0,45.18,1274559000
PVH,MRY,2013-12-31,2014-02-02,2014-02-02,2017-12-05,42300000,11575600000,11589075000,2998600000,8577000000,0.706,53.113,-237100000,593200000,593200000,3967100000,143400000,1.932,1.67,3970000000,91800000,3878200000,3970000000,33500000,313600000,0,0.001,0.15,521000000,834600000,0.102,834600000,521000000,328800000,1.77,1.74,1.77,4335200000,4220875000,4335200000,13595160696,26,16.289,174800000,2.142,1.0,4219300000,0.515,7559000000,192200000,5841000000,6282450000,1281000000,0,0,0,7240400000,1552400000,5688000000,9865700696,-299000000,-1810500000,-9900000,1355700000,-12300000,1354800000,-2057300000,0,411900000,-8400000,143500000,143500000,143500000,0,-100000,0.018,3673500000,545800000,582900000,0.085,2.276,68.751,68.288,712100000,0,120.87,1.205,1.205,761200000,1574800000,8186400000,8186400000,0,0.012,0.034,0.083,0.064,58000000,3673500000,1.0,81622410,81622410,,100.296,4016600000,0,185300000,0,49.21,1446200000
PVH,MRY,2014-12-31,2015-02-01,2015-02-01,2017-12-05,-416500000,10824900000,11326225000,2785800000,8039100000,0.728,52.932,-255800000,479300000,479300000,3914500000,438900000,1.951,1.48,3546500000,107800000,3438700000,3546500000,31200000,244700000,0,0.001,0.15,535000000,779700000,0.095,779700000,535000000,391500000,5.33,5.27,5.33,4364300000,4489475000,4364300000,12483832595,23,16.011,533300000,6.468,1.0,4326700000,0.525,7040700000,143500000,5423300000,5825775000,1257300000,0,0,0,6460600000,1428100000,5032500000,9091032595,-113900000,-91400000,1900000,-514900000,-12500000,-514500000,-357700000,0,789100000,-30800000,439000000,439000000,439000000,0,-100000,0.053,3713600000,613100000,565300000,0.028,2.083,20.709,20.687,725700000,0,110.26,1.103,1.103,743200000,2001300000,8241200000,8241200000,0,0.039,0.098,0.092,0.065,48700000,3713600000,1.0,82450867,82450867,,99.953,3784200000,0,-47500000,0,45.896,1357700000
PVH,MRY,2015-12-31,2016-01-31,2016-01-31,2017-12-05,-704200000,10673800000,10665025000,2804500000,7869300000,0.752,55.552,-263800000,556400000,556400000,3858700000,572400000,1.836,1.345,3194200000,162500000,3031700000,3194200000,32300000,257400000,0,0.002,0.15,764500000,1021900000,0.127,1021900000,764500000,647500000,6.95,6.89,6.95,4552300000,4488050000,4552300000,9010504671,11,8.817,635800000,7.759,1.0,4161600000,0.519,6865700000,117000000,4918700000,5249450000,1322300000,0,0,0,6121500000,1527200000,4594300000,6013204671,77100000,-77900000,-131000000,-340400000,-12500000,-478400000,-321500000,0,899600000,-22600000,572400000,572400000,572400000,0,0,0.071,3417700000,743900000,636100000,0.022,1.321,10.505,10.558,744600000,0,73.38,0.75,0.75,685900000,2561200000,8020300000,8020300000,0,0.054,0.128,0.146,0.095,42000000,3417700000,1.0,81946098,81946098,,97.873,3808100000,0,75100000,0,46.471,1277300000
PVH,MRY,2016-12-31,2017-01-29,2017-01-29,2017-12-05,-710800000,11067900000,11050350000,2879600000,8188300000,0.742,60.613,-229900000,730100000,730100000,3832800000,548700000,1.84,1.304,3216400000,19100000,3197300000,3216400000,30700000,321800000,0,0.002,0.15,795400000,1117200000,0.136,1117200000,795400000,674500000,6.84,6.79,6.84,4804500000,4816150000,4804500000,9819196322,12,8.789,724900000,9.145,1.0,4370300000,0.533,7079900000,120900000,4909500000,5042800000,1317900000,0,0,0,6263400000,1564800000,4698600000,7157696322,173700000,-251000000,-309000000,14900000,-12200000,-303200000,-480900000,0,954800000,3000000,549000000,549000000,549000000,0,-300000,0.067,3636700000,733600000,682600000,0.022,1.49,13.038,13.202,759900000,0,90.3,0.873,0.873,641400000,3098000000,8203100000,8203100000,0,0.05,0.114,0.158,0.097,38200000,3636700000,1.0,79265740,79265740,,103.489,3988000000,0,125500000,0,50.312,1314800000
