ticker,dimension,calendardate,datekey,reportperiod,lastupdated,accoci,assets,assetsavg,assetsc,assetsnc,assetturnover,bvps,capex,cashneq,cashnequsd,cor,consolinc,currentratio,de,debt,debtc,debtnc,debtusd,deferredrev,depamor,deposits,divyield,dps,ebit,ebitda,ebitdamargin,ebitdausd,ebitusd,ebt,eps,epsdil,epsusd,equity,equityavg,equityusd,ev,evebit,evebitda,fcf,fcfps,fxusd,gp,grossmargin,intangibles,intexp,invcap,invcapavg,inventory,investments,investmentsc,investmentsnc,liabilities,liabilitiesc,liabilitiesnc,marketcap,ncf,ncfbus,ncfcommon,ncfdebt,ncfdiv,ncff,ncfi,ncfinv,ncfo,ncfx,netinc,netinccmn,netinccmnusd,netincdis,netincnci,netmargin,opex,opinc,payables,payoutratio,pb,pe,pe1,ppnenet,prefdivis,price,ps,ps1,receivables,retearn,revenue,revenueusd,rnd,roa,roe,roic,ros,sbcomp,sgna,sharefactor,sharesbas,shareswa,shareswadil,sps,tangibles,taxassets,taxexp,taxliabilities,tbvps,workingcapital
PX,MRY,2011-12-31,2011-12-31,2011-12-31,2018-02-28,-1746000000,16356000000,16125500000,2607000000,13749000000,0.698,18.158,-1797000000,90000000,90000000,6458000000,1722000000,1.028,1.884,6562000000,724000000,5838000000,6562000000,738000000,1003000000,0,0.019,2.0,2458000000,3461000000,0.308,3461000000,2458000000,2313000000,5.53,5.45,5.53,5488000000,5951500000,5488000000,38229293863,15,11.046,658000000,2.177,1.0,4794000000,0.426,2539000000,145000000,17754000000,17780750000,456000000,523000000,0,523000000,10339000000,2535000000,7804000000,32044293863,51000000,-208000000,-742000000,914000000,-602000000,-380000000,-2005000000,0,2455000000,-19000000,1672000000,1672000000,1672000000,0,50000000,0.149,2333000000,2461000000,896000000,0.362,5.839,19.165,19.331,10131000000,0,106.9,2.848,2.871,1795000000,8510000000,11252000000,11252000000,90000000,0.104,0.281,0.138,0.218,62000000,1239000000,1.0,299759531,302237000,306722000,37.229,13817000000,0,641000000,145000000,45.716,72000000
PX,MRY,2012-12-31,2012-12-31,2012-12-31,2018-02-28,-1852000000,18090000000,17351000000,2792000000,15298000000,0.647,20.327,-2180000000,157000000,157000000,6396000000,1744000000,1.126,1.883,7362000000,677000000,6685000000,7362000000,977000000,1001000000,0,0.02,2.2,2419000000,3420000000,0.305,3420000000,2419000000,2278000000,5.67,5.61,5.67,6064000000,5908500000,6064000000,39548488748,16,11.564,572000000,1.917,1.0,4828000000,0.43,2680000000,141000000,20136000000,19269500000,476000000,654000000,0,654000000,11417000000,2479000000,8938000000,32520488748,67000000,-198000000,-459000000,807000000,-655000000,-303000000,-2378000000,0,2752000000,-4000000,1692000000,1692000000,1692000000,0,52000000,0.151,2434000000,2394000000,928000000,0.388,5.363,19.22,19.303,11453000000,0,109.45,2.897,2.909,1834000000,9534000000,11224000000,11224000000,98000000,0.098,0.286,0.126,0.216,70000000,1270000000,1.0,297126439,298316000,301845000,37.625,15410000000,0,586000000,123000000,51.657,313000000
PX,MRY,2013-12-31,2013-12-31,2013-12-31,2018-02-28,-1981000000,20255000000,19918500000,2916000000,17339000000,0.599,22.364,-2020000000,138000000,138000000,6744000000,1836000000,1.095,1.959,8811000000,785000000,8026000000,8811000000,1396000000,1109000000,0,0.018,2.4,2582000000,3691000000,0.31,3691000000,2582000000,2404000000,5.94,5.87,5.94,6609000000,6229000000,6609000000,47168072511,18,12.779,897000000,3.035,1.0,5181000000,0.434,3790000000,178000000,22474000000,22142000000,506000000,702000000,0,702000000,12945000000,2664000000,10281000000,38276072511,-19000000,-1217000000,-436000000,1461000000,-708000000,328000000,-3237000000,0,2917000000,-27000000,1755000000,1755000000,1755000000,0,81000000,0.147,2588000000,2593000000,921000000,0.404,5.792,21.81,21.891,12278000000,0,130.03,3.21,3.222,1892000000,10528000000,11925000000,11925000000,98000000,0.088,0.282,0.117,0.217,70000000,1349000000,1.0,294363397,295523000,298965000,40.352,16465000000,0,649000000,168000000,55.715,252000000
PX,MRY,2014-12-31,2014-12-31,2014-12-31,2018-02-28,-3185000000,19769000000,20404000000,2839000000,16930000000,0.601,19.224,-1689000000,126000000,126000000,6962000000,1746000000,1.14,2.416,9225000000,589000000,8636000000,9225000000,1281000000,1170000000,0,0.02,2.6,2598000000,3768000000,0.307,3768000000,2598000000,2385000000,5.79,5.73,5.79,5623000000,6421500000,5623000000,46703226412,17,12.395,1198000000,4.096,1.0,5311000000,0.433,3724000000,213000000,22654000000,23022250000,551000000,693000000,0,693000000,13583000000,2490000000,11093000000,37750226412,-12000000,-114000000,-759000000,589000000,-759000000,-1027000000,-1803000000,0,2887000000,-69000000,1694000000,1694000000,1694000000,0,52000000,0.138,2712000000,2599000000,864000000,0.449,6.714,22.285,22.377,11997000000,0,129.56,3.076,3.088,1796000000,11461000000,12273000000,12273000000,96000000,0.083,0.264,0.113,0.212,51000000,1308000000,1.0,291372541,292494000,295608000,41.96,16045000000,0,691000000,119000000,54.856,349000000
PX,MRY,2015-12-31,2015-12-31,2015-12-31,2018-02-28,-4596000000,18319000000,18741250000,2626000000,15693000000,0.575,15.292,-1541000000,147000000,147000000,5960000000,1591000000,1.387,3.056,9231000000,256000000,8975000000,9231000000,1390000000,1106000000,0,0.028,2.86,2320000000,3426000000,0.318,3426000000,2320000000,2159000000,5.39,5.35,5.39,4389000000,4658750000,4389000000,38549181043,16,11.252,1154000000,4.021,1.0,4816000000,0.447,3554000000,161000000,21956000000,22240250000,531000000,665000000,0,665000000,13413000000,1893000000,11520000000,29168181043,21000000,238000000,-637000000,168000000,-819000000,-1310000000,-1303000000,0,2695000000,-61000000,1547000000,1547000000,1547000000,0,44000000,0.144,2523000000,2293000000,791000000,0.531,6.646,18.855,18.998,10998000000,0,102.4,2.707,2.727,1601000000,12229000000,10776000000,10776000000,93000000,0.083,0.332,0.104,0.215,30000000,1152000000,1.0,284845518,287005000,289055000,37.546,14765000000,0,612000000,144000000,51.445,733000000
PX,MRY,2016-12-31,2016-12-31,2016-12-31,2018-02-28,-4600000000,19332000000,19513500000,2880000000,16452000000,0.54,17.576,-1465000000,524000000,524000000,5860000000,1538000000,1.162,2.764,9515000000,598000000,8917000000,9515000000,1272000000,1122000000,0,0.026,3.0,2241000000,3363000000,0.319,3363000000,2241000000,2051000000,5.25,5.21,5.25,5021000000,5073500000,5021000000,42659735855,19,12.685,1308000000,4.579,1.0,4674000000,0.444,3700000000,190000000,22145000000,22699250000,550000000,717000000,0,717000000,13880000000,2478000000,11402000000,33444735855,377000000,-305000000,-89000000,357000000,-856000000,-643000000,-1770000000,0,2773000000,17000000,1500000000,1500000000,1500000000,0,38000000,0.142,2459000000,2215000000,906000000,0.571,6.661,22.296,22.322,11477000000,0,117.19,3.175,3.178,1641000000,12879000000,10534000000,10534000000,92000000,0.077,0.296,0.099,0.213,39000000,1145000000,1.0,285388991,285677000,287757000,36.874,15632000000,0,551000000,133000000,54.719,402000000
PX,MRY,2017-12-31,2017-12-31,2017-12-31,2018-02-28,-4098000000,20436000000,20110250000,3285000000,17151000000,0.569,21.023,-1311000000,617000000,617000000,6455000000,1308000000,0.993,2.312,9000000000,1217000000,7783000000,9000000000,1236000000,1184000000,0,0.02,3.152,2434000000,3618000000,0.316,3618000000,2434000000,2273000000,4.36,4.32,4.36,6018000000,5902500000,6018000000,52915710145,21,14.626,1730000000,6.043,1.0,4982000000,0.436,3786000000,161000000,21726000000,22141500000,614000000,727000000,0,727000000,13914000000,3307000000,10607000000,44285710145,93000000,-3000000,108000000,-771000000,-901000000,-1656000000,-1314000000,0,3041000000,22000000,1247000000,1247000000,1247000000,0,61000000,0.109,2538000000,2444000000,972000000,0.723,7.359,35.514,35.477,12057000000,0,154.68,3.872,3.872,1804000000,13224000000,11437000000,11437000000,93000000,0.062,0.211,0.11,0.213,59000000,1207000000,1.0,286305341,286261000,289114000,39.953,16650000000,0,1026000000,242000000,58.164,-22000000
