ticker,dimension,calendardate,datekey,reportperiod,lastupdated,accoci,assets,assetsavg,assetsc,assetsnc,assetturnover,bvps,capex,cashneq,cashnequsd,cor,consolinc,currentratio,de,debt,debtc,debtnc,debtusd,deferredrev,depamor,deposits,divyield,dps,ebit,ebitda,ebitdamargin,ebitdausd,ebitusd,ebt,eps,epsdil,epsusd,equity,equityavg,equityusd,ev,evebit,evebitda,fcf,fcfps,fxusd,gp,grossmargin,intangibles,intexp,invcap,invcapavg,inventory,investments,investmentsc,investmentsnc,liabilities,liabilitiesc,liabilitiesnc,marketcap,ncf,ncfbus,ncfcommon,ncfdebt,ncfdiv,ncff,ncfi,ncfinv,ncfo,ncfx,netinc,netinccmn,netinccmnusd,netincdis,netincnci,netmargin,opex,opinc,payables,payoutratio,pb,pe,pe1,ppnenet,prefdivis,price,ps,ps1,receivables,retearn,revenue,revenueusd,rnd,roa,roe,roic,ros,sbcomp,sgna,sharefactor,sharesbas,shareswa,shareswadil,sps,tangibles,taxassets,taxexp,taxliabilities,tbvps,workingcapital
RMD,MRY,2011-12-31,2011-06-30,2011-06-30,2018-01-24,324432000,2068922000,1926880500,1292452000,776470000,0.645,11.337,-66609000,735267000,735267000,501822000,226986000,6.189,0.195,100163000,163000,100000000,100163000,62362000,70616000,0,0.0,0.0,305465000,376081000,0.303,376081000,305465000,303707000,1.49,1.44,1.49,1730737000,1620443500,1730737000,4141248300,13,11.012,216581000,1.42,1.0,741326000,0.596,283398000,1758000,941580000,861034000,200777000,0,0,0,338185000,208840000,129345000,4732717300,246491000,-22450000,-68692000,-25161000,0,-79343000,-76511000,18979000,283190000,119155000,226986000,226986000,226986000,0,0,0.183,474402000,266924000,55194000,0.0,2.735,20.85,20.772,462107000,0,30.95,3.807,3.796,274352000,1111862000,1243148000,1243148000,92007000,0.118,0.14,0.355,0.246,16299000,372249000,1.0,152914937,152471000,157195000,8.153,1785524000,42091000,76721000,16679000,11.696,1083612000
RMD,MRY,2012-12-31,2012-06-30,2012-06-30,2018-01-24,236456000,2137869000,2060870500,1361151000,776718000,0.664,11.257,-47135000,809541000,809541000,547780000,254850000,5.383,0.33,250835000,52000,250783000,250835000,55947000,85856000,0,0.0,0.0,336731000,422587000,0.309,422587000,336731000,331945000,1.75,1.71,1.75,1607627000,1581668250,1607627000,3913899173,11,9.262,336024000,2.303,1.0,820735000,0.6,311036000,4786000,1015275000,978721750,174351000,0,0,0,530242000,252852000,277390000,4453984173,74274000,-53322000,-330252000,144399000,0,-177105000,-101615000,12814000,383159000,-30165000,254850000,254850000,254850000,0,0,0.186,526328000,294407000,55006000,0.0,2.771,17.477,17.829,434363000,0,31.2,3.255,3.326,283160000,1366712000,1368515000,1368515000,109733000,0.124,0.161,0.344,0.246,21838000,402621000,1.0,142755903,145901000,149316000,9.38,1826833000,45372000,77095000,41073000,12.792,1108299000
RMD,MRY,2013-12-31,2013-06-30,2013-06-30,2018-01-24,92088000,2210721000,2290177750,1448849000,761872000,0.661,11.288,-63579000,876048000,876048000,573800000,307133000,2.524,0.373,300786000,300017000,769000,300786000,56881000,78280000,0,0.015,0.68,391506000,469786000,0.31,469786000,391506000,385119000,2.15,2.1,2.15,1610516000,1707277250,1610516000,5757602185,14,12.256,339244000,2.373,1.0,940657000,0.621,324468000,6387000,736942000,912518250,145847000,0,0,0,600205000,574049000,26156000,6429482185,66507000,-5418000,-117019000,49779000,-97204000,-153927000,-78000000,-800000,402823000,-104389000,307133000,307133000,307133000,0,0,0.203,585833000,354824000,60688000,0.316,3.992,20.934,20.991,411433000,0,45.13,4.245,4.26,318349000,1576641000,1514457000,1514457000,120124000,0.134,0.18,0.429,0.259,19850000,430802000,1.0,142465814,142954000,146410000,10.594,1886253000,67515000,77986000,44176000,13.221,874800000
RMD,MRY,2014-12-31,2014-06-30,2014-06-30,2018-01-24,151557000,2360962000,2351437750,1556209000,804753000,0.661,12.508,-72722000,905730000,905730000,565187000,345273000,5.773,0.343,300788000,18000,300770000,300788000,58722000,73454000,0,0.02,1.0,437207000,510661000,0.328,510661000,437207000,431078000,2.44,2.39,2.44,1758248000,1695160000,1758248000,6562197416,15,12.85,318546000,2.252,1.0,989786000,0.637,334510000,6129000,1151952000,1098691000,165418000,0,0,0,602714000,269558000,333156000,7104957416,29682000,-3852000,-168815000,-2201000,-141518000,-297316000,-94987000,-9979000,391268000,30717000,345273000,345273000,345273000,0,0,0.222,584699000,405087000,85405000,0.41,4.041,20.578,20.75,434277000,0,50.63,4.569,4.606,359593000,1780396000,1554973000,1554973000,118226000,0.147,0.204,0.398,0.281,27122000,450414000,1.0,140330978,141474000,144359000,10.991,2026452000,50663000,85805000,27143000,14.416,1286651000
RMD,MRY,2015-12-31,2015-06-30,2015-06-30,2018-01-24,-173516000,2181774000,2273954500,1407844000,773930000,0.738,11.27,-62502000,717249000,717249000,667516000,352886000,5.283,0.375,300594000,0,300594000,300594000,55381000,73056000,0,0.02,1.12,441694000,514750000,0.307,514750000,441694000,435916000,2.51,2.47,2.51,1587307000,1591310250,1587307000,7538011439,17,14.644,320678000,2.283,1.0,1011396000,0.602,311403000,5778000,1187253000,1260291750,246859000,0,0,0,594467000,266463000,328004000,7943755439,-188481000,-29407000,-121494000,-1536000,-157262000,-255791000,-143071000,-41720000,383180000,-172799000,352886000,352886000,352886000,0,0,0.21,602160000,409236000,81112000,0.446,5.005,22.511,22.458,387758000,0,56.37,4.731,4.716,362568000,1976020000,1678912000,1678912000,114865000,0.155,0.222,0.35,0.263,22896000,478627000,1.0,140921686,140468000,142687000,11.952,1870371000,46380000,83030000,24404000,13.279,1141381000
RMD,MRY,2016-12-31,2016-06-30,2016-06-30,2018-01-24,-222658000,3256705000,2548751250,1419719000,1836986000,0.721,12.059,-58534000,731434000,731434000,772216000,352409000,2.225,0.922,1172770000,299438000,873332000,1172770000,90290000,86849000,0,0.019,1.2,450772000,537621000,0.292,537621000,450772000,439566000,2.51,2.49,2.51,1694831000,1588331500,1694831000,8595226096,19,15.988,489399000,3.49,1.0,1066497000,0.58,1359053000,11206000,1700999000,1405899500,224456000,0,0,0,1561874000,637989000,923885000,8878112096,14185000,-1041864000,-74364000,856306000,-168130000,612584000,-1125754000,-16061000,547933000,-20578000,352409000,352409000,352409000,0,0,0.192,637545000,428952000,92571000,0.478,5.238,25.193,25.191,384276000,0,63.23,4.828,4.823,382086000,2160299000,1838713000,1838713000,118651000,0.138,0.222,0.321,0.245,46408000,488057000,1.0,140409807,140242000,141669000,13.111,1897652000,55496000,87157000,48227000,13.502,781730000
RMD,MRY,2017-12-31,2017-06-30,2017-06-30,2018-01-24,-189059000,3468487000,3383971000,1644003000,1824484000,0.611,13.84,-62219000,821935000,821935000,864992000,342284000,4.565,0.769,1078611000,0,1078611000,1078611000,105153000,112157000,0,0.017,1.32,446979000,559136000,0.271,559136000,446979000,418743000,2.42,2.4,2.42,1960266000,1824485000,1960266000,11384504452,25,20.361,351834000,2.489,1.0,1201745000,0.581,1326674000,28236000,2038363000,1896940500,268319000,0,0,0,1508221000,360126000,1148095000,11043464452,90501000,-7274000,30161000,-95000000,-186346000,-262867000,-81890000,-3140000,414053000,21205000,342284000,342284000,342284000,0,0,0.166,775947000,425798000,92763000,0.545,5.634,32.264,32.178,394241000,0,77.87,5.343,5.326,450530000,2316237000,2066737000,2066737000,144467000,0.101,0.188,0.236,0.216,45925000,553968000,1.0,141819243,141360000,142453000,14.62,2141813000,61503000,76459000,42972000,15.121,1283877000
