ticker,dimension,calendardate,datekey,reportperiod,lastupdated,accoci,assets,assetsavg,assetsc,assetsnc,assetturnover,bvps,capex,cashneq,cashnequsd,cor,consolinc,currentratio,de,debt,debtc,debtnc,debtusd,deferredrev,depamor,deposits,divyield,dps,ebit,ebitda,ebitdamargin,ebitdausd,ebitusd,ebt,eps,epsdil,epsusd,equity,equityavg,equityusd,ev,evebit,evebitda,fcf,fcfps,fxusd,gp,grossmargin,intangibles,intexp,invcap,invcapavg,inventory,investments,investmentsc,investmentsnc,liabilities,liabilitiesc,liabilitiesnc,marketcap,ncf,ncfbus,ncfcommon,ncfdebt,ncfdiv,ncff,ncfi,ncfinv,ncfo,ncfx,netinc,netinccmn,netinccmnusd,netincdis,netincnci,netmargin,opex,opinc,payables,payoutratio,pb,pe,pe1,ppnenet,prefdivis,price,ps,ps1,receivables,retearn,revenue,revenueusd,rnd,roa,roe,roic,ros,sbcomp,sgna,sharefactor,sharesbas,shareswa,shareswadil,sps,tangibles,taxassets,taxexp,taxliabilities,tbvps,workingcapital
ROK,MRY,2011-12-31,2011-09-30,2011-09-30,2018-01-31,-992900000,5284900000,5125650000,3075100000,2209800000,1.171,12.275,-115000000,988900000,988900000,3610000000,697800000,2.312,2.023,905000000,0,905000000,905000000,189000000,131300000,0,0.026,1.475,927800000,1059100000,0.177,1059100000,927800000,868300000,4.88,4.8,4.88,1748000000,1772025000,1748000000,7902932728,8,7.462,528700000,3.705,1.0,2390400000,0.398,1170600000,59500000,2700500000,2684225000,641700000,0,0,0,3536900000,1329900000,2207000000,8019732728,175500000,-45900000,-124700000,0,-211000000,-297900000,-160900000,0,643700000,-5800000,697800000,697800000,697800000,-700000,0,0.116,1461200000,929200000,455100000,0.302,4.588,11.493,11.475,561400000,0,56.0,1.337,1.332,1063400000,3382800000,6000400000,6000400000,0,0.136,0.394,0.346,0.155,4500000,1461200000,1.0,143209513,142700000,145200000,42.049,4114300000,535800000,170500000,0,28.893,1745200000
ROK,MRY,2012-12-31,2012-09-30,2012-09-30,2018-01-31,-1225300000,5636500000,5433150000,3387500000,2249000000,1.152,13.226,-137000000,903900000,903900000,3736700000,737000000,2.212,2.044,1062000000,157000000,905000000,1062000000,204100000,138600000,0,0.025,1.745,1026000000,1164600000,0.186,1164600000,1026000000,965900000,5.2,5.13,5.2,1851700000,1914900000,1851700000,10186262109,9,8.747,581700000,4.111,1.0,2522700000,0.403,1158300000,60100000,3104700000,3068800000,619000000,350000000,350000000,0,3784800000,1531600000,2253200000,9816862108,-85000000,-16200000,-210400000,157000000,-247400000,-282700000,-503200000,-350000000,718700000,-16800000,737000000,737000000,737000000,0,0,0.118,1491700000,1031000000,547600000,0.336,5.302,13.32,13.375,587100000,0,69.55,1.568,1.572,1187300000,3858800000,6259400000,6259400000,0,0.136,0.385,0.334,0.164,25700000,1491700000,1.0,141148269,141500000,143400000,44.236,4478200000,559700000,228900000,0,31.987,1855900000
ROK,MRY,2013-12-31,2013-09-30,2013-09-30,2018-01-31,-817700000,5844600000,5761725000,3679900000,2164700000,1.102,18.654,-145700000,1200900000,1200900000,3778100000,756300000,2.382,1.261,1084100000,179000000,905100000,1084100000,210900000,145200000,0,0.019,1.98,1041800000,1187000000,0.187,1187000000,1041800000,980900000,5.43,5.36,5.43,2585500000,2145400000,2585500000,14929695904,14,12.578,869100000,6.244,1.0,2573800000,0.405,1235800000,60900000,2947300000,3110075000,615400000,372700000,372700000,0,3259100000,1544700000,1714400000,14829295904,297000000,-84800000,-230400000,22000000,-276300000,-454600000,-256800000,-22200000,1014800000,600000,756300000,756300000,756300000,0,0,0.119,1532000000,1041800000,546700000,0.365,5.736,19.608,19.694,616000000,0,106.94,2.335,2.344,1186100000,4333400000,6351900000,6351900000,0,0.131,0.353,0.335,0.164,11300000,1537700000,1.0,138669309,139200000,140900000,45.631,4608800000,336800000,224600000,0,33.253,2135200000
ROK,MRY,2014-12-31,2014-09-30,2014-09-30,2018-01-31,-948000000,6224300000,6117075000,3934200000,2290100000,1.083,19.388,-140600000,1191300000,1191300000,3869600000,826800000,2.325,1.342,1225400000,325000000,900400000,1225400000,196500000,152500000,0,0.021,2.32,1193500000,1346000000,0.203,1346000000,1193500000,1134200000,5.98,5.91,5.98,2658100000,2704500000,2658100000,15159617773,12,11.263,892700000,6.469,1.0,2753900000,0.416,1296800000,59300000,3269500000,3142450000,588400000,628500000,628500000,0,3566200000,1692100000,1874100000,15149417773,-9600000,-81500000,-377200000,146000000,-320500000,-521800000,-483400000,-257900000,1033300000,-37700000,826800000,826800000,826800000,0,0,0.125,1570100000,1183800000,520600000,0.388,5.699,18.323,18.375,632900000,0,109.88,2.287,2.289,1215800000,4839600000,6623500000,6623500000,0,0.135,0.306,0.38,0.18,12700000,1570100000,1.0,137872386,138000000,139700000,47.996,4927500000,369200000,307400000,0,35.941,2242100000
ROK,MRY,2015-12-31,2015-09-30,2015-09-30,2018-01-31,-1334600000,6404700000,6323350000,3896800000,2507900000,0.998,16.93,-120800000,1427300000,1427300000,3604800000,827600000,2.935,1.838,1500900000,0,1500900000,1500900000,200800000,162500000,0,0.026,2.6,1191200000,1353700000,0.215,1353700000,1191200000,1127500000,6.15,6.09,6.15,2256800000,2487100000,2256800000,13532695840,11,9.997,1066900000,7.932,1.0,2703100000,0.429,1258300000,63700000,3892300000,3651775000,535600000,721900000,721900000,0,4147900000,1327700000,2820200000,13607695840,236000000,-21200000,-538100000,269300000,-350100000,-608100000,-246900000,-104900000,1187700000,-96700000,827600000,827600000,827600000,0,0,0.131,1506400000,1196700000,521700000,0.423,6.03,16.442,16.499,605600000,0,101.47,2.157,2.164,1041000000,5316900000,6307900000,6307900000,0,0.131,0.333,0.326,0.189,29100000,1506400000,1.0,134105606,134500000,135700000,46.899,5146400000,494800000,299900000,0,38.608,2569100000
ROK,MRY,2016-12-31,2016-09-30,2016-09-30,2018-01-31,-1538800000,7101200000,6729050000,4185000000,2916200000,0.874,15.463,-116500000,1526400000,1526400000,3404000000,729700000,2.118,2.568,1964900000,448600000,1516300000,1964900000,214500000,172200000,0,0.024,2.9,1014400000,1186600000,0.202,1186600000,1014400000,943100000,5.6,5.56,5.6,1990100000,2140875000,1990100000,16197304930,15,13.65,830800000,6.381,1.0,2475500000,0.421,1329200000,71300000,4234600000,4178950000,526600000,902800000,902800000,0,5111100000,1975900000,3135200000,15830804930,99100000,-139100000,-471400000,448600000,-378200000,-397700000,-440000000,-184400000,947300000,-10500000,729700000,729700000,729700000,0,0,0.124,1467400000,1008100000,543100000,0.518,7.955,21.695,21.846,578300000,0,122.34,2.693,2.709,1079000000,5668400000,5879500000,5879500000,0,0.108,0.341,0.243,0.173,37200000,1467400000,1.0,129400073,130200000,131100000,45.157,5772000000,633900000,213400000,0,44.848,2209100000
ROK,MRY,2017-12-31,2017-09-30,2017-09-30,2018-01-31,-1179200000,7161700000,7134125000,4420700000,2741000000,0.885,20.793,-140600000,1410900000,1410900000,3687100000,825700000,2.06,1.689,1843800000,600400000,1243400000,1843800000,240600000,168900000,0,0.017,3.04,1113600000,1282500000,0.203,1282500000,1113600000,1037400000,6.42,6.35,6.42,2663600000,2272275000,2663600000,23167690893,20,18.064,893400000,6.958,1.0,2624200000,0.416,1315700000,76200000,4133100000,4050050000,558700000,1124600000,1124600000,0,4498100000,2145800000,2352300000,22874890893,-115500000,92900000,-160700000,-98200000,-390700000,-649600000,-516700000,-469000000,1034000000,16800000,825700000,825700000,825700000,0,0,0.131,1591500000,1032700000,623200000,0.474,8.588,27.704,27.759,583900000,0,178.21,3.624,3.626,1135500000,6103400000,6311300000,6311300000,0,0.116,0.363,0.275,0.176,38500000,1591500000,1.0,128359188,128400000,129900000,49.153,5846000000,443600000,211700000,0,45.636,2274900000
