ticker,dimension,calendardate,datekey,reportperiod,lastupdated,accoci,assets,assetsavg,assetsc,assetsnc,assetturnover,bvps,capex,cashneq,cashnequsd,cor,consolinc,currentratio,de,debt,debtc,debtnc,debtusd,deferredrev,depamor,deposits,divyield,dps,ebit,ebitda,ebitdamargin,ebitdausd,ebitusd,ebt,eps,epsdil,epsusd,equity,equityavg,equityusd,ev,evebit,evebitda,fcf,fcfps,fxusd,gp,grossmargin,intangibles,intexp,invcap,invcapavg,inventory,investments,investmentsc,investmentsnc,liabilities,liabilitiesc,liabilitiesnc,marketcap,ncf,ncfbus,ncfcommon,ncfdebt,ncfdiv,ncff,ncfi,ncfinv,ncfo,ncfx,netinc,netinccmn,netinccmnusd,netincdis,netincnci,netmargin,opex,opinc,payables,payoutratio,pb,pe,pe1,ppnenet,prefdivis,price,ps,ps1,receivables,retearn,revenue,revenueusd,rnd,roa,roe,roic,ros,sbcomp,sgna,sharefactor,sharesbas,shareswa,shareswadil,sps,tangibles,taxassets,taxexp,taxliabilities,tbvps,workingcapital
ROST,MRY,2011-12-31,2012-01-28,2012-01-28,2017-12-06,635000,3301209000,3160105500,1924371000,1376838000,2.724,3.358,-416271000,649835000,649835000,6240760000,657170000,1.43,1.211,150000000,0,150000000,150000000,0,159892000,0,0.009,0.22,1063466000,1223358000,0.142,1223358000,1063466000,1053144000,1.46,1.43,1.46,1493012000,1443074500,1493012000,11278343361,10,9.219,403834000,0.894,1.0,2367531000,0.275,0,10322000,1455322000,1458823250,1130070000,6260000,658000,5602000,1808197000,1346052000,462145000,11681267361,-184089000,0,-448564000,0,-102042000,-532426000,-471768000,-55497000,820105000,0,657170000,657170000,657170000,0,0,0.076,1304065000,1063466000,761717000,0.151,7.824,17.775,17.497,1241722000,0,25.545,1.357,1.341,50848000,763475000,8608291000,8608291000,0,0.208,0.455,0.729,0.124,41264000,1304065000,1.0,457281948,451830000,459964000,19.052,3301209000,5598000,395974000,139649000,7.426,578319000
ROST,MRY,2012-12-31,2013-02-02,2013-02-02,2017-12-06,585000,3670561000,3584036750,2031427000,1639134000,2.712,4.075,-424434000,646761000,646761000,7011428000,786763000,1.428,1.077,150000000,0,150000000,150000000,0,185491000,0,0.009,0.28,1271751000,1457242000,0.15,1457242000,1271751000,1264844000,1.79,1.76,1.79,1766863000,1684846500,1766863000,12742261039,10,8.744,555210000,1.267,1.0,2709637000,0.279,0,6907000,1751218000,1632114500,1209237000,5461000,1087000,4374000,1903698000,1422582000,481116000,13216083039,-3074000,0,-460403000,0,-125694000,-556994000,-425724000,-1290000,979644000,0,786763000,786763000,786763000,0,0,0.081,1437886000,1271751000,807534000,0.156,7.48,16.798,16.601,1493284000,0,29.715,1.36,1.34,59617000,989260000,9721065000,9721065000,0,0.22,0.467,0.779,0.131,49838000,1437886000,1.0,444761334,438260000,445568000,22.181,3670561000,20407000,478081000,137805000,8.467,608845000
ROST,MRY,2013-12-31,2014-02-01,2014-02-01,2017-12-06,389000,3896797000,3898691500,1867159000,2029638000,2.624,4.773,-550515000,423168000,423168000,7360924000,837304000,1.34,0.941,150000000,0,150000000,150000000,0,206111000,0,0.01,0.34,1343063000,1549174000,0.151,1549174000,1343063000,1343310000,1.97,1.94,1.97,2007302000,1938665000,2007302000,14372630128,10,9.278,471488000,1.107,1.0,2869429000,0.28,0,-247000,2230572000,2076454750,1257155000,15716000,12006000,3710000,1889495000,1393057000,496438000,14594900128,-223593000,0,-560777000,0,-147917000,-681788000,-563808000,-13293000,1022003000,0,837304000,837304000,837304000,0,0,0.082,1526366000,1343063000,779455000,0.173,7.271,17.431,17.236,1875299000,0,33.955,1.427,1.413,62612000,1190747000,10230353000,10230353000,0,0.215,0.432,0.647,0.131,47602000,1526366000,1.0,429830662,425761000,431610000,24.028,3896797000,10227000,506006000,77220000,9.265,474102000
ROST,MRY,2014-12-31,2015-01-31,2015-01-31,2017-12-06,330000,4687370000,4418268000,2249839000,2437531000,2.499,5.566,-646691000,696608000,696608000,7937956000,924724000,1.356,1.057,395562000,0,395562000,395562000,0,232959000,0,0.009,0.4,1488350000,1721309000,0.156,1721309000,1488350000,1485366000,2.24,2.21,2.24,2279210000,2172777750,2279210000,18947048835,12,11.007,726174000,1.756,1.0,3103721000,0.281,0,2984000,2726956000,2453830250,1372675000,3610000,500000,3110000,2408160000,1659368000,748792000,19120287835,273440000,0,-567063000,245676000,-168454000,-460426000,-638999000,7692000,1372865000,0,924724000,924724000,924724000,0,0,0.084,1615371000,1488350000,1000700000,0.179,8.389,20.677,20.471,2273752000,0,45.855,1.732,1.717,73278000,1421724000,11041677000,11041677000,0,0.209,0.426,0.607,0.135,53345000,1615371000,1.0,416972802,413553000,418077000,26.7,4687370000,0,560642000,90932000,11.448,590471000
ROST,MRY,2015-12-31,2016-01-30,2016-01-30,2017-12-06,182000,4869119000,4875183750,2372195000,2496924000,2.449,6.207,-366960000,761602000,761602000,8576873000,1020661000,1.48,0.97,396025000,0,396025000,396025000,0,274828000,0,0.008,0.47,1624371000,1899199000,0.159,1899199000,1624371000,1611759000,2.53,2.51,2.53,2471991000,2396521500,2471991000,22695789662,13,11.95,959292000,2.38,1.0,3363126000,0.282,0,12612000,2900695000,2898050000,1419104000,3068000,1737000,1331000,2397128000,1602847000,794281000,22785583662,64994000,0,-748739000,0,-192312000,-898749000,-362509000,4451000,1326252000,0,1020661000,1020661000,1020661000,0,0,0.085,1738755000,1624371000,945559000,0.186,9.218,22.324,22.237,2342906000,0,56.26,1.908,1.899,73627000,1574982000,11939999000,11939999000,0,0.209,0.426,0.561,0.136,71017000,1738755000,1.0,405005042,403034000,406405000,29.625,4869119000,0,591098000,130088000,12.227,769348000
ROST,MRY,2016-12-31,2017-01-28,2017-01-28,2017-12-06,91000,5309351000,5241912250,2813049000,2496302000,2.455,7.078,-297880000,1111599000,1111599000,9173705000,1117654000,1.605,0.932,396493000,0,396493000,396493000,0,302515000,0,0.008,0.54,1802644000,2105159000,0.164,2105159000,1802644000,1786156000,2.85,2.83,2.85,2748017000,2637827500,2748017000,25265453606,14,12.002,1260971000,3.216,1.0,3693052000,0.287,0,16488000,2841739000,2895559750,1512886000,1288000,0,1288000,2561334000,1752506000,808828000,25747888606,349997000,0,-724782000,0,-214640000,-916091000,-292763000,5117000,1558851000,0,1117654000,1117654000,1117654000,0,0,0.087,1890408000,1802644000,1021735000,0.189,9.37,23.037,22.923,2328048000,0,65.33,2.001,1.991,75154000,1801138000,12866757000,12866757000,0,0.213,0.424,0.623,0.14,74554000,1890408000,1.0,394120444,392124000,394958000,32.813,5309351000,0,668502000,137538000,13.675,1060543000
