ticker,dimension,calendardate,datekey,reportperiod,lastupdated,accoci,assets,assetsavg,assetsc,assetsnc,assetturnover,bvps,capex,cashneq,cashnequsd,cor,consolinc,currentratio,de,debt,debtc,debtnc,debtusd,deferredrev,depamor,deposits,divyield,dps,ebit,ebitda,ebitdamargin,ebitdausd,ebitusd,ebt,eps,epsdil,epsusd,equity,equityavg,equityusd,ev,evebit,evebitda,fcf,fcfps,fxusd,gp,grossmargin,intangibles,intexp,invcap,invcapavg,inventory,investments,investmentsc,investmentsnc,liabilities,liabilitiesc,liabilitiesnc,marketcap,ncf,ncfbus,ncfcommon,ncfdebt,ncfdiv,ncff,ncfi,ncfinv,ncfo,ncfx,netinc,netinccmn,netinccmnusd,netincdis,netincnci,netmargin,opex,opinc,payables,payoutratio,pb,pe,pe1,ppnenet,prefdivis,price,ps,ps1,receivables,retearn,revenue,revenueusd,rnd,roa,roe,roic,ros,sbcomp,sgna,sharefactor,sharesbas,shareswa,shareswadil,sps,tangibles,taxassets,taxexp,taxliabilities,tbvps,workingcapital
SBUX,MRY,2011-12-31,2011-10-02,2011-10-02,2018-01-31,46300000,7360400000,7104225000,3794900000,3565500000,1.647,2.936,-414500000,1148100000,1148100000,4915500000,1248000000,1.828,0.678,549500000,0,549500000,549500000,449300000,550000000,0,0.014,0.26,1842100000,2392100000,0.204,2392100000,1842100000,1808800000,0.83,0.81,0.83,4384900000,4273325000,4384900000,26650669000,14,11.141,1197900000,0.8,1.0,6784900000,0.58,321600000,33300000,4364400000,3821825000,965800000,1381900000,902600000,479300000,2973100000,2075800000,897300000,27822069000,-15900000,-55800000,-305500000,30800000,-389500000,-608000000,-1019500000,-536000000,1612400000,-800000,1245700000,1245700000,1245700000,0,2300000,0.106,5230100000,1554800000,540000000,0.313,6.345,22.334,22.464,2355000000,0,18.645,2.378,2.385,386500000,4297400000,11700400000,11700400000,0,0.175,0.292,0.482,0.157,145200000,749300000,1.0,1492200000,1496600000,1539400000,7.818,7038800000,230400000,563100000,0,4.713,1719100000
SBUX,MRY,2012-12-31,2012-09-30,2012-09-30,2018-01-31,22700000,8219200000,8092550000,4199600000,4019600000,1.641,3.378,-856200000,1188600000,1188600000,5813300000,1384700000,1.9,0.608,549600000,0,549600000,549600000,510200000,580600000,0,0.013,0.34,2090900000,2671500000,0.201,2671500000,2090900000,2058200000,0.915,0.895,0.915,5109000000,5100175000,5109000000,37587900000,17,14.07,894100000,0.593,1.0,7463500000,0.562,542800000,32700000,4827600000,4740325000,1241500000,1424300000,848400000,575900000,3104700000,2209800000,894900000,38539600000,40500000,-129100000,-312500000,-30800000,-513000000,-745500000,-974000000,47800000,1750300000,9700000,1383800000,1383800000,1383800000,0,900000,0.104,5676800000,1786700000,398100000,0.372,7.543,27.851,27.71,2658900000,0,25.355,2.903,2.881,485900000,5046200000,13276800000,13276800000,0,0.171,0.271,0.441,0.157,153600000,801200000,1.0,1520000000,1508800000,1546000000,8.8,7676400000,336000000,674400000,0,5.076,1989800000
SBUX,MRY,2013-12-31,2013-09-29,2013-09-29,2018-01-31,67000000,11516700000,9393000000,5471400000,6045300000,1.583,2.978,-1151200000,2575700000,2575700000,6382300000,8800000,1.017,1.57,1299400000,0,1299400000,1299400000,653700000,655600000,0,0.011,0.42,-202300000,453300000,0.03,453300000,-202300000,-230400000,0.01,0.01,0.01,4480200000,5178100000,4480200000,57224662000,-282,126.24,1757100000,1.173,1.0,8484500000,0.571,1137700000,28100000,3725400000,4428450000,1111200000,1212900000,658100000,554800000,7034400000,5377300000,1657100000,58105762000,1387100000,-502400000,-340900000,714500000,-628900000,-108200000,-1411200000,254300000,2908300000,-1800000,8300000,8300000,8300000,0,500000,0.001,9061300000,-576800000,491700000,42.0,12.969,7000.694,3866.5,3200500000,0,38.665,3.908,3.897,561400000,4130300000,14866800000,14866800000,0,0.001,0.002,-0.046,-0.014,142300000,937900000,1.0,1502800000,1498500000,1524500000,9.921,10379000000,1244300000,-238700000,0,6.9,94100000
SBUX,MRY,2014-12-31,2014-09-28,2014-09-28,2018-01-31,25300000,10752900000,10372600000,4168700000,6584200000,1.586,3.511,-1160900000,1708400000,1708400000,6858800000,2067700000,1.372,1.039,2048300000,0,2048300000,2048300000,0,748400000,0,0.014,0.52,3224200000,3972600000,0.242,3972600000,3224200000,3160100000,1.37,1.35,1.37,5272000000,5043325000,5272000000,57496404000,17,14.473,-553100000,-0.367,1.0,9589000000,0.583,1129700000,64100000,6924400000,7015725000,1090900000,968700000,135400000,833300000,5479200000,3038700000,2440500000,56467704000,-867300000,103900000,-618900000,748500000,-783100000,-623300000,-817700000,258400000,607800000,-34100000,2068100000,2068100000,2068100000,0,-400000,0.126,6776200000,2812800000,533700000,0.38,10.711,27.304,27.434,3519000000,0,37.585,3.433,3.442,631000000,5206600000,16447800000,16447800000,0,0.199,0.41,0.46,0.196,183200000,991300000,1.0,1502400000,1506300000,1526300000,10.919,9623200000,1220700000,1092000000,0,6.409,1130000000
SBUX,MRY,2015-12-31,2015-09-27,2015-09-27,2018-01-31,-199400000,12416300000,12456725000,3971000000,8445300000,1.538,3.916,-1303700000,1530100000,1530100000,7787500000,2759300000,1.089,1.134,2347500000,0,2347500000,2347500000,0,933800000,0,0.011,0.64,3971600000,4905400000,0.256,4905400000,3971600000,3901100000,1.84,1.82,1.84,5818000000,5864650000,5818000000,86885458000,21,17.712,2445400000,1.635,1.0,11375200000,0.594,2095800000,70500000,7489800000,7178175000,1306400000,745800000,81300000,664500000,6596500000,3648100000,2948400000,86068758000,-178300000,-275400000,-1244300000,238400000,-928600000,-2256500000,-1520300000,52000000,3749100000,-150600000,2757400000,2757400000,2757400000,0,1900000,0.144,8024100000,3351100000,684200000,0.348,14.794,31.214,31.516,4088300000,0,57.99,4.491,4.527,719000000,5974800000,19162700000,19162700000,0,0.221,0.47,0.553,0.207,209800000,1196700000,1.0,1484200000,1495900000,1513400000,12.81,10320500000,1180800000,1143700000,0,6.947,322900000
SBUX,MRY,2016-12-31,2016-10-02,2016-10-02,2018-01-31,-108400000,14312500000,13402150000,4757900000,9554600000,1.59,4.021,-1440300000,2128800000,2128800000,8511100000,2818900000,1.046,1.431,3585200000,399900000,3185300000,3585200000,0,1030100000,0,0.015,0.8,4278700000,5308800000,0.249,5308800000,4278700000,4197400000,1.91,1.9,1.91,5884000000,5670475000,5884000000,80862124000,18,15.232,3134800000,2.13,1.0,12804800000,0.601,2235900000,81300000,8986200000,8014775000,1378500000,1630600000,134400000,1496200000,8421800000,4546800000,3875000000,79401724000,598700000,69600000,-1834900000,1254500000,-1178000000,-1750000000,-2222900000,-877100000,4575100000,-3500000,2817700000,2817700000,2817700000,0,1200000,0.132,8951100000,3853700000,730600000,0.419,13.495,28.18,28.346,4533800000,0,54.14,3.725,3.738,768800000,5949800000,21315900000,21315900000,0,0.21,0.497,0.534,0.201,218100000,1360600000,1.0,1466600000,1471600000,1486700000,14.485,12076600000,885400000,1379700000,0,8.254,211100000
SBUX,MRY,2017-12-31,2017-10-01,2017-10-01,2018-01-31,-155600000,14365600000,14283375000,5283400000,9082200000,1.567,3.786,-1519400000,2462300000,2462300000,9038200000,2884900000,1.252,1.635,3932600000,0,3932600000,3932600000,0,1067100000,0,0.019,1.0,4409800000,5476900000,0.245,5476900000,4409800000,4317300000,1.99,1.97,1.99,5450100000,5673775000,5450100000,78771169000,17,14.382,2654900000,1.832,1.0,13348600000,0.596,1980600000,92500000,9634600000,9493900000,1364000000,1252500000,228600000,1023900000,8908600000,4220700000,4687900000,77551869000,333500000,85400000,-1891700000,350200000,-1450400000,-3001600000,-850000000,529700000,4174300000,10800000,2884700000,2884700000,2884700000,0,200000,0.129,9605300000,3743300000,782500000,0.503,14.229,26.884,26.99,4919500000,0,53.71,3.464,3.478,870400000,5563200000,22386800000,22386800000,0,0.202,0.508,0.464,0.197,176000000,1393300000,1.0,1443900000,1449500000,1461500000,15.444,12385000000,795400000,1432600000,0,8.603,1062700000
