ticker,dimension,calendardate,datekey,reportperiod,lastupdated,accoci,assets,assetsavg,assetsc,assetsnc,assetturnover,bvps,capex,cashneq,cashnequsd,cor,consolinc,currentratio,de,debt,debtc,debtnc,debtusd,deferredrev,depamor,deposits,divyield,dps,ebit,ebitda,ebitdamargin,ebitdausd,ebitusd,ebt,eps,epsdil,epsusd,equity,equityavg,equityusd,ev,evebit,evebitda,fcf,fcfps,fxusd,gp,grossmargin,intangibles,intexp,invcap,invcapavg,inventory,investments,investmentsc,investmentsnc,liabilities,liabilitiesc,liabilitiesnc,marketcap,ncf,ncfbus,ncfcommon,ncfdebt,ncfdiv,ncff,ncfi,ncfinv,ncfo,ncfx,netinc,netinccmn,netinccmnusd,netincdis,netincnci,netmargin,opex,opinc,payables,payoutratio,pb,pe,pe1,ppnenet,prefdivis,price,ps,ps1,receivables,retearn,revenue,revenueusd,rnd,roa,roe,roic,ros,sbcomp,sgna,sharefactor,sharesbas,shareswa,shareswadil,sps,tangibles,taxassets,taxexp,taxliabilities,tbvps,workingcapital
SIG,MRY,2011-12-31,2012-01-28,2012-01-28,2017-12-01,-159200000,3611400000,3355650000,3016300000,595100000,1.117,26.225,-97800000,486800000,486800000,2311600000,324400000,3.516,0.585,0,0,0,0,528100000,92400000,0,0.004,0.2,507400000,599800000,0.16,599800000,507400000,502100000,3.76,3.73,3.76,2279100000,2147750000,2279100000,3721642585,7,6.205,227400000,2.617,1.0,1437600000,0.383,0,5300000,2266600000,2207775000,1304100000,0,0,0,1332300000,858000000,474300000,4037642585,187400000,0,-2100000,-31000000,-8700000,-40000000,-97800000,0,325200000,-2700000,324400000,324400000,324400000,0,0,0.087,930200000,507400000,182600000,0.053,1.772,12.446,12.356,383400000,0,46.46,1.077,1.077,1132500000,1969300000,3749200000,3749200000,0,0.097,0.151,0.23,0.135,13100000,1056700000,1.0,86905781,86905781,,43.141,3611400000,109400000,177700000,212900000,41.555,2158300000
SIG,MRY,2012-12-31,2013-02-02,2013-02-02,2017-12-01,-175700000,3719000000,3490075000,3036100000,682900000,1.141,28.943,-134200000,301000000,301000000,2446000000,359900000,3.482,0.596,0,0,0,0,565600000,99400000,0,0.008,0.48,560500000,659900000,0.166,659900000,560500000,556900000,4.37,4.35,4.37,2329900000,2212175000,2329900000,4971050381,8,7.533,178500000,2.169,1.0,1537400000,0.386,0,3600000,2546100000,2429350000,1397000000,0,0,0,1389100000,871900000,517200000,5137050381,-186300000,-56700000,-277100000,0,-38400000,-308100000,-190900000,0,312700000,500000,359900000,359900000,359900000,0,0,0.09,976900000,560500000,155900000,0.11,2.205,14.274,14.515,430400000,0,63.43,1.29,1.311,1247400000,2268400000,3983400000,3983400000,0,0.103,0.163,0.231,0.141,8300000,1138300000,1.0,80987709,82300000,82800000,48.401,3719000000,109200000,197000000,229900000,46.199,2164200000
SIG,MRY,2013-12-31,2014-02-01,2014-02-01,2017-12-01,-178500000,4029200000,3782300000,3257600000,771600000,1.113,32.2,-152700000,247600000,247600000,2628700000,368000000,3.617,0.572,19300000,19300000,0,19300000,616700000,110200000,0,0.008,0.6,570500000,680700000,0.162,680700000,570500000,566500000,4.59,4.56,4.59,2563100000,2416600000,2563100000,6339338888,11,9.313,82800000,1.032,1.0,1580500000,0.375,26800000,4000000,2873400000,2754925000,1488000000,0,0,0,1466100000,900700000,565400000,6381138888,-49700000,-7700000,-104600000,19300000,-46000000,-124800000,-160400000,0,235500000,-3700000,368000000,368000000,368000000,0,0,0.087,1010000000,570500000,162900000,0.131,2.49,17.34,17.331,487600000,0,79.55,1.516,1.516,1425500000,2812900000,4209200000,4209200000,0,0.097,0.152,0.207,0.136,7900000,1196700000,1.0,80215448,80200000,80700000,52.484,4002400000,123200000,198500000,217000000,50.281,2356900000
SIG,MRY,2014-12-31,2015-01-31,2015-01-31,2017-12-01,-236600000,6214300000,5602275000,4402800000,1811500000,1.024,35.174,-220200000,193600000,193600000,3662100000,381300000,3.692,1.211,1461300000,97500000,1363800000,1461300000,811900000,149700000,0,0.007,0.9,576600000,726300000,0.127,726300000,576600000,540600000,4.77,4.75,4.77,2810400000,2695100000,2810400000,11215911716,19,15.443,62800000,0.786,1.0,2074200000,0.362,966300000,36000000,5323200000,4639900000,2439000000,0,0,0,3403900000,1192500000,2211400000,9710411716,-48700000,-1429200000,-42100000,1406500000,-55300000,1320900000,-1652600000,-3200000,283000000,-5300000,381300000,381300000,381300000,0,0,0.066,1497600000,576600000,277700000,0.189,3.455,25.467,25.39,665900000,0,121.11,1.693,1.687,1631200000,3135700000,5736300000,5736300000,0,0.068,0.141,0.124,0.101,300000,1712900000,1.0,80178447,79900000,80200000,71.793,5248000000,4100000,159300000,140400000,65.682,3210300000
SIG,MRY,2015-12-31,2016-01-30,2016-01-30,2017-12-01,-274100000,6464900000,6243125000,4588100000,1876800000,1.049,38.792,-226500000,137700000,137700000,4109800000,467900000,3.986,1.112,1378700000,57700000,1321000000,1378700000,889400000,175300000,0,0.009,1.1,703700000,879000000,0.134,879000000,703700000,657800000,5.89,5.87,5.89,3060700000,2917450000,3060700000,10737008288,15,12.215,216800000,2.727,1.0,2440400000,0.373,943300000,45900000,5611500000,5512400000,2453900000,0,0,0,3404200000,1151100000,2253100000,9225708288,-52000000,0,-133300000,-73100000,-67100000,-266600000,-228700000,-2200000,443300000,-3900000,467900000,467900000,467900000,0,0,0.071,1736700000,703700000,269100000,0.187,3.014,19.717,19.694,727600000,0,116.0,1.408,1.408,1840400000,3534600000,6550200000,6550200000,0,0.075,0.16,0.128,0.107,9500000,1987600000,1.0,79531968,79500000,79700000,82.392,5521600000,3500000,189900000,138200000,69.982,3437000000
SIG,MRY,2016-12-31,2017-01-28,2017-01-28,2017-12-01,-307700000,6597800000,6452750000,4642600000,1955200000,0.993,36.195,-278000000,98700000,98700000,4047600000,543200000,3.857,1.404,1409000000,91100000,1317900000,1409000000,935900000,188800000,0,0.013,1.04,763200000,952000000,0.149,952000000,763200000,713800000,7.13,7.08,7.13,2490200000,2674875000,2490200000,7096061072,9,7.454,400300000,5.373,1.0,2360800000,0.368,934600000,49400000,5769800000,5726925000,2449300000,0,0,0,3495700000,1203700000,2292000000,5565761072,-38300000,0,-1002800000,26500000,-75600000,-438200000,-278400000,-400000,678300000,-700000,543200000,531300000,531300000,0,0,0.083,1597600000,763200000,255700000,0.146,2.235,10.476,11.219,822900000,11900000,79.99,0.869,0.93,1953900000,3995900000,6408400000,6408400000,0,0.082,0.199,0.133,0.119,5600000,1880200000,1.0,69580711,74500000,76700000,86.019,5663200000,5100000,170600000,203200000,82.314,3438900000
