ticker,dimension,calendardate,datekey,reportperiod,lastupdated,accoci,assets,assetsavg,assetsc,assetsnc,assetturnover,bvps,capex,cashneq,cashnequsd,cor,consolinc,currentratio,de,debt,debtc,debtnc,debtusd,deferredrev,depamor,deposits,divyield,dps,ebit,ebitda,ebitdamargin,ebitdausd,ebitusd,ebt,eps,epsdil,epsusd,equity,equityavg,equityusd,ev,evebit,evebitda,fcf,fcfps,fxusd,gp,grossmargin,intangibles,intexp,invcap,invcapavg,inventory,investments,investmentsc,investmentsnc,liabilities,liabilitiesc,liabilitiesnc,marketcap,ncf,ncfbus,ncfcommon,ncfdebt,ncfdiv,ncff,ncfi,ncfinv,ncfo,ncfx,netinc,netinccmn,netinccmnusd,netincdis,netincnci,netmargin,opex,opinc,payables,payoutratio,pb,pe,pe1,ppnenet,prefdivis,price,ps,ps1,receivables,retearn,revenue,revenueusd,rnd,roa,roe,roic,ros,sbcomp,sgna,sharefactor,sharesbas,shareswa,shareswadil,sps,tangibles,taxassets,taxexp,taxliabilities,tbvps,workingcapital
STX,MRY,2011-12-31,2011-07-01,2011-07-01,2018-01-29,-6000000,9225000000,8537750000,6425000000,2800000000,1.285,5.768,-766000000,2779000000,2779000000,8825000000,511000000,1.855,2.745,3512000000,560000000,2952000000,3512000000,0,754000000,0,0.011,0.18,793000000,1547000000,0.141,1547000000,793000000,579000000,1.13,1.09,1.13,2463000000,2662250000,2463000000,7644192694,9,4.941,498000000,1.104,1.0,2146000000,0.196,32000000,214000000,6463000000,5796750000,872000000,474000000,474000000,0,6762000000,3463000000,3299000000,7036192694,414000000,0,-739000000,947000000,-74000000,131000000,-981000000,-227000000,1264000000,0,511000000,511000000,511000000,0,0,0.047,1340000000,806000000,2063000000,0.159,2.857,13.769,14.478,2245000000,0,16.36,0.641,0.673,1495000000,-1511000000,10971000000,10971000000,875000000,0.06,0.192,0.137,0.072,51000000,445000000,1.0,430085128,451000000,467000000,24.326,9193000000,473000000,68000000,67000000,21.529,2962000000
STX,MRY,2012-12-31,2012-06-29,2012-06-29,2018-01-29,-9000000,10106000000,9518250000,6310000000,3796000000,1.57,8.509,-616000000,1800000000,1800000000,10255000000,2862000000,1.858,1.89,2863000000,0,2863000000,2863000000,0,814000000,0,0.035,0.86,3123000000,3937000000,0.264,3937000000,3123000000,2882000000,6.72,6.49,6.72,3497000000,3265250000,3497000000,11642060486,3,2.957,2646000000,6.211,1.0,4684000000,0.314,969000000,241000000,6804000000,6803000000,909000000,411000000,411000000,0,6609000000,3396000000,3213000000,10516060486,-970000000,-561000000,-2082000000,-670000000,-372000000,-3118000000,-1114000000,62000000,3262000000,0,2862000000,2862000000,2862000000,0,0,0.192,1576000000,3108000000,2286000000,0.128,3.007,3.674,3.68,2284000000,0,24.73,0.704,0.705,2319000000,-1444000000,14939000000,14939000000,1006000000,0.301,0.877,0.459,0.209,51000000,528000000,1.0,425234957,426000000,441000000,35.068,9137000000,500000000,20000000,84000000,22.231,2914000000
STX,MRY,2013-12-31,2013-06-28,2013-06-28,2018-01-29,-13000000,9243000000,9062500000,5412000000,3831000000,1.584,9.763,-757000000,1809000000,1809000000,10411000000,1838000000,2.073,1.641,2777000000,3000000,2774000000,2777000000,0,873000000,0,0.031,1.4,2045000000,2918000000,0.203,2918000000,2045000000,1831000000,4.97,4.81,4.97,3495000000,3297000000,3495000000,17017902747,8,5.832,2290000000,6.189,1.0,3940000000,0.275,881000000,214000000,6719000000,6505000000,854000000,480000000,480000000,0,5737000000,2611000000,3126000000,16073902747,1000000,-36000000,-1395000000,-238000000,-518000000,-2222000000,-825000000,-17000000,3047000000,1000000,1838000000,1838000000,1838000000,0,0,0.128,1849000000,2091000000,1690000000,0.282,4.599,8.745,9.02,2269000000,0,44.83,1.12,1.156,1670000000,-1778000000,14351000000,14351000000,1133000000,0.203,0.557,0.314,0.142,76000000,635000000,1.0,358552370,370000000,382000000,38.786,8362000000,571000000,-7000000,87000000,23.358,2801000000
STX,MRY,2014-12-31,2014-06-27,2014-06-27,2018-01-29,-2000000,9492000000,9096500000,5777000000,3715000000,1.509,8.634,-556000000,2638000000,2638000000,9878000000,1570000000,2.409,2.352,3920000000,0,3920000000,3920000000,0,879000000,0,0.029,1.67,1751000000,2630000000,0.192,2630000000,1751000000,1556000000,4.66,4.52,4.66,2832000000,2910750000,2832000000,19838748411,11,7.543,2002000000,5.941,1.0,3846000000,0.28,896000000,195000000,7480000000,7018750000,985000000,20000000,20000000,0,6660000000,2398000000,4262000000,18587748411,926000000,-285000000,-1805000000,1056000000,-557000000,-1311000000,-322000000,553000000,2558000000,1000000,1570000000,1570000000,1570000000,0,0,0.114,2070000000,1776000000,1549000000,0.358,6.563,11.839,12.215,2136000000,0,56.92,1.354,1.398,1729000000,-2677000000,13724000000,13724000000,1226000000,0.173,0.539,0.249,0.128,118000000,722000000,1.0,326559178,337000000,347000000,40.724,8596000000,625000000,-14000000,90000000,26.207,3379000000
STX,MRY,2015-12-31,2015-07-03,2015-07-03,2018-01-29,-30000000,9845000000,10115000000,5568000000,4277000000,1.358,9.491,-747000000,2479000000,2479000000,9930000000,1742000000,2.376,2.262,4155000000,0,4155000000,4155000000,0,841000000,0,0.043,2.05,2177000000,3018000000,0.22,3018000000,2177000000,1970000000,5.38,5.26,5.38,3018000000,3217500000,3018000000,16604920717,7,5.502,1903000000,5.873,1.0,3809000000,0.277,1244000000,207000000,7934000000,7429500000,993000000,6000000,6000000,0,6827000000,2343000000,4484000000,15281920717,-152000000,-453000000,-989000000,170000000,-664000000,-1495000000,-1287000000,18000000,2650000000,-20000000,1742000000,1742000000,1742000000,0,0,0.127,1751000000,2058000000,1540000000,0.381,5.064,8.773,8.95,2278000000,0,48.15,1.112,1.135,1735000000,-2686000000,13739000000,13739000000,1353000000,0.172,0.541,0.293,0.158,137000000,857000000,1.0,317381531,324000000,331000000,42.404,8601000000,618000000,228000000,33000000,27.047,3225000000
STX,MRY,2016-12-31,2016-07-01,2016-07-01,2018-01-29,-25000000,8213000000,8615500000,3533000000,4680000000,1.295,5.382,-587000000,1125000000,1125000000,8545000000,248000000,1.571,4.156,4091000000,0,4091000000,4091000000,0,815000000,0,0.101,2.43,467000000,1282000000,0.115,1282000000,467000000,274000000,0.83,0.82,0.83,1593000000,1754750000,1593000000,10109564007,21,7.886,1093000000,3.656,1.0,2615000000,0.234,1685000000,193000000,7245000000,7329000000,868000000,6000000,6000000,0,6620000000,2249000000,4371000000,7172564007,-1354000000,-634000000,-1011000000,-22000000,-727000000,-1820000000,-1211000000,0,1680000000,-3000000,248000000,248000000,248000000,0,0,0.022,2170000000,445000000,1517000000,2.928,4.503,28.922,28.952,2160000000,0,24.03,0.643,0.644,1318000000,-4311000000,11160000000,11160000000,1237000000,0.029,0.141,0.064,0.042,120000000,635000000,1.0,298483729,299000000,302000000,37.324,6528000000,616000000,26000000,14000000,22.054,1284000000
STX,MRY,2017-12-31,2017-06-30,2017-06-30,2018-01-29,-17000000,9268000000,9015750000,5041000000,4227000000,1.195,4.655,-434000000,2539000000,2539000000,7597000000,772000000,1.92,5.795,5021000000,0,5021000000,5021000000,0,749000000,0,0.065,2.52,1037000000,1786000000,0.166,1786000000,1037000000,815000000,2.61,2.58,2.61,1364000000,1504750000,1364000000,13699313416,13,7.67,1482000000,5.007,1.0,3174000000,0.295,1519000000,222000000,7605000000,7175750000,982000000,0,0,0,7904000000,2626000000,5278000000,11494313416,1411000000,0,-374000000,916000000,-561000000,-46000000,-459000000,-31000000,1916000000,0,772000000,772000000,772000000,0,0,0.072,2120000000,1054000000,1626000000,0.966,8.427,14.889,14.847,1875000000,0,38.75,1.067,1.065,1199000000,-4771000000,10771000000,10771000000,1232000000,0.086,0.513,0.145,0.096,137000000,606000000,1.0,296627443,296000000,299000000,36.389,7749000000,609000000,43000000,15000000,26.447,2415000000
