ticker,dimension,calendardate,datekey,reportperiod,lastupdated,accoci,assets,assetsavg,assetsc,assetsnc,assetturnover,bvps,capex,cashneq,cashnequsd,cor,consolinc,currentratio,de,debt,debtc,debtnc,debtusd,deferredrev,depamor,deposits,divyield,dps,ebit,ebitda,ebitdamargin,ebitdausd,ebitusd,ebt,eps,epsdil,epsusd,equity,equityavg,equityusd,ev,evebit,evebitda,fcf,fcfps,fxusd,gp,grossmargin,intangibles,intexp,invcap,invcapavg,inventory,investments,investmentsc,investmentsnc,liabilities,liabilitiesc,liabilitiesnc,marketcap,ncf,ncfbus,ncfcommon,ncfdebt,ncfdiv,ncff,ncfi,ncfinv,ncfo,ncfx,netinc,netinccmn,netinccmnusd,netincdis,netincnci,netmargin,opex,opinc,payables,payoutratio,pb,pe,pe1,ppnenet,prefdivis,price,ps,ps1,receivables,retearn,revenue,revenueusd,rnd,roa,roe,roic,ros,sbcomp,sgna,sharefactor,sharesbas,shareswa,shareswadil,sps,tangibles,taxassets,taxexp,taxliabilities,tbvps,workingcapital
SYMC,MRY,2011-12-31,2011-04-01,2011-04-01,2018-02-02,171000000,12719000000,11891750000,4486000000,8233000000,0.521,5.934,-238000000,2950000000,2950000000,1045000000,593000000,0.917,1.792,2583000000,596000000,1987000000,2583000000,3819000000,642000000,0,0.0,0.0,845000000,1487000000,0.24,1487000000,845000000,702000000,0.77,0.76,0.77,4528000000,4506500000,4528000000,14205582244,16,9.553,1556000000,2.0,1.0,5145000000,0.831,7005000000,143000000,454000000,294250000,30000000,35000000,8000000,27000000,8114000000,4893000000,3221000000,14089582244,-79000000,-1537000000,-750000000,574000000,0,-184000000,-1760000000,13000000,1794000000,71000000,597000000,597000000,597000000,0,-4000000,0.096,4265000000,880000000,260000000,0.0,3.112,23.601,23.974,1050000000,0,18.46,2.276,2.32,1013000000,-4012000000,6190000000,6190000000,862000000,0.05,0.132,2.872,0.137,138000000,3012000000,1.0,763249309,778000000,786000000,7.956,5714000000,223000000,105000000,657000000,7.489,-407000000
SYMC,MRY,2012-12-31,2012-03-30,2012-03-30,2018-02-02,173000000,13020000000,12265250000,4633000000,8387000000,0.549,6.988,-286000000,3162000000,3162000000,1082000000,1187000000,1.028,1.541,2039000000,0,2039000000,2039000000,3973000000,653000000,0,0.0,0.0,1610000000,2263000000,0.336,2263000000,1610000000,1495000000,1.6,1.59,1.6,5094000000,4715000000,5094000000,13338595694,8,5.894,1615000000,2.179,1.0,5648000000,0.839,7163000000,115000000,229000000,429000000,28000000,49000000,49000000,0,7848000000,4505000000,3343000000,13640595694,212000000,22000000,-746000000,-607000000,0,-1386000000,-318000000,-54000000,1901000000,15000000,1187000000,1187000000,1187000000,0,0,0.176,4544000000,1104000000,324000000,0.0,2.678,11.492,11.688,1100000000,0,18.7,2.027,2.059,940000000,-2859000000,6730000000,6730000000,969000000,0.097,0.252,3.753,0.239,156000000,3226000000,1.0,729443620,741000000,748000000,9.082,5857000000,205000000,308000000,681000000,8.034,128000000
SYMC,MRY,2013-12-31,2013-03-29,2013-03-29,2018-02-02,202000000,14508000000,13872250000,6416000000,8092000000,0.498,7.913,-336000000,4685000000,4685000000,1175000000,755000000,1.153,1.649,3091000000,997000000,2094000000,3091000000,4080000000,638000000,0,0.0,0.0,1145000000,1783000000,0.258,1783000000,1145000000,1006000000,1.08,1.06,1.08,5476000000,5180500000,5476000000,15885178127,13,8.909,1257000000,1.793,1.0,5731000000,0.83,6818000000,139000000,529000000,454000000,24000000,62000000,62000000,0,9032000000,5567000000,3465000000,17009178127,1523000000,-28000000,-545000000,989000000,0,308000000,-319000000,46000000,1593000000,-59000000,755000000,755000000,755000000,0,0,0.109,4625000000,1106000000,334000000,0.0,3.106,22.529,22.852,1122000000,0,24.68,2.463,2.505,1031000000,-2046000000,6906000000,6906000000,1026000000,0.054,0.146,2.522,0.166,153000000,3236000000,1.0,689188741,701000000,711000000,9.852,7690000000,169000000,251000000,727000000,11.113,849000000
SYMC,MRY,2014-12-31,2014-03-28,2014-03-28,2018-02-02,194000000,13539000000,13215500000,5652000000,7887000000,0.317,8.365,-194000000,3707000000,3707000000,791000000,898000000,1.313,1.336,2095000000,0,2095000000,2095000000,3903000000,367000000,0,0.03,0.6,998000000,1365000000,0.326,1365000000,998000000,914000000,1.29,1.28,1.29,5797000000,5677250000,5797000000,11966861279,11,8.767,1087000000,1.562,1.0,3392000000,0.811,6626000000,84000000,995000000,735750000,0,377000000,377000000,0,7742000000,4306000000,3436000000,13685861279,-978000000,-17000000,-266000000,-1189000000,-418000000,-1712000000,-583000000,-306000000,1281000000,36000000,898000000,898000000,898000000,-807000000,0,0.215,3248000000,144000000,282000000,0.465,2.361,15.24,15.341,1116000000,0,19.79,3.272,3.293,1007000000,-1148000000,4183000000,4183000000,722000000,0.068,0.158,1.356,0.239,88000000,2186000000,1.0,691554385,696000000,704000000,6.01,6913000000,142000000,16000000,677000000,9.975,1346000000
SYMC,MRY,2015-12-31,2015-04-03,2015-04-03,2018-02-02,104000000,13233000000,13095500000,5422000000,7811000000,0.302,8.652,-303000000,2843000000,2843000000,727000000,878000000,1.218,1.23,2096000000,350000000,1746000000,2096000000,2871000000,355000000,0,0.025,0.6,948000000,1303000000,0.329,1303000000,948000000,870000000,1.27,1.26,1.27,5935000000,5895000000,5935000000,15401051237,16,11.82,1009000000,1.464,1.0,3229000000,0.816,3671000000,78000000,4362000000,2264250000,0,1027000000,1017000000,10000000,7298000000,4453000000,2845000000,16070051237,-833000000,-39000000,-500000000,-21000000,-413000000,-811000000,-1154000000,-734000000,1312000000,-180000000,878000000,878000000,878000000,-769000000,0,0.222,3075000000,154000000,169000000,0.472,2.708,18.303,18.543,950000000,0,23.55,4.062,4.102,700000000,-270000000,3956000000,3956000000,812000000,0.067,0.149,0.419,0.24,131000000,2012000000,1.0,682380095,689000000,696000000,5.742,9562000000,152000000,-8000000,489000000,13.939,969000000
SYMC,MRY,2016-12-31,2016-04-01,2016-04-01,2018-02-02,22000000,11767000000,12236750000,6959000000,4808000000,0.294,5.664,-272000000,5983000000,5983000000,615000000,2488000000,1.726,2.201,2207000000,0,2207000000,2207000000,2638000000,304000000,0,0.25,4.6,3776000000,4080000000,1.133,4080000000,3776000000,3701000000,3.71,3.71,3.71,3676000000,5214500000,3676000000,11534416630,3,2.827,524000000,0.782,1.0,2985000000,0.829,3591000000,75000000,367000000,1682750000,0,157000000,0,157000000,8091000000,4033000000,4058000000,12007416630,3109000000,6531000000,-1868000000,132000000,-3030000000,-4764000000,7173000000,977000000,796000000,-96000000,2488000000,2488000000,2488000000,-3309000000,0,0.691,2528000000,457000000,175000000,1.24,3.266,4.826,4.962,957000000,0,18.41,3.335,3.426,556000000,-655000000,3600000000,3600000000,748000000,0.203,0.477,2.244,1.049,161000000,1587000000,1.0,652222522,670000000,670000000,5.373,8176000000,0,1213000000,2336000000,12.598,2926000000
SYMC,MRY,2017-12-31,2017-03-31,2017-03-31,2018-02-02,12000000,18174000000,15832000000,5324000000,12850000000,0.254,5.642,-70000000,4247000000,4247000000,853000000,-106000000,1.152,4.212,8186000000,1310000000,6876000000,8186000000,2787000000,530000000,0,0.01,0.3,76000000,606000000,0.151,606000000,76000000,-132000000,-0.17,-0.17,-0.17,3487000000,3766000000,3487000000,20548841018,270,33.909,-290000000,-0.469,1.0,3166000000,0.788,11631000000,208000000,5860000000,4736750000,0,167000000,9000000,158000000,14687000000,4622000000,10065000000,18985841018,-1736000000,-6729000000,-500000000,5962000000,-222000000,5291000000,-6766000000,31000000,-220000000,-41000000,-106000000,-106000000,-106000000,-130000000,0,-0.026,3266000000,-100000000,180000000,-1.765,5.445,-179.112,-180.471,937000000,0,30.68,4.724,4.718,649000000,-761000000,4019000000,4019000000,823000000,-0.007,-0.028,0.016,0.019,440000000,2023000000,1.0,618834453,618000000,618000000,6.503,6543000000,0,-26000000,2682000000,10.587,702000000
