ticker,dimension,calendardate,datekey,reportperiod,lastupdated,accoci,assets,assetsavg,assetsc,assetsnc,assetturnover,bvps,capex,cashneq,cashnequsd,cor,consolinc,currentratio,de,debt,debtc,debtnc,debtusd,deferredrev,depamor,deposits,divyield,dps,ebit,ebitda,ebitdamargin,ebitdausd,ebitusd,ebt,eps,epsdil,epsusd,equity,equityavg,equityusd,ev,evebit,evebitda,fcf,fcfps,fxusd,gp,grossmargin,intangibles,intexp,invcap,invcapavg,inventory,investments,investmentsc,investmentsnc,liabilities,liabilitiesc,liabilitiesnc,marketcap,ncf,ncfbus,ncfcommon,ncfdebt,ncfdiv,ncff,ncfi,ncfinv,ncfo,ncfx,netinc,netinccmn,netinccmnusd,netincdis,netincnci,netmargin,opex,opinc,payables,payoutratio,pb,pe,pe1,ppnenet,prefdivis,price,ps,ps1,receivables,retearn,revenue,revenueusd,rnd,roa,roe,roic,ros,sbcomp,sgna,sharefactor,sharesbas,shareswa,shareswadil,sps,tangibles,taxassets,taxexp,taxliabilities,tbvps,workingcapital
TAP,MRY,2011-12-31,2011-12-31,2011-12-31,2018-02-14,-129700000,12423800000,12706775000,2118000000,10305800000,0.277,42.324,-230800000,1078900000,1078900000,2049100000,677100000,1.658,0.619,1961800000,46900000,1914900000,1961800000,0,217100000,0,0.028,1.24,894400000,1111500000,0.316,1111500000,894400000,775700000,3.66,3.63,3.66,7647900000,7924525000,7647900000,7877564347,8,7.087,637300000,3.447,1.0,1466600000,0.417,6039300000,118700000,5990200000,5983100000,229200000,2520600000,0,2520600000,4733600000,1277200000,3456400000,6917064347,-135100000,-924600000,-309500000,-22700000,-228100000,-665100000,-338100000,810600000,868100000,-3600000,676300000,676300000,676300000,-2300000,800000,0.192,1031300000,435300000,301200000,0.339,0.904,10.228,11.896,1430100000,0,43.54,1.967,2.29,726000000,3689700000,3515700000,3515700000,0,0.053,0.085,0.149,0.254,22700000,1019000000,1.0,158866889,184900000,186400000,19.014,6384500000,161500000,99400000,693300000,35.332,840800000
TAP,MRY,2012-12-31,2012-12-29,2012-12-29,2018-02-14,-72300000,16212200000,15337900000,1748000000,14464200000,0.255,43.992,-206600000,624000000,624000000,2352500000,439100000,0.673,1.032,4668100000,1245600000,3422500000,4668100000,0,272700000,0,0.03,1.28,793800000,1066500000,0.272,1066500000,793800000,597500000,2.45,2.44,2.45,7966900000,7952550000,7966900000,10902448091,13,10.223,777100000,4.298,1.0,1564000000,0.399,9687900000,196300000,7969700000,7866350000,242200000,2458100000,0,2458100000,8220600000,2598700000,5621900000,6791448091,-480000000,-3273900000,34100000,1405700000,-232200000,1171400000,-2635100000,845400000,983700000,25100000,443000000,443000000,443000000,-1500000,-3900000,0.113,1207500000,356500000,1186900000,0.522,0.852,15.331,17.433,1995900000,0,42.71,1.734,1.972,753400000,3900500000,3916500000,3916500000,0,0.029,0.056,0.101,0.203,9100000,1126100000,1.0,159013067,180800000,181800000,21.662,6524300000,164600000,154500000,1182600000,36.026,-850700000
TAP,MRY,2013-12-31,2013-12-31,2013-12-31,2018-02-14,154900000,15580100000,15853125000,1537700000,14042400000,0.265,46.793,-240300000,442300000,442300000,2545600000,572500000,0.711,0.808,3799900000,586900000,3213000000,3799900000,0,320500000,0,0.023,1.28,835100000,1155600000,0.275,1155600000,835100000,651300000,3.1,3.08,3.1,8605200000,8162850000,8605200000,12575369271,15,10.882,927900000,5.07,1.0,1660500000,0.395,9243800000,183800000,7532500000,7719375000,234900000,2530100000,0,2530100000,6950000000,2161400000,4788600000,9090469271,-168000000,-1186500000,88800000,-801700000,-234600000,-1059200000,-277000000,1146000000,1168200000,-13700000,567300000,567300000,567300000,-2000000,5200000,0.135,1393800000,266700000,1429600000,0.413,1.056,16.024,18.113,1970100000,0,56.15,2.161,2.443,728000000,4199500000,4206100000,4206100000,0,0.036,0.069,0.108,0.199,11800000,1193800000,1.0,161896158,183000000,184200000,22.984,6336300000,88700000,84000000,1156600000,34.455,-623700000
TAP,MRY,2014-12-31,2014-12-31,2014-12-31,2018-02-14,-898400000,13980100000,15013075000,1577100000,12403000000,0.276,42.39,-250700000,624600000,624600000,2493300000,517800000,0.678,0.775,3170300000,849000000,2321300000,3170300000,0,313000000,0,0.02,1.48,728000000,1041000000,0.251,1041000000,728000000,583000000,2.78,2.76,2.78,7863300000,8456050000,7863300000,14971623074,20,14.382,1037200000,5.61,1.0,1653000000,0.399,7947400000,145000000,6253500000,7069800000,226200000,2410200000,0,2410200000,6094000000,2324900000,3769100000,12239223074,231200000,-1388100000,44400000,-522900000,-273600000,-817300000,-239400000,1382500000,1287900000,-48900000,514000000,514000000,514000000,-500000,3800000,0.124,1488300000,164700000,1305000000,0.532,1.556,23.812,26.806,1798000000,0,74.52,2.952,3.323,621700000,4439900000,4146300000,4146300000,0,0.034,0.061,0.103,0.176,23500000,1163900000,1.0,164240782,184900000,186100000,22.425,6032700000,85400000,69000000,974500000,32.521,-747800000
TAP,MRY,2015-12-31,2015-12-31,2015-12-31,2018-02-14,-1694900000,12276300000,12817625000,1258800000,11017500000,0.278,38.132,-263200000,430900000,430900000,2131600000,398500000,1.034,0.74,2937400000,28700000,2908700000,2937400000,0,314400000,0,0.017,1.64,577000000,891400000,0.25,891400000,577000000,456700000,2.13,2.12,2.13,7043000000,7290375000,7043000000,18149027649,31,20.36,452700000,2.443,1.0,1435900000,0.402,6729000000,120300000,6836600000,6592575000,179300000,2441000000,0,2441000000,5213200000,1217200000,3996000000,15540527649,-150300000,-1533900000,-115500000,-112600000,-303400000,-531500000,-334700000,1441100000,715900000,-43400000,395200000,395200000,395200000,-3900000,3300000,0.111,1385000000,50900000,1184400000,0.77,2.207,39.323,44.094,1590800000,0,93.92,4.356,4.878,525900000,4496000000,3567500000,3567500000,0,0.031,0.054,0.088,0.162,18400000,1038300000,1.0,165465584,185300000,186400000,19.253,5547300000,0,61500000,799800000,30.034,41600000
TAP,MRY,2016-12-31,2016-12-31,2016-12-31,2018-02-14,-1571800000,29341500000,20517700000,2169600000,27171900000,0.238,53.184,-167300000,560900000,560900000,2987500000,1998900000,0.687,1.552,12072500000,684800000,11387700000,12072500000,0,388400000,0,0.017,1.64,3319800000,3708200000,0.759,3708200000,3319800000,3048200000,9.4,9.34,9.4,11418700000,10272325000,11418700000,19035994593,5,5.133,959600000,4.526,1.0,1897500000,0.388,22282000000,271600000,15413600000,10833250000,592700000,0,0,0,17719800000,3157500000,14562300000,19129894593,158200000,-13214700000,2536800000,9134000000,-352900000,11317900000,-12286600000,1086900000,1126900000,-28200000,1993000000,1993000000,1993000000,2800000,5900000,0.408,-932600000,2830100000,2467700000,0.174,1.675,9.599,10.352,4507400000,0,97.31,3.916,4.223,805300000,6145300000,4885000000,4885000000,0,0.097,0.194,0.306,0.68,29900000,1589800000,1.0,196587140,212000000,213400000,23.042,7059500000,0,1055200000,1699000000,32.881,-987900000
TAP,MRY,2017-12-31,2017-12-31,2017-12-31,2018-02-14,-860000000,30246900000,30146525000,2189700000,28057200000,0.365,61.403,-539100000,418600000,418600000,6217200000,1436400000,0.644,1.271,11313500000,714800000,10598700000,11313500000,0,812800000,0,0.02,1.64,1710300000,2523100000,0.229,2523100000,1710300000,1361000000,6.57,6.53,6.57,13226100000,12352125000,13226100000,27581659425,16,10.932,1327200000,6.162,1.0,4785600000,0.435,22702000000,349300000,15040500000,15453050000,591500000,0,0,0,16811900000,3399300000,13412600000,16233759425,-168300000,0,4000000,-1147000000,-353400000,-1496400000,-538200000,0,1866300000,26000000,1414200000,1414200000,1414200000,-1500000,22200000,0.129,3060500000,1725100000,2679600000,0.25,1.227,11.479,12.492,4673700000,0,82.07,1.475,1.607,902000000,7206100000,11002800000,11002800000,0,0.047,0.114,0.111,0.155,58300000,3032400000,1.0,197803819,215400000,216500000,51.081,7544900000,0,-53200000,1648600000,35.027,-1209600000
