ticker,dimension,calendardate,datekey,reportperiod,lastupdated,accoci,assets,assetsavg,assetsc,assetsnc,assetturnover,bvps,capex,cashneq,cashnequsd,cor,consolinc,currentratio,de,debt,debtc,debtnc,debtusd,deferredrev,depamor,deposits,divyield,dps,ebit,ebitda,ebitdamargin,ebitdausd,ebitusd,ebt,eps,epsdil,epsusd,equity,equityavg,equityusd,ev,evebit,evebitda,fcf,fcfps,fxusd,gp,grossmargin,intangibles,intexp,invcap,invcapavg,inventory,investments,investmentsc,investmentsnc,liabilities,liabilitiesc,liabilitiesnc,marketcap,ncf,ncfbus,ncfcommon,ncfdebt,ncfdiv,ncff,ncfi,ncfinv,ncfo,ncfx,netinc,netinccmn,netinccmnusd,netincdis,netincnci,netmargin,opex,opinc,payables,payoutratio,pb,pe,pe1,ppnenet,prefdivis,price,ps,ps1,receivables,retearn,revenue,revenueusd,rnd,roa,roe,roic,ros,sbcomp,sgna,sharefactor,sharesbas,shareswa,shareswadil,sps,tangibles,taxassets,taxexp,taxliabilities,tbvps,workingcapital
TDG,MRY,2011-12-31,2011-09-30,2011-09-30,2018-02-07,-3277000,4513636000,4374508750,870292000,3643344000,0.276,15.205,-18026000,376183000,376183000,544836000,172134000,4.207,4.566,3138375000,15500000,3122875000,3138375000,0,60460000,0,0.0,0.0,431779000,492239000,0.408,492239000,431779000,246523000,3.17,3.17,3.17,810949000,702390000,810949000,6688672648,15,13.588,242360000,4.544,1.0,661185000,0.548,3424113000,185256000,3644856000,3637069500,265317000,0,0,0,3702687000,206859000,3495828000,4095673648,142071000,-1379002000,9208000,1248713000,-2811000,1278521000,-1397028000,0,260386000,192000,169323000,169323000,169323000,-19909000,2811000,0.14,174050000,487135000,62110000,0.0,5.05,24.189,25.763,150800000,0,81.67,3.396,3.612,189293000,364260000,1206021000,1206021000,0,0.039,0.241,0.119,0.358,-10837000,133711000,1.0,50149059,53333000,53333000,22.613,1089523000,30844000,77200000,310451000,20.429,663433000
TDG,MRY,2012-12-31,2012-09-30,2012-09-30,2018-02-07,-8051000,5459617000,5127689500,1050531000,4409086000,0.332,22.62,-25246000,440524000,440524000,754491000,324969000,4.491,3.479,3619125000,20500000,3598625000,3619125000,0,68227000,0,0.0,0.0,696476000,764703000,0.45,764703000,696476000,484570000,5.97,5.97,5.97,1218834000,1051868500,1218834000,10621948543,15,13.89,388639000,7.213,1.0,945717000,0.556,4159112000,211906000,4245191000,4125575750,320503000,0,0,0,4240783000,233915000,4006868000,7300416543,64341000,-851046000,14864000,465066000,-3299000,527186000,-876292000,0,413885000,-438000,321670000,321670000,321670000,0,3299000,0.189,245942000,699775000,74178000,0.0,5.99,22.695,23.764,172737000,0,141.87,4.294,4.496,235783000,689229000,1700208000,1700208000,0,0.063,0.306,0.169,0.41,-28404000,201709000,1.0,51458494,53882000,53882000,31.554,1300505000,29134000,162900000,356896000,24.136,816616000
TDG,MRY,2013-12-31,2013-09-30,2013-09-30,2018-02-07,-6516000,6148879000,5801311750,1320495000,4828384000,0.332,-5.911,-35535000,564740000,564740000,874838000,302789000,4.095,-19.28,5731238000,31045000,5700193000,5731238000,0,73515000,0,0.251,34.85,547931000,621446000,0.323,621446000,547931000,277246000,2.39,2.39,2.39,-336381000,437390250,-336381000,11357184531,20,18.275,434670000,7.892,1.0,1049562000,0.545,4533397000,270685000,6459480000,5367793500,413581000,0,0,0,6485260000,322500000,6162760000,7287356531,124216000,-483257000,21534000,2059810000,-1991350000,156195000,-502442000,16350000,470205000,258000,131546000,131546000,131546000,0,171243000,0.068,300107000,749455000,106768000,14.582,-21.664,55.398,58.033,208964000,0,138.7,3.787,3.97,290449000,-1004244000,1924400000,1924400000,0,0.023,0.301,0.102,0.285,-17317000,254468000,1.0,52540422,55080000,55080000,34.938,1615482000,30182000,145700000,384301000,28.387,997995000
TDG,MRY,2014-12-31,2014-09-30,2014-09-30,2018-02-07,-25171000,6756848000,6539916000,1689576000,5067272000,0.363,-27.425,-34146000,819548000,819548000,1105032000,306910000,2.884,-5.342,7473131000,239295000,7233836000,7473131000,0,96385000,0,0.136,25.0,669572000,765957000,0.323,765957000,669572000,321884000,3.16,3.16,3.16,-1556099000,-876854250,-1556099000,16477701276,24,21.513,507076000,8.897,1.0,1267874000,0.534,4742230000,347688000,8082294000,7314255000,459074000,0,0,0,8312947000,585907000,7727040000,9716119276,254808000,-311872000,-133114000,1576796000,-1451391000,43973000,-329638000,0,541222000,-749000,180284000,180284000,180284000,0,126626000,0.076,340054000,927820000,115741000,7.911,-6.244,53.893,58.332,212108000,0,184.33,4.095,4.427,351307000,-2150293000,2372906000,2372906000,0,0.028,-0.206,0.092,0.282,-25377000,276446000,1.0,52710461,56993000,56993000,41.635,2014618000,37669000,141600000,402247000,35.506,1103669000
TDG,MRY,2015-12-31,2015-09-30,2015-09-30,2018-02-07,-96009000,8303935000,7698525250,1786587000,6517348000,0.352,-18.342,-54871000,714033000,714033000,1257270000,447212000,2.717,-8.998,8349602000,243219000,8106383000,8349602000,0,93663000,0,0.0,0.0,1052244000,1145907000,0.423,1145907000,1052244000,633459000,7.84,7.84,7.84,-1038306000,-1249568000,-1038306000,18904921503,17,16.498,466067000,8.234,1.0,1449845000,0.536,6226071000,418785000,9055839000,8661385750,591401000,0,0,0,9342241000,657594000,8684647000,11371214503,-105515000,-1624278000,61674000,935939000,-3365000,1054947000,-1679149000,0,520938000,-2251000,443847000,443847000,443847000,0,3365000,0.164,375843000,1074002000,142822000,0.0,-10.952,25.62,27.093,260684000,0,212.41,4.2,4.442,444072000,-1717232000,2707115000,2707115000,0,0.058,-0.355,0.121,0.389,-30465000,321624000,1.0,53534271,56606000,56606000,47.824,2077864000,0,189612000,404997000,36.706,1128993000
TDG,MRY,2016-12-31,2016-09-30,2016-09-30,2018-02-07,-149787000,10726277000,9496549500,2930697000,7795580000,0.334,-11.667,-43982000,1586994000,1586994000,1443348000,586414000,3.894,-17.464,10195607000,252416000,9943191000,10195607000,0,121670000,0,0.0,0.0,1248966000,1370636000,0.432,1370636000,1248966000,765116000,10.39,10.39,10.39,-651490000,-846456500,-651490000,23939105145,19,17.466,639316000,11.384,1.0,1728063000,0.545,7443795000,483850000,11138492000,10090332500,724011000,0,0,0,11377767000,752603000,10625164000,15400103145,872961000,-1399064000,-177643000,1816690000,-3000000,1632467000,-1443046000,0,683298000,242000,583414000,583414000,583414000,0,3000000,0.184,460303000,1267760000,156075000,0.0,-23.638,26.397,27.827,310580000,0,289.12,4.856,5.12,576339000,-1146963000,3171411000,3171411000,0,0.061,-0.689,0.124,0.394,48306000,382858000,1.0,53265437,56157000,56157000,56.474,3282482000,0,181702000,492255000,58.785,2178094000
TDG,MRY,2017-12-31,2017-09-30,2017-09-30,2018-02-07,-85143000,9975661000,10129136500,2133552000,7842109000,0.346,-53.853,-71013000,650561000,650561000,1519659000,596887000,2.45,-4.38,11762661000,369041000,11393620000,11762661000,0,141025000,0,0.094,24.0,1249108000,1390133000,0.397,1390133000,1249108000,646519000,7.88,7.88,7.88,-2951204000,-2190009500,-2951204000,23392640017,18,16.828,717720000,12.925,1.0,1984627000,0.566,7463200000,602589000,12753567000,12188821500,730681000,0,0,0,12926865000,870994000,12055871000,13270928017,-936433000,-215990000,-368644000,1524085000,-2581552000,-1443682000,-287003000,0,788733000,5519000,437630000,437630000,437630000,31654000,159257000,0.125,504801000,1479826000,148761000,3.046,-4.497,30.325,32.443,324924000,0,255.65,3.787,4.051,636127000,-3187220000,3504286000,3504286000,0,0.043,-0.2,0.102,0.356,45524000,415575000,1.0,51910534,55530000,55530000,63.106,2512461000,0,208889000,500949000,45.847,1262558000
