ticker,dimension,calendardate,datekey,reportperiod,lastupdated,accoci,assets,assetsavg,assetsc,assetsnc,assetturnover,bvps,capex,cashneq,cashnequsd,cor,consolinc,currentratio,de,debt,debtc,debtnc,debtusd,deferredrev,depamor,deposits,divyield,dps,ebit,ebitda,ebitdamargin,ebitdausd,ebitusd,ebt,eps,epsdil,epsusd,equity,equityavg,equityusd,ev,evebit,evebitda,fcf,fcfps,fxusd,gp,grossmargin,intangibles,intexp,invcap,invcapavg,inventory,investments,investmentsc,investmentsnc,liabilities,liabilitiesc,liabilitiesnc,marketcap,ncf,ncfbus,ncfcommon,ncfdebt,ncfdiv,ncff,ncfi,ncfinv,ncfo,ncfx,netinc,netinccmn,netinccmnusd,netincdis,netincnci,netmargin,opex,opinc,payables,payoutratio,pb,pe,pe1,ppnenet,prefdivis,price,ps,ps1,receivables,retearn,revenue,revenueusd,rnd,roa,roe,roic,ros,sbcomp,sgna,sharefactor,sharesbas,shareswa,shareswadil,sps,tangibles,taxassets,taxexp,taxliabilities,tbvps,workingcapital
TEL,MRY,2011-12-31,2011-09-30,2011-09-30,2018-01-24,428000000,17723000000,17984250000,6981000000,10742000000,0.766,17.422,-509000000,1218000000,1218000000,9507000000,1250000000,2.047,1.37,2667000000,0,2667000000,2667000000,143000000,564000000,0,0.024,0.68,1753000000,2317000000,0.168,2317000000,1753000000,1592000000,2.84,2.81,2.84,7474000000,7435500000,7474000000,13638616127,7,5.886,1270000000,2.9,1.0,4271000000,0.31,3919000000,161000000,11843000000,11636750000,1878000000,0,0,0,10239000000,3410000000,6829000000,12195616127,-771000000,-731000000,-785000000,-416000000,-296000000,-1512000000,-1043000000,155000000,1779000000,5000000,1245000000,1245000000,1245000000,0,5000000,0.09,2584000000,1687000000,1454000000,0.239,1.632,9.796,9.908,3140000000,0,28.14,0.885,0.895,3407000000,84000000,13778000000,13778000000,701000000,0.069,0.167,0.151,0.127,71000000,1728000000,1.0,433390765,438000000,443000000,31.457,13804000000,2766000000,347000000,2455000000,32.177,3571000000
TEL,MRY,2012-12-31,2012-09-28,2012-09-28,2018-01-24,229000000,19306000000,18700000000,6503000000,12803000000,0.71,18.844,-510000000,1589000000,1589000000,9236000000,1115000000,1.624,1.421,3711000000,1015000000,2696000000,3711000000,121000000,609000000,0,0.023,0.78,1537000000,2146000000,0.162,2146000000,1537000000,1361000000,2.61,2.59,2.61,7971000000,7740000000,7971000000,17006803509,11,7.925,1437000000,3.373,1.0,4046000000,0.305,5660000000,176000000,11764000000,11559500000,1808000000,0,0,0,11329000000,4004000000,7325000000,14549803509,371000000,-990000000,-125000000,406000000,-332000000,-65000000,-1510000000,0,1947000000,-1000000,1112000000,1112000000,1112000000,0,3000000,0.084,2528000000,1518000000,1292000000,0.299,1.825,13.084,13.031,3213000000,0,34.01,1.095,1.091,3523000000,1196000000,13282000000,13282000000,688000000,0.059,0.144,0.133,0.116,68000000,1685000000,1.0,427809571,426000000,430000000,31.178,13646000000,2749000000,249000000,2759000000,32.26,2499000000
TEL,MRY,2013-12-31,2013-09-27,2013-09-27,2018-01-24,303000000,18461000000,18206750000,6309000000,12152000000,0.626,20.193,-559000000,1403000000,1403000000,7739000000,1277000000,1.608,1.202,3014000000,711000000,2303000000,3014000000,68000000,536000000,0,0.018,0.92,1340000000,1876000000,0.165,1876000000,1340000000,1201000000,3.05,3.02,3.05,8380000000,8029500000,8380000000,23243365061,17,12.39,1487000000,3.557,1.0,3651000000,0.321,5570000000,139000000,10578000000,10735250000,1762000000,0,0,0,10075000000,3924000000,6151000000,21487365061,-186000000,8000000,-630000000,-664000000,-384000000,-1678000000,-545000000,0,2046000000,-9000000,1276000000,1276000000,1276000000,0,1000000,0.112,2266000000,1385000000,1383000000,0.302,2.564,16.84,17.036,3166000000,0,51.96,1.887,1.907,3325000000,2472000000,11390000000,11390000000,590000000,0.07,0.159,0.125,0.118,71000000,1440000000,1.0,413536664,418000000,423000000,27.249,12891000000,2480000000,-75000000,2300000000,31.063,2385000000
TEL,MRY,2014-12-31,2014-09-26,2014-09-26,2018-01-24,-17000000,20152000000,19023500000,8879000000,11273000000,0.629,21.968,-506000000,2457000000,2457000000,8001000000,1781000000,2.224,1.237,3858000000,577000000,3281000000,3858000000,176000000,551000000,0,0.137,8.08,2054000000,2605000000,0.218,2605000000,2054000000,1927000000,4.34,4.27,4.34,9007000000,8714500000,9007000000,25451740840,12,9.77,1577000000,3.846,1.0,3972000000,0.332,4813000000,127000000,12747000000,11310750000,1509000000,0,0,0,11139000000,3993000000,7146000000,24064740840,1054000000,-519000000,-422000000,939000000,-443000000,65000000,-1075000000,0,2083000000,-19000000,1781000000,1781000000,1781000000,-167000000,0,0.149,2167000000,1805000000,1230000000,1.862,2.672,13.512,13.548,2920000000,0,58.8,2.01,2.014,3094000000,4253000000,11973000000,11973000000,583000000,0.094,0.204,0.182,0.172,77000000,1534000000,1.0,409264300,410000000,417000000,29.202,15339000000,2371000000,146000000,2273000000,37.412,4886000000
TEL,MRY,2015-12-31,2015-09-25,2015-09-25,2018-01-24,-373000000,20589000000,20356500000,7885000000,12704000000,0.601,24.023,-583000000,3329000000,3329000000,8146000000,2420000000,2.206,1.148,3884000000,498000000,3386000000,3884000000,185000000,616000000,0,0.021,1.24,2893000000,3509000000,0.287,3509000000,2893000000,2757000000,5.98,5.89,5.98,9585000000,9216750000,9585000000,26832302197,9,7.647,1347000000,3.326,1.0,4087000000,0.334,6379000000,136000000,11190000000,12427500000,1615000000,0,0,0,11004000000,3575000000,7429000000,23507302197,872000000,1232000000,-920000000,-184000000,-502000000,-1623000000,636000000,0,1930000000,-71000000,2420000000,2420000000,2420000000,-1182000000,0,0.198,2338000000,1749000000,1143000000,0.207,2.453,9.714,9.769,2920000000,0,58.42,1.922,1.934,3084000000,6673000000,12233000000,12233000000,627000000,0.119,0.263,0.233,0.236,89000000,1504000000,1.0,402384495,405000000,411000000,30.205,14210000000,2489000000,337000000,2283000000,35.614,4310000000
TEL,MRY,2016-12-31,2016-09-30,2016-09-30,2018-01-24,-542000000,17608000000,18043000000,4775000000,12833000000,0.678,23.768,-620000000,647000000,647000000,8205000000,2009000000,1.557,1.075,4070000000,331000000,3739000000,4070000000,208000000,585000000,0,0.022,1.4,1357000000,1942000000,0.159,1942000000,1357000000,1230000000,5.49,5.44,5.49,8485000000,8183250000,8485000000,26232304815,19,13.508,1327000000,3.626,1.0,4033000000,0.33,7371000000,127000000,10594000000,10984250000,1596000000,0,0,0,9123000000,3066000000,6057000000,22890304815,-2682000000,-1022000000,-2697000000,181000000,-509000000,-3055000000,-1581000000,0,1947000000,7000000,2009000000,2009000000,2009000000,-68000000,0,0.164,2131000000,1902000000,1090000000,0.255,2.698,11.394,11.727,3052000000,0,64.38,1.87,1.925,2046000000,8682000000,12238000000,12238000000,644000000,0.111,0.246,0.124,0.111,91000000,1463000000,1.0,355549935,366000000,369000000,33.437,10237000000,2111000000,-779000000,454000000,28.675,1709000000
TEL,MRY,2017-12-31,2017-09-29,2017-09-29,2018-01-24,-160000000,19403000000,18398500000,5926000000,13477000000,0.713,27.468,-683000000,1218000000,1218000000,8663000000,1683000000,1.54,0.99,4344000000,710000000,3634000000,4344000000,75000000,635000000,0,0.019,1.54,2068000000,2703000000,0.206,2703000000,2068000000,1938000000,4.74,4.7,4.74,9751000000,9120500000,9751000000,32588083179,15,12.056,1638000000,4.614,1.0,4450000000,0.339,7492000000,130000000,11190000000,10555000000,1813000000,0,0,0,9652000000,3847000000,5805000000,29352083179,571000000,-246000000,-497000000,259000000,-546000000,-814000000,-932000000,0,2321000000,-4000000,1683000000,1683000000,1683000000,-10000000,0,0.128,2403000000,2047000000,1436000000,0.325,3.01,17.44,17.523,3400000000,0,83.06,2.238,2.249,2290000000,10175000000,13113000000,13113000000,658000000,0.091,0.185,0.196,0.158,99000000,1591000000,1.0,353384098,355000000,358000000,36.938,11911000000,2141000000,255000000,529000000,33.552,2079000000
