ticker,dimension,calendardate,datekey,reportperiod,lastupdated,accoci,assets,assetsavg,assetsc,assetsnc,assetturnover,bvps,capex,cashneq,cashnequsd,cor,consolinc,currentratio,de,debt,debtc,debtnc,debtusd,deferredrev,depamor,deposits,divyield,dps,ebit,ebitda,ebitdamargin,ebitdausd,ebitusd,ebt,eps,epsdil,epsusd,equity,equityavg,equityusd,ev,evebit,evebitda,fcf,fcfps,fxusd,gp,grossmargin,intangibles,intexp,invcap,invcapavg,inventory,investments,investmentsc,investmentsnc,liabilities,liabilitiesc,liabilitiesnc,marketcap,ncf,ncfbus,ncfcommon,ncfdebt,ncfdiv,ncff,ncfi,ncfinv,ncfo,ncfx,netinc,netinccmn,netinccmnusd,netincdis,netincnci,netmargin,opex,opinc,payables,payoutratio,pb,pe,pe1,ppnenet,prefdivis,price,ps,ps1,receivables,retearn,revenue,revenueusd,rnd,roa,roe,roic,ros,sbcomp,sgna,sharefactor,sharesbas,shareswa,shareswadil,sps,tangibles,taxassets,taxexp,taxliabilities,tbvps,workingcapital
TIF,MRY,2011-12-31,2012-01-31,2012-01-31,2017-11-29,-85130000,4158992000,3936574000,2889675000,1269317000,0.925,18.532,-239443000,433954000,433954000,1491783000,439190000,4.611,0.771,712147000,173795000,538352000,712147000,0,145934000,0,0.018,1.12,713525000,859459000,0.236,859459000,713525000,664951000,3.45,3.4,3.45,2348905000,2322903000,2348905000,8529576767,11,9.924,-28837000,-0.226,1.0,2151154000,0.59,0,48574000,3810508000,3657925500,2073212000,0,0,0,1810087000,626677000,1183410000,8099907767,-247637000,0,-108552000,11136000,-142840000,-213817000,-242583000,-1466000,210606000,-1843000,439190000,439190000,439190000,0,0,0.121,1442728000,708426000,328962000,0.325,3.448,18.443,18.493,767174000,0,63.8,2.223,2.231,184085000,1462553000,3642937000,3642937000,0,0.112,0.189,0.195,0.196,11676000,1442728000,1.0,126957802,127397000,129083000,28.595,4158992000,354280000,225761000,60977000,32.814,2262998000
TIF,MRY,2012-12-31,2013-01-31,2013-01-31,2017-11-29,-93875000,4630850000,4403065000,3151589000,1479261000,0.862,20.486,-302194000,504838000,504838000,1630965000,416157000,5.373,0.777,959272000,194034000,765238000,959272000,0,163649000,0,0.019,1.25,702645000,866294000,0.228,866294000,702645000,643576000,3.28,3.25,3.28,2598732000,2457208750,2598732000,8968798510,12,10.353,26096000,0.206,1.0,2163284000,0.57,0,59069000,4498692000,4362054000,2234334000,1363000,1363000,0,2019532000,586592000,1432940000,8335394510,70884000,-25000000,-41095000,277215000,-158594000,71446000,-331146000,-3952000,328290000,2294000,416157000,416157000,416157000,0,0,0.11,1466067000,697217000,295424000,0.381,3.207,20.029,20.046,818838000,0,65.75,2.197,2.196,173998000,1671341000,3794249000,3794249000,0,0.095,0.169,0.161,0.185,15175000,1466067000,1.0,126774061,126737000,127934000,29.938,4630850000,385893000,227419000,30487000,36.504,2564997000
TIF,MRY,2013-12-31,2014-01-31,2014-01-31,2017-11-29,-58548000,4752351000,4757331500,3228388000,1523963000,0.847,21.245,-221400000,345778000,345778000,1690700000,181400000,4.634,0.742,1003519000,252365000,751154000,1003519000,0,180600000,0,0.016,1.34,317500000,498100000,0.124,498100000,317500000,254900000,1.42,1.41,1.42,2720437000,2725908500,2720437000,11138880073,35,22.363,-66700000,-0.522,1.0,2340400000,0.581,0,62600000,4713352000,4657430750,2326580000,21257000,21257000,0,2018383000,696740000,1321643000,10652340073,-159000000,0,27900000,70000000,-170200000,-65400000,-246800000,-25400000,154700000,-1500000,181400000,181400000,181400000,0,0,0.045,2036100000,304300000,342090000,0.944,3.916,58.723,58.585,855095000,0,83.19,2.643,2.637,188814000,1682398000,4031100000,4031100000,0,0.038,0.067,0.068,0.079,17300000,1555900000,1.0,128048324,127800000,128900000,31.542,4752351000,379402000,73500000,31976000,37.113,2531648000
TIF,MRY,2014-12-31,2015-01-31,2015-01-31,2017-11-29,-290500000,5180600000,4984725000,3508800000,1671800000,0.853,21.943,-247400000,730000000,730000000,1712700000,484200000,5.333,0.822,1116500000,234000000,882500000,1116500000,66100000,194200000,0,0.017,1.48,800400000,994600000,0.234,994600000,800400000,737500000,3.75,3.73,3.75,2835100000,2876275000,2835100000,11944298870,14,12.009,367700000,2.846,1.0,2537200000,0.597,0,62900000,4909100000,4929725000,2362100000,1500000,1500000,0,2329900000,658000000,1671900000,11207216870,384200000,0,15900000,151900000,-191200000,-23400000,-217000000,30400000,615100000,9500000,484200000,484200000,484200000,0,0,0.114,1645800000,891400000,318000000,0.395,3.953,23.146,23.104,899500000,0,86.64,2.637,2.634,195200000,1950700000,4249900000,4249900000,0,0.097,0.168,0.162,0.188,12400000,1645800000,1.0,129353842,129200000,129900000,32.894,5180600000,426100000,253300000,39900000,40.098,2850800000
TIF,MRY,2015-12-31,2016-01-31,2016-01-31,2017-11-29,-278100000,5121600000,5148125000,3508400000,1613200000,0.797,22.852,-252700000,843600000,843600000,1613600000,463900000,4.807,0.753,1095800000,305800000,790000000,1095800000,67900000,202500000,0,0.025,1.58,758900000,961400000,0.234,961400000,758900000,709900000,3.61,3.59,3.61,2911400000,2878225000,2911400000,8590843993,11,8.936,560900000,4.362,1.0,2491300000,0.607,0,49000000,4643900000,4825750000,2225000000,43000000,43000000,0,2192100000,729900000,1462200000,8185043993,113600000,900000,-218400000,-2500000,-203400000,-422300000,-278200000,-26400000,813600000,500000,463900000,463900000,463900000,0,0,0.113,1731200000,760100000,329100000,0.438,2.811,17.644,17.684,935800000,0,63.84,1.994,2.0,206400000,2012500000,4104900000,4104900000,0,0.09,0.161,0.157,0.185,22300000,1731200000,1.0,128211842,128600000,129100000,31.92,5121600000,382800000,246000000,27100000,40.201,2778500000
TIF,MRY,2016-12-31,2017-01-31,2017-01-31,2017-11-29,-256200000,5097600000,5121950000,3573600000,1524000000,0.781,24.205,-222800000,928000000,928000000,1511500000,446100000,5.647,0.687,1107100000,228700000,878400000,1107100000,69200000,208500000,0,0.022,1.75,722600000,931100000,0.233,931100000,722600000,676600000,3.57,3.55,3.57,3013500000,2944300000,3013500000,10174794136,14,10.928,479300000,3.831,1.0,2490300000,0.622,0,46000000,4643900000,4777500000,2157600000,57800000,57800000,0,2069200000,632800000,1436400000,9797094136,84400000,0,-168300000,8900000,-218800000,-382800000,-236800000,-14000000,702100000,1900000,446100000,446100000,446100000,0,0,0.111,1769100000,721200000,312800000,0.49,3.251,21.962,22.05,931800000,0,78.72,2.448,2.461,226800000,2078300000,4001800000,4001800000,0,0.087,0.152,0.151,0.181,23600000,1769100000,1.0,124454956,125100000,125500000,31.989,5097600000,301800000,230500000,22100000,40.945,2940800000
