ticker,dimension,calendardate,datekey,reportperiod,lastupdated,accoci,assets,assetsavg,assetsc,assetsnc,assetturnover,bvps,capex,cashneq,cashnequsd,cor,consolinc,currentratio,de,debt,debtc,debtnc,debtusd,deferredrev,depamor,deposits,divyield,dps,ebit,ebitda,ebitdamargin,ebitdausd,ebitusd,ebt,eps,epsdil,epsusd,equity,equityavg,equityusd,ev,evebit,evebitda,fcf,fcfps,fxusd,gp,grossmargin,intangibles,intexp,invcap,invcapavg,inventory,investments,investmentsc,investmentsnc,liabilities,liabilitiesc,liabilitiesnc,marketcap,ncf,ncfbus,ncfcommon,ncfdebt,ncfdiv,ncff,ncfi,ncfinv,ncfo,ncfx,netinc,netinccmn,netinccmnusd,netincdis,netincnci,netmargin,opex,opinc,payables,payoutratio,pb,pe,pe1,ppnenet,prefdivis,price,ps,ps1,receivables,retearn,revenue,revenueusd,rnd,roa,roe,roic,ros,sbcomp,sgna,sharefactor,sharesbas,shareswa,shareswadil,sps,tangibles,taxassets,taxexp,taxliabilities,tbvps,workingcapital
TSN,MRY,2011-12-31,2011-10-01,2011-10-01,2018-02-09,-79000000,11071000000,11243750000,4780000000,6291000000,2.849,15.49,-643000000,716000000,716000000,29837000000,733000000,2.013,0.947,2182000000,70000000,2112000000,2182000000,0,506000000,0,0.009,0.16,1332000000,1838000000,0.057,1838000000,1332000000,1090000000,2.04,1.97,2.04,5685000000,5660000000,5685000000,7989664007,5,4.347,403000000,1.08,1.0,2195000000,0.069,2041000000,242000000,8122000000,8144250000,2587000000,0,0,0,5386000000,2374000000,3012000000,6514664007,-262000000,0,-156000000,-385000000,-59000000,-658000000,-644000000,-29000000,1046000000,-6000000,750000000,750000000,750000000,0,-17000000,0.023,906000000,1289000000,1264000000,0.078,1.146,8.686,8.51,3823000000,0,17.36,0.203,0.202,1321000000,3801000000,32032000000,32032000000,0,0.067,0.133,0.164,0.042,0,906000000,1.0,375268664,373000000,380000000,85.877,9030000000,0,340000000,424000000,24.605,2406000000
TSN,MRY,2012-12-31,2012-09-29,2012-09-29,2018-02-09,-63000000,11896000000,11438500000,5403000000,6493000000,2.89,16.783,-690000000,1071000000,1071000000,30865000000,576000000,1.909,0.969,2432000000,515000000,1917000000,2432000000,0,499000000,0,0.01,0.16,1290000000,1789000000,0.054,1789000000,1290000000,934000000,1.64,1.58,1.64,6042000000,5922750000,6042000000,7434271879,5,4.156,497000000,1.369,1.0,2190000000,0.066,2020000000,356000000,8407000000,8473250000,2809000000,0,0,0,5854000000,2830000000,3024000000,5798271879,355000000,0,-230000000,123000000,-57000000,-171000000,-660000000,-11000000,1187000000,-1000000,583000000,583000000,583000000,0,-7000000,0.018,904000000,1286000000,1372000000,0.098,0.96,9.946,9.768,4022000000,0,16.02,0.175,0.176,1378000000,4327000000,33055000000,33055000000,0,0.051,0.098,0.152,0.039,0,904000000,1.0,361939568,363000000,370000000,91.061,9876000000,0,351000000,558000000,27.433,2573000000
TSN,MRY,2013-12-31,2013-09-28,2013-09-28,2018-02-09,-108000000,12177000000,11985500000,5604000000,6573000000,2.868,18.014,-558000000,1145000000,1145000000,32016000000,778000000,1.862,0.954,2408000000,513000000,1895000000,2408000000,0,519000000,0,0.01,0.3,1332000000,1851000000,0.054,1851000000,1332000000,1187000000,2.26,2.12,2.26,6233000000,6163000000,6233000000,11537235286,8,6.233,756000000,2.148,1.0,2358000000,0.069,2040000000,145000000,8390000000,8540500000,2817000000,0,0,0,5944000000,3010000000,2934000000,10073235286,74000000,-106000000,-491000000,-23000000,-104000000,-600000000,-643000000,-18000000,1314000000,3000000,778000000,778000000,778000000,70000000,0,0.023,983000000,1375000000,1359000000,0.133,1.616,12.948,12.655,4053000000,0,28.6,0.293,0.293,1497000000,4999000000,34374000000,34374000000,0,0.065,0.126,0.156,0.039,36000000,983000000,1.0,352211024,352000000,367000000,97.653,10137000000,0,409000000,479000000,29.298,2594000000
TSN,MRY,2014-12-31,2014-09-27,2014-09-27,2018-02-09,-147000000,23956000000,14935250000,6221000000,17735000000,2.516,23.37,-632000000,438000000,438000000,34895000000,856000000,1.638,1.69,8178000000,643000000,7535000000,8178000000,0,530000000,0,0.008,0.3,1392000000,1922000000,0.051,1922000000,1392000000,1260000000,2.48,2.37,2.48,8904000000,7098500000,8904000000,14511094143,10,7.55,546000000,1.542,1.0,2685000000,0.071,11982000000,132000000,15917000000,10409750000,3274000000,0,0,0,15052000000,3797000000,11255000000,13273094143,-707000000,-8193000000,1900000000,5142000000,-104000000,6915000000,-8800000000,15000000,1178000000,0,864000000,864000000,864000000,0,-8000000,0.023,1255000000,1430000000,1806000000,0.121,1.491,15.362,15.218,5130000000,0,37.74,0.353,0.356,1684000000,5748000000,37580000000,37580000000,0,0.058,0.122,0.134,0.037,51000000,1255000000,1.0,351698308,354000000,364000000,106.158,11974000000,0,396000000,2450000000,31.428,2424000000
TSN,MRY,2015-12-31,2015-10-03,2015-10-03,2018-02-09,-90000000,22969000000,23424000000,5381000000,17588000000,1.766,23.965,-854000000,688000000,688000000,37456000000,1224000000,1.522,1.366,6690000000,715000000,5975000000,6690000000,0,711000000,0,0.008,0.375,2210000000,2921000000,0.071,2921000000,2210000000,1917000000,3.06,2.95,3.06,9706000000,9474000000,9706000000,23381281858,10,8.005,1716000000,4.237,1.0,3917000000,0.095,11835000000,293000000,13601000000,14476250000,2878000000,0,0,0,13263000000,3535000000,9728000000,16618281858,250000000,539000000,-411000000,-1494000000,-147000000,-2035000000,-270000000,14000000,2570000000,-15000000,1220000000,1220000000,1220000000,0,4000000,0.029,1748000000,2169000000,1662000000,0.123,1.712,13.622,14.507,5176000000,0,44.39,0.402,0.435,1620000000,6813000000,41373000000,41373000000,0,0.052,0.129,0.153,0.053,69000000,1748000000,1.0,374369945,405000000,413000000,102.156,11134000000,0,697000000,2449000000,27.491,1846000000
TSN,MRY,2016-12-31,2016-10-01,2016-10-01,2018-02-09,-45000000,22373000000,22646000000,4888000000,17485000000,1.629,25.596,-695000000,349000000,349000000,32184000000,1772000000,1.77,1.325,6279000000,79000000,6200000000,6279000000,0,705000000,0,0.008,0.6,2843000000,3548000000,0.096,3548000000,2843000000,2594000000,4.67,4.53,4.67,9624000000,9753500000,9624000000,33419012920,11,9.419,2021000000,5.249,1.0,4697000000,0.127,11753000000,249000000,13788000000,13805000000,2732000000,0,0,0,12749000000,2762000000,9987000000,27438012920,-339000000,0,-1816000000,-413000000,-216000000,-2377000000,-684000000,-9000000,2716000000,6000000,1768000000,1768000000,1768000000,0,4000000,0.048,1864000000,2833000000,1511000000,0.128,2.851,15.519,15.989,5170000000,0,74.67,0.744,0.779,1542000000,8348000000,36881000000,36881000000,0,0.078,0.181,0.206,0.077,81000000,1864000000,1.0,367456983,385000000,390000000,95.795,10620000000,0,826000000,2545000000,28.245,2126000000
TSN,MRY,2017-12-31,2017-09-30,2017-09-30,2018-02-09,16000000,28066000000,25245500000,6258000000,21808000000,1.516,28.85,-1069000000,318000000,318000000,33177000000,1778000000,1.552,1.658,10203000000,906000000,9297000000,10203000000,0,761000000,0,0.012,0.825,2903000000,3664000000,0.096,3664000000,2903000000,2624000000,4.94,4.79,4.94,10559000000,10013000000,10559000000,35904135029,12,9.799,1530000000,4.18,1.0,5083000000,0.133,15567000000,279000000,18352000000,16177250000,3239000000,0,0,0,17507000000,4032000000,13475000000,25311135029,-31000000,-3081000000,-706000000,2763000000,-319000000,1530000000,-4164000000,-18000000,2599000000,4000000,1774000000,1774000000,1774000000,0,4000000,0.046,2152000000,2931000000,1698000000,0.167,2.397,14.268,14.261,5568000000,0,70.45,0.662,0.674,1675000000,9776000000,38260000000,38260000000,0,0.07,0.177,0.179,0.076,92000000,2152000000,1.0,359277999,366000000,370000000,104.536,12499000000,0,850000000,2979000000,34.15,2226000000
