ticker,dimension,calendardate,datekey,reportperiod,lastupdated,accoci,assets,assetsavg,assetsc,assetsnc,assetturnover,bvps,capex,cashneq,cashnequsd,cor,consolinc,currentratio,de,debt,debtc,debtnc,debtusd,deferredrev,depamor,deposits,divyield,dps,ebit,ebitda,ebitdamargin,ebitdausd,ebitusd,ebt,eps,epsdil,epsusd,equity,equityavg,equityusd,ev,evebit,evebitda,fcf,fcfps,fxusd,gp,grossmargin,intangibles,intexp,invcap,invcapavg,inventory,investments,investmentsc,investmentsnc,liabilities,liabilitiesc,liabilitiesnc,marketcap,ncf,ncfbus,ncfcommon,ncfdebt,ncfdiv,ncff,ncfi,ncfinv,ncfo,ncfx,netinc,netinccmn,netinccmnusd,netincdis,netincnci,netmargin,opex,opinc,payables,payoutratio,pb,pe,pe1,ppnenet,prefdivis,price,ps,ps1,receivables,retearn,revenue,revenueusd,rnd,roa,roe,roic,ros,sbcomp,sgna,sharefactor,sharesbas,shareswa,shareswadil,sps,tangibles,taxassets,taxexp,taxliabilities,tbvps,workingcapital
TXT,MRY,2011-12-31,2011-12-31,2011-12-31,2018-02-15,-1625000000,13615000000,14698500000,5263000000,8352000000,0.767,9.868,-423000000,885000000,885000000,9308000000,242000000,1.796,3.96,4433000000,146000000,4287000000,4433000000,0,403000000,0,0.004,0.08,583000000,986000000,0.087,986000000,583000000,337000000,0.87,0.79,0.87,2745000000,3070750000,2745000000,9034326671,15,9.163,640000000,2.301,1.0,1967000000,0.174,1635000000,246000000,12597000000,14162250000,2402000000,2321000000,0,2321000000,10870000000,2931000000,7939000000,5143326671,-46000000,-14000000,3000000,-1879000000,-22000000,-1951000000,843000000,1225000000,1063000000,-1000000,242000000,242000000,242000000,0,0,0.021,1384000000,583000000,1326000000,0.092,1.874,21.253,21.253,1996000000,0,18.49,0.456,0.456,1274000000,3257000000,11275000000,11275000000,0,0.016,0.079,0.041,0.052,0,1195000000,1.0,278168019,278168019,,40.533,11980000000,0,95000000,0,43.067,2332000000
TXT,MRY,2012-12-31,2012-12-29,2012-12-29,2018-02-15,-1770000000,13033000000,13111500000,5389000000,7644000000,0.933,10.613,-480000000,1413000000,1413000000,10019000000,589000000,1.534,3.357,3987000000,535000000,3452000000,3987000000,0,383000000,0,0.003,0.08,1061000000,1444000000,0.118,1444000000,1061000000,849000000,2.1,2.0,2.1,2991000000,3079000000,2991000000,9632632869,9,6.671,447000000,1.586,1.0,2218000000,0.181,1649000000,212000000,10446000000,11261750000,2712000000,0,0,0,10042000000,3512000000,6530000000,6797632869,528000000,-11000000,-253000000,-511000000,-17000000,-781000000,378000000,848000000,927000000,4000000,589000000,589000000,589000000,-8000000,0,0.048,1165000000,1053000000,1021000000,0.038,2.273,11.541,11.486,2149000000,0,24.12,0.555,0.555,2819000000,3824000000,12237000000,12237000000,0,0.045,0.191,0.094,0.087,0,1165000000,1.0,281825575,281825575,,43.42,11384000000,0,260000000,0,40.394,1877000000
TXT,MRY,2013-12-31,2013-12-28,2013-12-28,2018-02-15,-1027000000,12944000000,12599500000,5572000000,7372000000,0.961,15.593,-444000000,1211000000,1211000000,10131000000,498000000,1.855,1.953,3187000000,8000000,3179000000,3187000000,0,389000000,0,0.002,0.08,847000000,1236000000,0.102,1236000000,847000000,674000000,1.78,1.75,1.78,4384000000,3623000000,4384000000,12953919512,15,10.481,366000000,1.302,1.0,1973000000,0.163,1735000000,173000000,10182000000,10553250000,2963000000,0,0,0,8560000000,3003000000,5557000000,10292919512,-202000000,-196000000,31000000,-823000000,-22000000,-742000000,-264000000,368000000,810000000,-6000000,498000000,498000000,498000000,0,0,0.041,1126000000,847000000,1107000000,0.045,2.348,20.669,20.567,2215000000,0,36.61,0.85,0.85,2472000000,4045000000,12104000000,12104000000,0,0.04,0.137,0.08,0.07,0,1126000000,1.0,281150492,281150492,,43.052,11209000000,0,176000000,0,39.868,2569000000
TXT,MRY,2014-12-31,2015-01-03,2015-01-03,2018-02-15,-1506000000,14605000000,14860500000,6014000000,8591000000,0.934,15.476,-429000000,822000000,822000000,11421000000,600000000,1.653,2.419,3874000000,8000000,3866000000,3874000000,0,446000000,0,0.002,0.08,1039000000,1485000000,0.107,1485000000,1039000000,848000000,2.15,2.13,2.15,4272000000,4446250000,4272000000,15097980847,14,10.167,665000000,2.409,1.0,2457000000,0.177,2027000000,191000000,11992000000,12406500000,3928000000,0,0,0,10333000000,3638000000,6695000000,11640980847,-432000000,-1628000000,-290000000,880000000,-28000000,552000000,-2065000000,0,1094000000,-13000000,600000000,600000000,600000000,5000000,0,0.043,1413000000,1044000000,1014000000,0.037,2.725,19.402,19.614,2497000000,0,42.17,0.839,0.839,2273000000,4623000000,13878000000,13878000000,0,0.04,0.135,0.084,0.075,0,1361000000,1.0,276048870,276048870,,50.274,12578000000,0,248000000,0,45.564,2376000000
TXT,MRY,2015-12-31,2016-01-02,2016-01-02,2018-02-15,-1398000000,14708000000,14823000000,6478000000,8230000000,0.906,18.139,-420000000,1005000000,1005000000,10979000000,697000000,1.708,1.963,3610000000,262000000,3348000000,3610000000,0,449000000,0,0.002,0.08,1139000000,1588000000,0.118,1588000000,1139000000,970000000,2.52,2.5,2.52,4964000000,4663000000,4964000000,14654893420,12,9.229,614000000,2.244,1.0,2444000000,0.182,2023000000,169000000,11498000000,11857250000,4144000000,0,0,0,9744000000,3792000000,5952000000,11496893420,215000000,-81000000,-187000000,-100000000,-22000000,-308000000,-496000000,0,1034000000,-15000000,697000000,697000000,697000000,1000000,0,0.052,1304000000,1140000000,1063000000,0.032,2.316,16.495,16.671,2492000000,0,42.01,0.857,0.857,2134000000,5298000000,13423000000,13423000000,0,0.047,0.149,0.096,0.085,0,1304000000,1.0,273670398,273670398,,49.048,12685000000,0,273000000,0,46.351,2686000000
TXT,MRY,2016-12-31,2016-12-31,2016-12-31,2018-02-15,-1605000000,15358000000,15164500000,7053000000,8305000000,0.909,20.629,-446000000,1298000000,1298000000,11311000000,962000000,1.812,1.755,3680000000,363000000,3317000000,3680000000,0,437000000,0,0.002,0.08,1169000000,1606000000,0.116,1606000000,1169000000,995000000,3.55,3.53,3.55,5574000000,5350000000,5574000000,16204305918,13,10.09,540000000,1.998,1.0,2477000000,0.18,2113000000,174000000,11734000000,12239250000,4464000000,0,0,0,9784000000,3893000000,5891000000,13121305918,191000000,-186000000,-205000000,91000000,-22000000,-146000000,-621000000,0,986000000,-28000000,962000000,962000000,962000000,-119000000,0,0.07,1427000000,1050000000,1273000000,0.023,2.354,13.64,13.679,2581000000,0,48.56,0.952,0.952,1999000000,5546000000,13788000000,13788000000,0,0.063,0.18,0.096,0.085,0,1304000000,1.0,270208112,270208112,,51.027,13245000000,0,33000000,0,49.018,3160000000
TXT,MRY,2017-12-31,2017-12-30,2017-12-30,2018-02-15,-1375000000,15340000000,15673250000,7027000000,8313000000,0.906,21.437,-423000000,1262000000,1262000000,11795000000,307000000,1.92,1.716,3912000000,14000000,3898000000,3912000000,0,435000000,0,0.001,0.08,937000000,1372000000,0.097,1372000000,937000000,763000000,1.15,1.14,1.15,5647000000,5682250000,5647000000,17895957493,19,13.044,497000000,1.887,1.0,2403000000,0.169,2364000000,174000000,11966000000,12301500000,4150000000,0,0,0,9693000000,3660000000,6033000000,14906957493,-58000000,-331000000,-530000000,288000000,-21000000,-266000000,-745000000,0,920000000,33000000,307000000,307000000,307000000,-1000000,0,0.022,1467000000,936000000,1205000000,0.07,2.64,48.557,49.209,2721000000,0,56.59,1.05,1.05,2182000000,5368000000,14198000000,14198000000,0,0.02,0.054,0.076,0.066,0,1337000000,1.0,263420348,263420348,,53.899,12976000000,0,456000000,0,49.26,3367000000
