ticker,dimension,calendardate,datekey,reportperiod,lastupdated,accoci,assets,assetsavg,assetsc,assetsnc,assetturnover,bvps,capex,cashneq,cashnequsd,cor,consolinc,currentratio,de,debt,debtc,debtnc,debtusd,deferredrev,depamor,deposits,divyield,dps,ebit,ebitda,ebitdamargin,ebitdausd,ebitusd,ebt,eps,epsdil,epsusd,equity,equityavg,equityusd,ev,evebit,evebitda,fcf,fcfps,fxusd,gp,grossmargin,intangibles,intexp,invcap,invcapavg,inventory,investments,investmentsc,investmentsnc,liabilities,liabilitiesc,liabilitiesnc,marketcap,ncf,ncfbus,ncfcommon,ncfdebt,ncfdiv,ncff,ncfi,ncfinv,ncfo,ncfx,netinc,netinccmn,netinccmnusd,netincdis,netincnci,netmargin,opex,opinc,payables,payoutratio,pb,pe,pe1,ppnenet,prefdivis,price,ps,ps1,receivables,retearn,revenue,revenueusd,rnd,roa,roe,roic,ros,sbcomp,sgna,sharefactor,sharesbas,shareswa,shareswadil,sps,tangibles,taxassets,taxexp,taxliabilities,tbvps,workingcapital
UA,MRY,2011-12-31,2011-12-31,2011-12-31,2018-02-28,2028000,919210000,819311750,689663000,229547000,1.797,1.528,-56228000,175384000,175384000,759848000,96919000,3.756,0.444,77724000,6882000,70842000,77724000,0,36301000,0,0.0,0.0,160703000,197004000,0.134,197004000,160703000,156862000,0.233,0.228,0.233,636432000,573034500,636432000,3754157020,23,19.056,-41010000,-0.099,1.0,712836000,0.484,5535000,3841000,632408000,580938750,324409000,0,0,0,282778000,183607000,99171000,3712500020,-28486000,-23164000,14645000,20902000,0,45807000,-89436000,-3862000,15218000,-75000,96919000,96919000,96919000,0,0,0.066,550069000,162767000,100527000,0.0,5.833,38.305,38.243,159135000,0,8.911,2.521,2.514,134043000,366164000,1472684000,1472684000,0,0.118,0.169,0.277,0.109,18063000,550069000,1.0,416639821,415485050,423187275,3.544,913675000,32069000,59943000,0,2.194,506056000
UA,MRY,2012-12-31,2012-12-31,2012-12-31,2018-02-28,2368000,1157083000,1040162000,903598000,253485000,1.764,1.937,-50650000,341841000,341841000,955624000,128778000,3.582,0.416,61889000,9132000,52757000,61889000,0,43082000,0,0.0,0.0,208622000,251704000,0.137,251704000,208622000,203439000,0.308,0.303,0.308,816922000,734630750,816922000,4993982817,23,19.841,149111000,0.355,1.0,879297000,0.479,4483000,5183000,620420000,684025250,319286000,0,0,0,340161000,252228000,87933000,5078795817,166457000,0,14776000,-20347000,0,12297000,-46931000,0,199761000,1330000,128778000,128778000,128778000,0,0,0.07,670602000,208695000,143689000,0.0,6.217,39.438,39.114,180850000,0,12.047,2.768,2.76,175524000,493181000,1834921000,1834921000,0,0.124,0.175,0.305,0.114,19845000,670602000,1.0,421578783,420331167,428536937,4.365,1152600000,45657000,74661000,0,2.733,651370000
UA,MRY,2013-12-31,2013-12-31,2013-12-31,2018-02-28,2194000,1577741000,1347651750,1128811000,448930000,1.73,2.474,-87830000,347489000,347489000,1195381000,162330000,2.646,0.498,152923000,104972000,47951000,152923000,0,50549000,0,0.0,0.0,263926000,314475000,0.135,314475000,263926000,260993000,0.382,0.372,0.382,1053354000,934993500,1053354000,9089604556,34,28.904,32240000,0.076,1.0,1136670000,0.487,146341000,2933000,810204000,818171500,469006000,0,0,0,524387000,426630000,97757000,9221799556,5648000,-148097000,15103000,94529000,0,126795000,-238102000,-1700000,120070000,-3115000,162330000,162330000,162330000,0,0,0.07,871572000,265098000,165456000,0.0,8.755,56.809,56.731,223952000,0,21.671,3.954,3.944,209952000,653842000,2332051000,2332051000,0,0.12,0.174,0.323,0.113,43184000,871572000,1.0,425529521,424379669,434978284,5.495,1431400000,69471000,98663000,0,3.362,702181000
UA,MRY,2014-12-31,2014-12-31,2014-12-31,2018-02-28,-14808000,2095083000,1884038500,1549399000,545684000,1.637,3.226,-140528000,593175000,593175000,1572164000,208042000,3.675,0.552,284201000,28951000,255250000,284201000,0,72093000,0,0.0,0.0,347545000,419638000,0.136,419638000,347545000,342210000,0.49,0.47,0.49,1350300000,1213444250,1350300000,14452201936,41,34.44,78505000,0.184,1.0,1512206000,0.49,149486000,5335000,1214996000,1161717250,536714000,0,0,0,744783000,421627000,323156000,14510022936,245686000,-10924000,15776000,129565000,0,182306000,-152312000,0,219033000,-3341000,208042000,208042000,208042000,0,0,0.067,1158251000,353955000,210432000,0.0,10.746,69.746,68.798,305564000,0,33.711,4.704,4.661,279835000,856687000,3084370000,3084370000,0,0.11,0.171,0.299,0.113,50812000,1158251000,1.0,430424111,426454000,438760000,7.233,1945597000,86068000,134168000,0,4.648,1127772000
UA,MRY,2015-12-31,2015-12-31,2015-12-31,2018-02-28,-45013000,2865970000,2800445000,1498763000,1367207000,1.415,3.863,-298928000,129852000,129852000,2057766000,232573000,3.13,0.718,666070000,42000000,624070000,666070000,0,100940000,0,0.0,0.0,401313000,502253000,0.127,502253000,401313000,386685000,0.54,0.53,0.54,1668222000,1500895500,1668222000,18142194439,45,36.122,-284387000,-0.66,1.0,1905547000,0.481,660867000,14628000,2262511000,2108600500,783031000,0,0,0,1197748000,478810000,718938000,17396918439,-463323000,-539460000,10310000,383851000,0,381433000,-847475000,-6534000,14541000,-11822000,232573000,232573000,232573000,0,0,0.059,1497000000,408547000,200460000,0.0,10.428,74.802,74.113,538531000,0,40.021,4.389,4.352,433638000,1076533000,3963313000,3963313000,0,0.083,0.155,0.19,0.101,106293000,1497000000,1.0,434692038,430996000,441736000,9.196,2205103000,92157000,154112000,0,5.106,1019953000
UA,MRY,2016-12-31,2016-12-31,2016-12-31,2018-02-28,-52143000,3644331000,3493679000,1965153000,1679178000,1.381,4.634,-386746000,250470000,250470000,2584724000,256979000,2.865,0.794,817388000,27000000,790388000,817388000,0,144770000,0,0.0,0.0,414716000,559486000,0.116,559486000,414716000,388282000,0.45,0.45,0.45,2030900000,1866679750,2030900000,11922116074,28,21.309,-22378000,-0.051,1.0,2240611000,0.464,627901000,26434000,2897532000,2915599500,917491000,0,0,0,1613431000,685816000,927615000,11028302074,120618000,0,15485000,150159000,-2927000,146114000,-381139000,6482000,364368000,-8725000,256979000,197979000,197979000,0,0,0.041,1823140000,417471000,409679000,0.0,5.43,55.704,55.933,804211000,59000000,25.17,2.285,2.276,622685000,1259414000,4825335000,4825335000,0,0.057,0.106,0.142,0.086,90932000,1823140000,1.0,438152645,436330000,444848000,11.059,3016430000,136862000,131303000,0,6.883,1279337000
UA,MRY,2017-12-31,2017-12-31,2017-12-31,2018-02-28,-38211000,4006367000,3902034000,2337679000,1668688000,1.275,4.569,-281339000,312483000,312483000,2737830000,-48260000,2.205,0.985,917046000,152000000,765046000,917046000,0,173747000,0,0.0,0.0,24229000,197976000,0.04,197976000,24229000,-10309000,-0.11,-0.11,-0.11,2018642000,2040785500,2018642000,6693795441,276,33.811,-47276000,-0.107,1.0,2238723000,0.45,602669000,34538000,2947886000,3072961000,1158548000,0,0,0,1987725000,1060375000,927350000,5883415441,62013000,0,11540000,98000000,0,106759000,-282987000,0,234063000,4178000,-48260000,-48260000,-48260000,0,0,-0.01,2210880000,27843000,561108000,0.0,2.915,-121.911,-121.091,885774000,0,13.32,1.182,1.18,609670000,1184441000,4976553000,4976553000,0,-0.012,-0.024,0.008,0.005,39857000,2086831000,1.0,441697856,440729000,440729000,11.292,3403698000,82801000,37951000,0,7.704,1277304000
