ticker,dimension,calendardate,datekey,reportperiod,lastupdated,accoci,assets,assetsavg,assetsc,assetsnc,assetturnover,bvps,capex,cashneq,cashnequsd,cor,consolinc,currentratio,de,debt,debtc,debtnc,debtusd,deferredrev,depamor,deposits,divyield,dps,ebit,ebitda,ebitdamargin,ebitdausd,ebitusd,ebt,eps,epsdil,epsusd,equity,equityavg,equityusd,ev,evebit,evebitda,fcf,fcfps,fxusd,gp,grossmargin,intangibles,intexp,invcap,invcapavg,inventory,investments,investmentsc,investmentsnc,liabilities,liabilitiesc,liabilitiesnc,marketcap,ncf,ncfbus,ncfcommon,ncfdebt,ncfdiv,ncff,ncfi,ncfinv,ncfo,ncfx,netinc,netinccmn,netinccmnusd,netincdis,netincnci,netmargin,opex,opinc,payables,payoutratio,pb,pe,pe1,ppnenet,prefdivis,price,ps,ps1,receivables,retearn,revenue,revenueusd,rnd,roa,roe,roic,ros,sbcomp,sgna,sharefactor,sharesbas,shareswa,shareswadil,sps,tangibles,taxassets,taxexp,taxliabilities,tbvps,workingcapital
WBA,MRY,2011-12-31,2011-08-31,2011-08-31,2018-01-04,16000000,27454000000,27173000000,12322000000,15132000000,2.656,16.611,-1213000000,1556000000,1556000000,51692000000,2714000000,1.524,0.849,2409000000,13000000,2396000000,2409000000,0,1086000000,0,0.021,0.75,4365000000,5451000000,0.076,5451000000,4365000000,4294000000,2.97,2.94,2.97,14847000000,14653500000,14847000000,31622797567,7,5.801,2430000000,2.655,1.0,20492000000,0.284,2017000000,71000000,18207000000,17593750000,8044000000,0,0,0,12607000000,8083000000,4524000000,31879797567,-324000000,-188000000,-1793000000,-17000000,-647000000,-2442000000,-1525000000,0,3643000000,0,2714000000,2714000000,2714000000,0,0,0.038,16561000000,3931000000,4810000000,0.253,2.147,11.746,11.855,11526000000,0,35.21,0.442,0.446,2497000000,18877000000,72184000000,72184000000,0,0.1,0.185,0.248,0.06,135000000,16561000000,1.0,905418846,915100000,924500000,78.881,25437000000,0,1580000000,528000000,28.459,4239000000
WBA,MRY,2012-12-31,2012-08-31,2012-08-31,2018-01-04,68000000,33462000000,28678000000,10760000000,22702000000,2.498,20.49,-1550000000,1297000000,1297000000,51291000000,2127000000,1.234,0.835,5392000000,1319000000,4073000000,5392000000,0,1166000000,0,0.027,0.95,3464000000,4630000000,0.065,4630000000,3464000000,3376000000,2.43,2.42,2.43,18236000000,15691500000,18236000000,31103706325,8,6.718,2881000000,3.294,1.0,20342000000,0.284,2161000000,88000000,26674000000,20424500000,7036000000,6140000000,0,6140000000,15226000000,8722000000,6504000000,30698706325,-259000000,-4561000000,-1026000000,3000000000,-787000000,1170000000,-5860000000,0,4431000000,0,2127000000,2127000000,2127000000,0,0,0.03,16878000000,3464000000,4384000000,0.391,1.683,14.433,14.716,12038000000,0,35.76,0.429,0.437,2167000000,20156000000,71633000000,71633000000,0,0.074,0.136,0.17,0.048,99000000,16878000000,1.0,858464942,874700000,880100000,81.894,31301000000,0,1249000000,545000000,35.17,2038000000
WBA,MRY,2013-12-31,2013-08-31,2013-08-31,2018-01-04,-98000000,35481000000,35536250000,11874000000,23607000000,2.032,20.571,-1212000000,2106000000,2106000000,51098000000,2548000000,1.337,0.824,5047000000,570000000,4477000000,5047000000,0,1283000000,0,0.024,1.14,4212000000,5495000000,0.076,5495000000,4212000000,4047000000,2.69,2.67,2.69,19454000000,18946500000,19454000000,48798326897,11,8.88,3089000000,3.265,1.0,21119000000,0.292,2410000000,165000000,27129000000,27605250000,6852000000,6261000000,0,6261000000,16027000000,8883000000,7144000000,45426326897,809000000,-834000000,-129000000,-300000000,-1040000000,-1496000000,-1996000000,65000000,4301000000,0,2548000000,2548000000,2548000000,0,0,0.035,17047000000,4072000000,4635000000,0.424,2.335,17.828,17.87,12138000000,0,48.07,0.629,0.63,2632000000,21523000000,72217000000,72217000000,0,0.072,0.134,0.153,0.058,104000000,17543000000,1.0,945003680,946000000,955200000,76.339,33071000000,0,1499000000,701000000,34.97,2991000000
WBA,MRY,2014-12-31,2014-08-31,2014-08-31,2018-01-04,136000000,37250000000,37050750000,12242000000,25008000000,2.062,21.462,-1106000000,2646000000,2646000000,54823000000,2031000000,1.376,0.811,4490000000,774000000,3716000000,4490000000,0,1316000000,0,0.021,1.28,3614000000,4930000000,0.065,4930000000,3614000000,3458000000,2.03,2.0,2.03,20513000000,20683750000,20513000000,60292048238,16,12.23,2787000000,2.924,1.0,21569000000,0.282,3539000000,156000000,26660000000,28591500000,6076000000,7336000000,0,7336000000,16633000000,8895000000,7738000000,57891048238,540000000,-744000000,-93000000,-282000000,-1199000000,-1622000000,-1731000000,67000000,3893000000,0,1932000000,1932000000,1932000000,0,99000000,0.025,17375000000,4194000000,4315000000,0.631,2.822,29.964,29.813,12257000000,0,60.52,0.758,0.755,3218000000,22327000000,76392000000,76392000000,0,0.052,0.093,0.126,0.047,114000000,17992000000,1.0,956560612,953100000,965200000,80.151,33711000000,0,1526000000,1185000000,35.27,3347000000
WBA,MRY,2015-12-31,2015-08-31,2015-08-31,2018-01-04,-214000000,68782000000,64848750000,19657000000,49125000000,1.595,28.258,-1251000000,3000000000,3000000000,76691000000,4279000000,1.187,1.215,14383000000,1068000000,13315000000,14383000000,0,1742000000,0,0.016,1.37,5881000000,7623000000,0.074,7623000000,5881000000,5276000000,4.05,4.0,4.05,30861000000,28468500000,30861000000,106335068724,18,13.949,4413000000,4.23,1.0,26753000000,0.259,28723000000,605000000,34885000000,37520750000,8678000000,1242000000,0,1242000000,37482000000,16557000000,20925000000,94537068723,354000000,-4018000000,-723000000,1587000000,-1384000000,-915000000,-4276000000,867000000,5664000000,-119000000,4220000000,4220000000,4220000000,0,59000000,0.041,22085000000,4668000000,10088000000,0.338,3.063,22.402,21.37,15068000000,0,86.55,0.914,0.873,6849000000,25089000000,103444000000,103444000000,0,0.065,0.148,0.157,0.057,109000000,22400000000,1.0,1092282712,1043200000,1053900000,99.16,40059000000,0,1056000000,3714000000,36.681,3100000000
WBA,MRY,2016-12-31,2016-08-31,2016-08-31,2018-01-04,-2992000000,72688000000,68765750000,25883000000,46805000000,1.707,27.603,-1325000000,9807000000,9807000000,87477000000,4191000000,1.521,1.419,19028000000,323000000,18705000000,19028000000,0,1718000000,0,0.018,1.46,5766000000,7484000000,0.064,7484000000,5766000000,5170000000,3.85,3.82,3.85,29880000000,30244000000,29880000000,97587844375,16,13.04,6522000000,6.022,1.0,29874000000,0.255,25829000000,596000000,39067000000,35513750000,8956000000,6174000000,0,6174000000,42407000000,17013000000,25394000000,87353844375,6807000000,-2412000000,-917000000,5229000000,-1563000000,2606000000,-3517000000,60000000,7847000000,-129000000,4173000000,4173000000,4173000000,0,18000000,0.036,23873000000,6001000000,11000000000,0.379,2.923,20.933,20.964,14335000000,0,80.71,0.744,0.745,6260000000,27684000000,117351000000,117351000000,0,0.061,0.138,0.162,0.049,115000000,23910000000,1.0,1082317487,1083100000,1091100000,108.347,46859000000,0,997000000,2850000000,43.288,8870000000
WBA,MRY,2017-12-31,2017-08-31,2017-08-31,2018-01-04,-3051000000,66009000000,71149750000,19753000000,46256000000,1.661,26.029,-1351000000,3301000000,3301000000,89052000000,4101000000,1.065,1.374,12935000000,251000000,12684000000,12935000000,0,1654000000,0,0.019,1.52,5531000000,7185000000,0.061,7185000000,5531000000,4838000000,3.8,3.78,3.8,27466000000,29364500000,27466000000,94169863609,17,13.106,5900000000,5.496,1.0,29162000000,0.247,25788000000,693000000,31308000000,35144750000,8899000000,6320000000,0,6320000000,37735000000,18547000000,19188000000,87212863609,-6506000000,-88000000,-5003000000,-6163000000,-1723000000,-12934000000,-843000000,444000000,7251000000,20000000,4078000000,4078000000,4078000000,0,23000000,0.034,23605000000,5557000000,12494000000,0.4,3.175,21.386,21.447,13642000000,0,81.5,0.738,0.74,6528000000,30137000000,118214000000,118214000000,0,0.057,0.139,0.157,0.047,91000000,23740000000,1.0,1070096486,1073500000,1078500000,110.12,40221000000,0,760000000,2610000000,38.117,1206000000
