ticker,dimension,calendardate,datekey,reportperiod,lastupdated,accoci,assets,assetsavg,assetsc,assetsnc,assetturnover,bvps,capex,cashneq,cashnequsd,cor,consolinc,currentratio,de,debt,debtc,debtnc,debtusd,deferredrev,depamor,deposits,divyield,dps,ebit,ebitda,ebitdamargin,ebitdausd,ebitusd,ebt,eps,epsdil,epsusd,equity,equityavg,equityusd,ev,evebit,evebitda,fcf,fcfps,fxusd,gp,grossmargin,intangibles,intexp,invcap,invcapavg,inventory,investments,investmentsc,investmentsnc,liabilities,liabilitiesc,liabilitiesnc,marketcap,ncf,ncfbus,ncfcommon,ncfdebt,ncfdiv,ncff,ncfi,ncfinv,ncfo,ncfx,netinc,netinccmn,netinccmnusd,netincdis,netincnci,netmargin,opex,opinc,payables,payoutratio,pb,pe,pe1,ppnenet,prefdivis,price,ps,ps1,receivables,retearn,revenue,revenueusd,rnd,roa,roe,roic,ros,sbcomp,sgna,sharefactor,sharesbas,shareswa,shareswadil,sps,tangibles,taxassets,taxexp,taxliabilities,tbvps,workingcapital
WLTW,MRY,2011-12-31,2011-12-31,2011-12-31,2018-02-28,-744000000,15728000000,16880500000,10987000000,4741000000,0.204,37.945,-98000000,436000000,436000000,0,220000000,1.099,5.314,2369000000,15000000,2354000000,2369000000,320000000,142000000,0,0.027,2.755,392000000,534000000,0.155,534000000,392000000,236000000,3.099,3.046,3.099,2486000000,2627750000,2486000000,8769844939,22,16.423,341000000,5.205,1.0,3447000000,1.0,3715000000,156000000,3950000000,4116000000,0,170000000,0,170000000,13211000000,9996000000,3215000000,6733844939,124000000,2000000,60000000,-77000000,-180000000,-214000000,-101000000,-5000000,439000000,-4000000,204000000,204000000,204000000,-1000000,16000000,0.059,2885000000,562000000,0,0.889,2.709,33.009,33.166,406000000,0,102.781,1.954,1.954,910000000,2160000000,3447000000,3447000000,0,0.012,0.078,0.095,0.114,36000000,2087000000,1.0,65516146,65516145,,52.613,12013000000,66000000,32000000,73000000,183.359,991000000
WLTW,MRY,2012-12-31,2012-12-31,2012-12-31,2018-02-28,-850000000,15112000000,16703500000,10898000000,4214000000,0.208,26.025,-132000000,500000000,500000000,0,-433000000,1.069,7.879,2353000000,15000000,2338000000,2353000000,541000000,138000000,0,0.032,2.861,-217000000,-79000000,-0.023,-79000000,-217000000,-345000000,-6.834,-6.834,-6.834,1699000000,2433750000,1699000000,7753526937,-35,-98.146,393000000,6.02,1.0,3480000000,1.0,3212000000,128000000,3559000000,4074000000,0,174000000,0,174000000,13387000000,10194000000,3193000000,5798526937,62000000,-33000000,-47000000,-14000000,-185000000,-291000000,-172000000,-7000000,525000000,2000000,-446000000,-446000000,-446000000,0,13000000,-0.128,3705000000,-225000000,0,-0.419,3.413,-13.001,-12.997,468000000,0,88.821,1.666,1.666,933000000,1427000000,3480000000,3480000000,0,-0.027,-0.183,-0.053,-0.062,30000000,2475000000,1.0,65283147,65283146,,53.306,11900000000,31000000,101000000,58000000,182.283,704000000
WLTW,MRY,2013-12-31,2013-12-31,2013-12-31,2018-02-28,-693000000,14800000000,15465750000,10461000000,4339000000,0.236,33.007,-107000000,796000000,796000000,0,377000000,1.104,5.669,2326000000,15000000,2311000000,2326000000,586000000,149000000,0,0.025,2.967,613000000,762000000,0.208,762000000,613000000,487000000,5.53,5.37,5.53,2215000000,2020250000,2215000000,9674818503,15,12.697,454000000,6.765,1.0,3655000000,1.0,3191000000,126000000,3665000000,3746500000,0,176000000,0,176000000,12557000000,9474000000,3083000000,7965818503,304000000,-10000000,155000000,-87000000,-193000000,-137000000,-120000000,-3000000,561000000,-8000000,365000000,365000000,365000000,0,12000000,0.1,2992000000,663000000,0,0.537,3.596,21.824,21.465,481000000,0,118.702,2.179,2.179,1041000000,1595000000,3655000000,3655000000,0,0.024,0.181,0.164,0.168,40000000,2207000000,1.0,67107710,67107710,,54.465,11609000000,22000000,122000000,102000000,172.991,987000000
WLTW,MRY,2014-12-31,2014-12-31,2014-12-31,2018-02-28,-1066000000,15421000000,15752000000,10839000000,4582000000,0.241,29.692,-113000000,635000000,635000000,0,373000000,1.062,6.728,2297000000,167000000,2130000000,2297000000,619000000,146000000,0,0.027,3.179,656000000,802000000,0.211,802000000,656000000,521000000,5.4,5.32,5.4,1985000000,2282250000,1985000000,9592638404,14,11.961,364000000,5.445,1.0,3802000000,1.0,3387000000,135000000,3485000000,3780750000,0,169000000,0,169000000,13355000000,10211000000,3144000000,7935638404,-122000000,-159000000,-74000000,-18000000,-210000000,-323000000,-276000000,0,477000000,-39000000,362000000,362000000,362000000,0,11000000,0.095,3155000000,647000000,0,0.589,3.998,21.922,21.982,483000000,0,118.702,2.087,2.087,1044000000,1530000000,3802000000,3802000000,0,0.023,0.159,0.174,0.173,52000000,2314000000,1.0,66853459,66853459,,56.871,12034000000,19000000,159000000,180000000,180.006,628000000
WLTW,MRY,2015-12-31,2015-12-31,2015-12-31,2018-02-28,-1037000000,18839000000,17769000000,12503000000,6336000000,0.215,32.765,-146000000,532000000,532000000,0,384000000,0.977,7.369,3266000000,988000000,2278000000,3266000000,752000000,171000000,0,0.026,3.285,482000000,653000000,0.171,653000000,482000000,340000000,5.49,5.41,5.49,2229000000,2328250000,2229000000,10858010191,22,16.628,98000000,1.441,1.0,3829000000,1.0,4852000000,142000000,3920000000,4070750000,0,0,0,0,16426000000,12801000000,3625000000,8753010191,-59000000,-813000000,49000000,890000000,-277000000,640000000,-943000000,0,244000000,-44000000,373000000,373000000,373000000,0,11000000,0.097,3402000000,427000000,0,0.598,3.927,23.467,23.436,563000000,0,128.662,2.286,2.286,1258000000,1597000000,3829000000,3829000000,0,0.021,0.16,0.118,0.126,64000000,2303000000,1.0,68030911,68030910,,56.283,13987000000,0,-33000000,240000000,205.598,-298000000
WLTW,MRY,2016-12-31,2016-12-31,2016-12-31,2018-02-28,-1884000000,30253000000,31873000000,13792000000,16461000000,0.247,73.603,-303000000,870000000,870000000,0,438000000,1.032,1.989,3865000000,508000000,3357000000,3865000000,1481000000,769000000,0,0.016,1.92,508000000,1277000000,0.162,1277000000,508000000,324000000,3.07,3.04,3.07,10065000000,10758250000,10065000000,19740350892,38,15.458,630000000,4.607,1.0,7887000000,1.0,14781000000,184000000,5097000000,5351750000,0,0,0,0,20019000000,13370000000,6649000000,16721350892,353000000,475000000,-333000000,-142000000,-199000000,-775000000,195000000,0,933000000,-15000000,420000000,420000000,420000000,0,18000000,0.053,7336000000,551000000,0,0.625,1.661,39.813,39.831,839000000,0,122.28,2.12,2.12,2080000000,1452000000,7887000000,7887000000,0,0.013,0.039,0.095,0.064,123000000,4646000000,1.0,136746409,136746409,,57.676,15472000000,0,-96000000,864000000,113.144,422000000
WLTW,MRY,2017-12-31,2017-12-31,2017-12-31,2018-02-28,-1513000000,32458000000,32434000000,15861000000,16597000000,0.253,76.69,-375000000,1030000000,1030000000,0,592000000,1.075,2.19,4535000000,85000000,4450000000,4535000000,1711000000,833000000,0,0.014,2.12,656000000,1489000000,0.182,1489000000,656000000,468000000,4.21,4.18,4.21,10126000000,10145500000,10126000000,23562929635,35,15.825,487000000,3.688,1.0,8202000000,1.0,14401000000,188000000,6807000000,6547500000,0,0,0,0,22181000000,14755000000,7426000000,19896929635,48000000,44000000,-471000000,580000000,-277000000,-479000000,-335000000,0,862000000,112000000,568000000,568000000,568000000,0,24000000,0.069,7464000000,738000000,0,0.504,1.965,35.03,35.793,985000000,0,150.69,2.426,2.426,2246000000,1104000000,8202000000,8202000000,0,0.018,0.056,0.1,0.08,67000000,4745000000,1.0,132038819,132038819,,62.118,18057000000,0,-100000000,615000000,136.755,1106000000
