ticker,dimension,calendardate,datekey,reportperiod,lastupdated,accoci,assets,assetsavg,assetsc,assetsnc,assetturnover,bvps,capex,cashneq,cashnequsd,cor,consolinc,currentratio,de,debt,debtc,debtnc,debtusd,deferredrev,depamor,deposits,divyield,dps,ebit,ebitda,ebitdamargin,ebitdausd,ebitusd,ebt,eps,epsdil,epsusd,equity,equityavg,equityusd,ev,evebit,evebitda,fcf,fcfps,fxusd,gp,grossmargin,intangibles,intexp,invcap,invcapavg,inventory,investments,investmentsc,investmentsnc,liabilities,liabilitiesc,liabilitiesnc,marketcap,ncf,ncfbus,ncfcommon,ncfdebt,ncfdiv,ncff,ncfi,ncfinv,ncfo,ncfx,netinc,netinccmn,netinccmnusd,netincdis,netincnci,netmargin,opex,opinc,payables,payoutratio,pb,pe,pe1,ppnenet,prefdivis,price,ps,ps1,receivables,retearn,revenue,revenueusd,rnd,roa,roe,roic,ros,sbcomp,sgna,sharefactor,sharesbas,shareswa,shareswadil,sps,tangibles,taxassets,taxexp,taxliabilities,tbvps,workingcapital
YUM,MRY,2011-12-31,2011-12-31,2011-12-31,2018-02-22,-247000000,8834000000,8504000000,2321000000,6513000000,1.485,4.161,-940000000,1498000000,1498000000,9140000000,1335000000,0.947,3.611,3317000000,320000000,2997000000,3317000000,0,637000000,0,0.018,1.035,1799000000,2436000000,0.193,2436000000,1799000000,1643000000,2.81,2.74,2.81,1916000000,1936500000,1916000000,28864897933,16,11.849,1230000000,2.671,1.0,3486000000,0.276,980000000,156000000,7223000000,7202000000,273000000,167000000,0,167000000,6918000000,2450000000,4468000000,27173897933,-228000000,165000000,-693000000,-262000000,-481000000,-1413000000,-1006000000,0,2170000000,21000000,1319000000,1319000000,1319000000,0,16000000,0.104,1671000000,1815000000,1874000000,0.368,14.183,20.602,21.0,4042000000,0,59.01,2.152,2.152,286000000,2052000000,12626000000,12626000000,0,0.155,0.681,0.25,0.142,-7000000,1372000000,1.0,460496491,460496491,,27.418,7854000000,661000000,324000000,142000000,17.056,-129000000
YUM,MRY,2012-12-31,2012-12-29,2012-12-29,2018-02-22,-132000000,9013000000,9126750000,1925000000,7088000000,1.494,4.987,-1099000000,776000000,776000000,9852000000,1608000000,0.845,2.974,2942000000,10000000,2932000000,2942000000,0,665000000,0,0.018,1.19,2283000000,2948000000,0.216,2948000000,2283000000,2134000000,3.46,3.38,3.46,2253000000,2263250000,2253000000,31320054792,13,10.624,1195000000,2.645,1.0,3781000000,0.277,1724000000,149000000,7176000000,7326500000,313000000,72000000,0,72000000,6701000000,2279000000,4422000000,29241054792,-422000000,-179000000,-903000000,-282000000,-544000000,-1716000000,-1005000000,0,2294000000,5000000,1597000000,1597000000,1597000000,0,11000000,0.117,1487000000,2294000000,2036000000,0.344,12.979,18.31,18.705,4250000000,0,64.72,2.145,2.145,301000000,2286000000,13633000000,13633000000,0,0.175,0.706,0.312,0.167,-48000000,1510000000,1.0,451808634,451808634,,30.174,7289000000,594000000,537000000,97000000,16.133,-354000000
YUM,MRY,2013-12-31,2013-12-28,2013-12-28,2018-02-22,64000000,8695000000,8783500000,1691000000,7004000000,1.49,5.005,-1049000000,573000000,573000000,9501000000,1064000000,0.747,2.883,2989000000,71000000,2918000000,2989000000,0,721000000,0,0.019,1.375,1825000000,2546000000,0.195,2546000000,1825000000,1578000000,2.41,2.36,2.41,2229000000,2283000000,2229000000,35075569723,19,13.777,1090000000,2.448,1.0,3583000000,0.274,1527000000,247000000,7319000000,7366500000,294000000,53000000,0,53000000,6427000000,2265000000,4162000000,32896569723,-203000000,161000000,-733000000,-67000000,-615000000,-1451000000,-886000000,0,2139000000,-5000000,1091000000,1091000000,1091000000,0,-27000000,0.083,1785000000,1798000000,1929000000,0.571,14.758,30.153,30.651,4459000000,0,73.87,2.514,2.514,319000000,2102000000,13084000000,13084000000,0,0.124,0.478,0.248,0.139,5000000,1412000000,1.0,445330577,445330577,,29.38,7168000000,522000000,487000000,169000000,16.096,-574000000
YUM,MRY,2014-12-31,2014-12-27,2014-12-27,2018-02-22,-190000000,8334000000,8756500000,1553000000,6781000000,0.752,3.666,-508000000,578000000,578000000,3870000000,1051000000,0.645,4.19,3344000000,267000000,3077000000,3344000000,0,328000000,0,0.021,1.52,1562000000,1890000000,0.287,1890000000,1562000000,1419000000,2.37,2.32,2.37,1604000000,2208250000,1604000000,34700224123,22,18.36,1541000000,3.522,1.0,2717000000,0.412,1018000000,143000000,7673000000,7748250000,301000000,52000000,0,52000000,6721000000,2409000000,4312000000,31998224123,66000000,83000000,-820000000,351000000,-669000000,-1114000000,-936000000,0,2049000000,12000000,1051000000,1051000000,1051000000,-45000000,0,0.16,1200000000,1517000000,1970000000,0.641,19.949,30.446,30.861,4498000000,0,73.14,4.858,4.858,325000000,1737000000,6587000000,6587000000,0,0.12,0.476,0.202,0.237,5000000,1028000000,1.0,437492810,437492810,,15.056,7316000000,653000000,368000000,77000000,16.723,-856000000
YUM,MRY,2015-12-31,2015-12-26,2015-12-26,2018-02-22,-239000000,8061000000,8241500000,1687000000,6374000000,0.779,2.247,-442000000,313000000,313000000,3627000000,1283000000,0.546,7.313,3928000000,921000000,3007000000,3928000000,0,319000000,0,0.023,1.69,1751000000,2070000000,0.323,2070000000,1751000000,1610000000,2.95,2.9,2.95,969000000,1560500000,969000000,34267880398,19,16.555,1749000000,4.056,1.0,2791000000,0.435,735000000,141000000,7854000000,7511750000,40000000,0,0,0,7086000000,3087000000,3999000000,31911880398,-28000000,213000000,-1200000000,645000000,-730000000,-1323000000,-692000000,0,2191000000,0,1283000000,1283000000,1283000000,-357000000,0,0.2,1357000000,1434000000,1074000000,0.573,32.933,24.873,25.085,2347000000,0,74.0,4.972,4.972,324000000,1150000000,6418000000,6418000000,0,0.156,0.822,0.233,0.273,46000000,1058000000,1.0,431241627,431241627,,14.883,7326000000,591000000,327000000,55000000,16.988,-1400000000
YUM,MRY,2016-12-31,2016-12-31,2016-12-31,2018-02-22,-458000000,5453000000,6757000000,1505000000,3948000000,0.941,-15.3,-427000000,725000000,725000000,3489000000,1643000000,1.152,-1.971,9125000000,66000000,9059000000,9125000000,0,310000000,0,0.413,26.13,2275000000,2585000000,0.407,2585000000,2275000000,1970000000,4.17,4.1,4.17,-5615000000,-2323000000,-5615000000,29524110000,12,11.421,1650000000,4.496,1.0,2867000000,0.451,687000000,305000000,11860000000,9857000000,37000000,0,0,0,11068000000,1306000000,9762000000,23242110000,466000000,370000000,-5403000000,5206000000,-744000000,-1036000000,-291000000,0,2077000000,-34000000,1643000000,1643000000,1643000000,-625000000,0,0.258,1185000000,1682000000,1067000000,6.266,-4.139,14.146,15.187,2113000000,0,63.33,3.657,3.657,370000000,-5157000000,6356000000,6356000000,0,0.243,-0.707,0.231,0.358,80000000,1129000000,1.0,367000000,367000000,,17.319,4766000000,772000000,327000000,36000000,12.986,199000000
YUM,MRY,2017-12-31,2017-12-31,2017-12-31,2018-02-22,-271000000,5311000000,5378000000,2507000000,2804000000,1.093,-18.796,-318000000,1522000000,1522000000,2954000000,1340000000,1.658,-1.838,9804000000,375000000,9429000000,9804000000,0,253000000,0,0.015,1.2,2714000000,2967000000,0.505,2967000000,2714000000,2274000000,3.86,3.77,3.86,-6334000000,-6092250000,-6334000000,36373053735,13,12.259,712000000,2.113,1.0,2924000000,0.497,622000000,440000000,11459000000,11884250000,13000000,0,0,0,11645000000,1512000000,10133000000,27502053735,768000000,1773000000,-1960000000,671000000,-416000000,-1795000000,1472000000,0,1030000000,61000000,1340000000,1340000000,1340000000,0,0,0.228,163000000,2761000000,813000000,0.311,-4.342,20.524,21.142,1697000000,0,81.61,4.679,4.679,400000000,-6063000000,5878000000,5878000000,0,0.249,-0.22,0.228,0.462,65000000,999000000,1.0,336993674,336993674,,17.442,4689000000,139000000,934000000,123000000,13.914,995000000
