ticker,dimension,calendardate,datekey,reportperiod,lastupdated,accoci,assets,assetsavg,assetsc,assetsnc,assetturnover,bvps,capex,cashneq,cashnequsd,cor,consolinc,currentratio,de,debt,debtc,debtnc,debtusd,deferredrev,depamor,deposits,divyield,dps,ebit,ebitda,ebitdamargin,ebitdausd,ebitusd,ebt,eps,epsdil,epsusd,equity,equityavg,equityusd,ev,evebit,evebitda,fcf,fcfps,fxusd,gp,grossmargin,intangibles,intexp,invcap,invcapavg,inventory,investments,investmentsc,investmentsnc,liabilities,liabilitiesc,liabilitiesnc,marketcap,ncf,ncfbus,ncfcommon,ncfdebt,ncfdiv,ncff,ncfi,ncfinv,ncfo,ncfx,netinc,netinccmn,netinccmnusd,netincdis,netincnci,netmargin,opex,opinc,payables,payoutratio,pb,pe,pe1,ppnenet,prefdivis,price,ps,ps1,receivables,retearn,revenue,revenueusd,rnd,roa,roe,roic,ros,sbcomp,sgna,sharefactor,sharesbas,shareswa,shareswadil,sps,tangibles,taxassets,taxexp,taxliabilities,tbvps,workingcapital
ABAX,MRY,2011-12-31,2011-03-31,2011-03-31,2018-02-09,0,188260000,177300000,124064000,64196000,0.81,7.484,-6926000,43471000,43471000,63884000,14537000,7.509,0.116,746000,0,746000,746000,2690000,4562000,0,0.0,0.0,23571000,28133000,0.196,28133000,23571000,23571000,0.65,0.64,0.65,168648000,159562750,168648000,605863120,25,21.536,9443000,0.422,1.0,79792000,0.555,4216000,0,124797000,116771750,19814000,64987000,25981000,39006000,19612000,16522000,3090000,649419120,15614000,-2800000,1684000,853000,0,2784000,-3808000,5918000,16369000,269000,14537000,14537000,14537000,0,0,0.101,57320000,22472000,6173000,0.0,3.851,44.674,44.369,19637000,0,28.84,4.52,4.489,27880000,36606000,143676000,143676000,11973000,0.082,0.091,0.202,0.164,2584000,45347000,1.0,22518000,22365000,22858000,6.424,184044000,4625000,9034000,559000,8.168,107542000
ABAX,MRY,2012-12-31,2012-03-31,2012-03-31,2018-02-09,25000,181836000,179260000,127397000,54439000,0.874,7.364,-7663000,45843000,45843000,71493000,13091000,7.309,0.138,783000,0,783000,783000,3608000,5090000,0,0.0,0.0,20167000,25257000,0.161,25257000,20167000,20167000,0.59,0.58,0.59,159785000,158147500,159785000,597269700,29,23.648,14310000,0.648,1.0,85103000,0.543,3990000,0,115355000,117837000,19597000,47757000,21689000,26068000,22051000,17431000,4620000,631829700,2372000,0,-26713000,147000,0,-27915000,8479000,16142000,21973000,-165000,13091000,13091000,13091000,0,0,0.084,65646000,19457000,6381000,0.0,3.954,48.264,49.373,24296000,0,29.13,4.035,4.108,30694000,49697000,156596000,156596000,12246000,0.073,0.083,0.171,0.129,4821000,53400000,1.0,21690000,22084000,22462000,7.091,177846000,4151000,7076000,465000,8.197,109966000
ABAX,MRY,2013-12-31,2013-03-31,2013-03-31,2018-02-09,42000,201763000,198729000,152963000,48800000,0.91,7.981,-5636000,54910000,54910000,79903000,27459000,7.641,0.145,682000,0,682000,682000,5112000,6298000,0,0.021,1.0,44608000,50906000,0.281,50906000,44608000,44608000,1.25,1.23,1.25,176194000,171347250,176194000,999146640,22,19.627,23561000,1.074,1.0,100975000,0.558,3122000,0,124394000,120581250,26786000,42967000,23354000,19613000,25569000,20019000,5550000,1045866640,9067000,0,2800000,0,-22023000,-18165000,-1657000,3979000,29197000,-308000,27459000,27459000,27459000,3668000,0,0.152,52952000,48023000,8123000,0.8,5.936,38.088,37.856,25330000,0,47.32,5.782,5.741,40005000,55133000,180878000,180878000,13577000,0.138,0.16,0.37,0.247,4403000,56625000,1.0,22102000,21946000,22381000,8.242,198641000,5232000,17149000,440000,8.997,132944000
ABAX,MRY,2014-12-31,2014-03-31,2014-03-31,2018-02-09,-5000,217380000,209867000,165812000,51568000,0.772,8.706,-5510000,73589000,73589000,78081000,14185000,9.607,0.121,581000,0,581000,581000,5243000,7427000,0,0.0,0.0,23178000,30605000,0.189,30605000,23178000,23178000,0.64,0.63,0.64,193916000,186161000,193916000,781261480,33,25.527,30062000,1.35,1.0,83950000,0.518,1200000,0,125913000,116599750,26583000,50239000,29102000,21137000,23464000,17259000,6205000,864924480,18679000,0,-1526000,0,0,-4045000,-13358000,-7848000,35572000,510000,14185000,14185000,14185000,2044000,0,0.088,59722000,24228000,5525000,0.0,4.46,60.975,60.75,24191000,0,38.88,5.338,5.344,27253000,69318000,162031000,162031000,13647000,0.068,0.076,0.199,0.143,5479000,46075000,1.0,22246000,22270000,22575000,7.276,216180000,6021000,8993000,1144000,9.706,148553000
ABAX,MRY,2015-12-31,2015-03-31,2015-03-31,2018-02-09,-8000,269064000,244451000,209861000,59203000,0.829,9.769,-6052000,107015000,107015000,93623000,27331000,5.083,0.222,480000,0,480000,480000,4541000,8486000,0,0.006,0.4,39570000,48056000,0.237,48056000,39570000,39570000,1.21,1.2,1.21,220194000,206930750,220194000,1355710290,34,28.211,30344000,1.349,1.0,108970000,0.538,1491000,0,119753000,120708750,36179000,52973000,26109000,26864000,48870000,41285000,7585000,1444975290,33426000,19482000,109000,0,-9006000,-10962000,10093000,-3337000,36396000,-2101000,27331000,27331000,27331000,-6528000,0,0.135,74666000,34304000,7277000,0.331,6.562,52.869,52.983,27316000,0,64.11,7.132,7.119,29015000,87643000,202593000,202593000,16327000,0.112,0.132,0.328,0.195,8826000,58339000,1.0,22539000,22497000,22787000,9.005,267573000,9988000,12239000,5139000,11.872,168576000
ABAX,MRY,2016-12-31,2016-03-31,2016-03-31,2018-02-09,-7000,271380000,268388750,212198000,59182000,0.816,10.46,-5185000,88323000,88323000,95649000,31630000,7.274,0.148,379000,0,379000,379000,3874000,6697000,0,0.01,0.44,47703000,54400000,0.249,54400000,47703000,47703000,1.4,1.38,1.4,236312000,233433000,236312000,945722380,19,17.385,22871000,1.009,1.0,123252000,0.563,1324000,0,152940000,155870500,35131000,66637000,41474000,25163000,35068000,29172000,5896000,1027720380,-18692000,-231000,-13028000,0,-9970000,-26627000,-20237000,-14821000,28056000,116000,31630000,31630000,31630000,-556000,0,0.144,76898000,46354000,7292000,0.314,4.349,32.492,32.421,26842000,0,45.39,4.695,4.699,35148000,109303000,218901000,218901000,18388000,0.118,0.135,0.306,0.218,9479000,58510000,1.0,22642000,22661000,22883000,9.66,270056000,8713000,16073000,1529000,11.954,183026000
ABAX,MRY,2017-12-31,2017-03-31,2017-03-31,2018-02-09,-12000,305646000,291680250,233178000,72468000,0.779,11.813,-10171000,91332000,91332000,101375000,32716000,6.972,0.148,278000,0,278000,278000,2875000,7340000,0,0.011,0.52,51049000,58389000,0.257,58389000,51049000,51049000,1.45,1.44,1.45,266224000,255168500,266224000,1007840000,19,17.261,22981000,1.021,1.0,125845000,0.554,1171000,0,179978000,171453000,39010000,76582000,51561000,25021000,39422000,33443000,5979000,1093190000,3009000,-3784000,0,0,-11715000,-13619000,-15903000,-1948000,33152000,-621000,32716000,32716000,32716000,63000,0,0.144,81358000,44487000,7517000,0.359,4.106,33.415,33.448,34260000,0,48.5,4.811,4.806,40568000,130304000,227220000,227220000,19795000,0.112,0.128,0.298,0.225,10749000,61563000,1.0,22540000,22515000,22797000,10.092,304475000,10036000,18333000,2385000,13.511,199735000
