ticker,dimension,calendardate,datekey,reportperiod,lastupdated,accoci,assets,assetsavg,assetsc,assetsnc,assetturnover,bvps,capex,cashneq,cashnequsd,cor,consolinc,currentratio,de,debt,debtc,debtnc,debtusd,deferredrev,depamor,deposits,divyield,dps,ebit,ebitda,ebitdamargin,ebitdausd,ebitusd,ebt,eps,epsdil,epsusd,equity,equityavg,equityusd,ev,evebit,evebitda,fcf,fcfps,fxusd,gp,grossmargin,intangibles,intexp,invcap,invcapavg,inventory,investments,investmentsc,investmentsnc,liabilities,liabilitiesc,liabilitiesnc,marketcap,ncf,ncfbus,ncfcommon,ncfdebt,ncfdiv,ncff,ncfi,ncfinv,ncfo,ncfx,netinc,netinccmn,netinccmnusd,netincdis,netincnci,netmargin,opex,opinc,payables,payoutratio,pb,pe,pe1,ppnenet,prefdivis,price,ps,ps1,receivables,retearn,revenue,revenueusd,rnd,roa,roe,roic,ros,sbcomp,sgna,sharefactor,sharesbas,shareswa,shareswadil,sps,tangibles,taxassets,taxexp,taxliabilities,tbvps,workingcapital
ABCO,MRY,2011-12-31,2011-03-31,2011-03-31,2017-11-08,-120000,491188000,445359250,219899000,271289000,0.636,4.66,-12329000,30378000,30378000,144906000,18524000,0.769,2.306,0,0,0,0,262751000,10694000,0,0.0,0.0,28215000,38909000,0.137,38909000,28215000,28215000,0.59,0.56,0.59,148592000,134534500,148592000,772443187,27,19.853,38140000,1.212,1.0,138533000,0.489,77724000,0,97234000,72786750,0,86179000,0,86179000,342596000,285852000,56744000,816216187,-30860000,-42605000,9667000,0,0,10608000,-91937000,-37003000,50469000,0,18524000,18524000,18524000,-444000,0,0.065,112628000,25905000,51957000,0.0,5.493,44.063,43.644,29491000,0,25.75,2.88,2.859,176558000,164449000,283439000,283439000,0,0.042,0.138,0.388,0.1,6223000,102520000,1.0,31697716,31466000,32830000,9.008,413464000,15540000,9691000,0,12.967,-65953000
ABCO,MRY,2012-12-31,2012-03-31,2012-03-31,2017-11-08,1206000,705588000,624385250,361009000,344579000,0.593,6.49,-33194000,60642000,60642000,197937000,25303000,0.925,2.251,0,0,0,0,392456000,14817000,0,0.0,0.0,40510000,55327000,0.149,55327000,40510000,40510000,0.77,0.73,0.77,217047000,185857000,217047000,1428999494,35,25.828,60713000,1.851,1.0,172408000,0.466,93619000,0,161149000,125791750,0,136106000,4823000,131283000,488541000,390178000,98363000,1477425494,30264000,-5026000,24668000,0,0,25087000,-88730000,-50510000,93907000,0,25303000,25303000,25303000,-2441000,0,0.068,136036000,36372000,57529000,0.0,6.807,58.389,57.545,49653000,0,44.31,3.989,3.925,281584000,189742000,370345000,370345000,0,0.041,0.136,0.322,0.109,4393000,121767000,1.0,33342936,32808000,34660000,11.288,611969000,14910000,15207000,0,18.298,-29169000
ABCO,MRY,2013-12-31,2013-03-31,2013-03-31,2017-11-08,1261000,897933000,841542000,467902000,430031000,0.536,8.06,-40372000,57829000,57829000,237605000,23300000,0.946,2.174,0,0,0,0,503025000,20308000,0,0.0,0.0,41431000,61739000,0.137,61739000,41431000,41431000,0.67,0.64,0.67,282928000,259035750,282928000,1762181469,42,28.542,42889000,1.235,1.0,213232000,0.473,127921000,0,217520000,205362750,0,163104000,16611000,146493000,615013000,494663000,120350000,1843924469,-2813000,-30837000,6501000,0,0,20827000,-106901000,-35692000,83261000,0,23408000,23408000,23408000,0,-108000,0.052,165153000,48079000,75089000,0.0,6.517,78.773,78.388,73572000,0,52.52,4.09,4.045,370321000,-94306000,450837000,450837000,0,0.028,0.09,0.202,0.092,-6622000,147449000,1.0,35108996,34723000,36306000,12.984,770012000,10657000,18023000,0,21.937,-26761000
ABCO,MRY,2014-12-31,2014-03-31,2014-03-31,2017-11-08,-1541000,1041335000,989850000,506201000,535134000,0.525,9.317,-49729000,23129000,23129000,271923000,23873000,0.894,2.088,0,0,0,0,587359000,31084000,0,0.0,0.0,42729000,73813000,0.142,73813000,42729000,42729000,0.67,0.65,0.67,337286000,314806750,337286000,2269390244,53,30.745,27573000,0.768,1.0,247506000,0.476,163179000,0,288914000,267422000,0,180253000,2452000,177801000,704176000,566113000,138063000,2322107244,-34700000,-61677000,620000,0,0,14176000,-126178000,-14772000,77302000,0,23992000,23992000,23992000,0,-119000,0.046,201551000,45955000,77815000,0.0,6.885,96.787,95.896,102457000,0,64.25,4.47,4.442,447897000,-91468000,519429000,519429000,0,0.024,0.076,0.16,0.082,-1259000,170467000,1.0,36141747,35909000,36959000,14.465,878156000,5511000,18737000,1556000,24.258,-59912000
ABCO,MRY,2015-12-31,2015-12-31,2015-12-31,2017-11-08,202000,1979477000,2065641500,699812000,1279665000,0.372,10.73,-56690000,71825000,71825000,392676000,-119014000,0.965,3.408,552529000,27743000,524786000,552529000,755424000,73134000,0,0.0,0.0,-82693000,-9559000,-0.012,-9559000,-82693000,-103814000,-2.84,-2.84,-2.84,449091000,544942750,449091000,2579586543,-31,-269.859,105244000,2.513,1.0,375672000,0.489,1012921000,21121000,721994000,764046500,0,706000,0,706000,1530386000,725266000,805120000,2078354543,-1111000,-749699000,101038000,530295000,0,628630000,-791675000,14714000,161934000,0,-119014000,-119014000,-119014000,0,0,-0.155,430072000,-54400000,74879000,0.0,4.628,-17.463,-17.468,183057000,0,49.61,2.705,2.705,605444000,-295860000,768348000,768348000,0,-0.058,-0.218,-0.108,-0.108,24238000,249627000,1.0,41893863,41888000,41888000,18.343,966556000,0,15200000,93893000,23.095,-25454000
ABCO,MRY,2016-12-31,2016-12-31,2016-12-31,2017-11-08,461000,2036878000,1952067500,715633000,1321245000,0.412,12.875,-48523000,91151000,91151000,392956000,91238000,1.012,2.939,585454000,49347000,536107000,585454000,734594000,77268000,0,0.0,0.0,120415000,197683000,0.246,197683000,120415000,102278000,2.25,2.23,2.25,517044000,463530250,517044000,1842020459,15,9.318,64036000,1.58,1.0,410468000,0.511,994560000,18137000,829814000,762187250,0,19858000,0,19858000,1519834000,706807000,813027000,1334897459,19326000,-1900000,-56796000,-28750000,0,-91375000,-1858000,48565000,112559000,0,91238000,91238000,91238000,0,0,0.114,333930000,76538000,67702000,0.0,2.582,14.631,14.778,234649000,0,33.25,1.662,1.677,605517000,-266218000,803424000,803424000,0,0.047,0.197,0.158,0.15,28150000,256662000,1.0,40147292,40528000,40871000,19.824,1042318000,0,11040000,89013000,25.955,8826000
