ticker,dimension,calendardate,datekey,reportperiod,lastupdated,accoci,assets,assetsavg,assetsc,assetsnc,assetturnover,bvps,capex,cashneq,cashnequsd,cor,consolinc,currentratio,de,debt,debtc,debtnc,debtusd,deferredrev,depamor,deposits,divyield,dps,ebit,ebitda,ebitdamargin,ebitdausd,ebitusd,ebt,eps,epsdil,epsusd,equity,equityavg,equityusd,ev,evebit,evebitda,fcf,fcfps,fxusd,gp,grossmargin,intangibles,intexp,invcap,invcapavg,inventory,investments,investmentsc,investmentsnc,liabilities,liabilitiesc,liabilitiesnc,marketcap,ncf,ncfbus,ncfcommon,ncfdebt,ncfdiv,ncff,ncfi,ncfinv,ncfo,ncfx,netinc,netinccmn,netinccmnusd,netincdis,netincnci,netmargin,opex,opinc,payables,payoutratio,pb,pe,pe1,ppnenet,prefdivis,price,ps,ps1,receivables,retearn,revenue,revenueusd,rnd,roa,roe,roic,ros,sbcomp,sgna,sharefactor,sharesbas,shareswa,shareswadil,sps,tangibles,taxassets,taxexp,taxliabilities,tbvps,workingcapital
ABCW,MRY,2011-12-31,2011-03-31,2011-03-31,2018-04-21,-19952000,3394825000,3694589750,,,0.025,-0.607,239000,107015000,107015000,0,-41178000,,-258.75,659005000,,,659005000,0,4104000,2699433000,,0.0,-41014000,-36910000,-0.396,-36910000,-41014000,-41014000,-2.57,-2.57,-2.57,-13171000,6731500,-13171000,,,,64228000,2.962,1.0,93146000,1.0,24961000,0,3921854000,4221948750,0,3106050000,,,3407996000,,,,-405147000,-180153000,0,-136444000,0,-698155000,229019000,366933000,63989000,0,-41178000,-54524000,-54524000,0,0,-0.585,134160000,-41014000,0,0.0,,,,29127000,13346000,,,,0,-103362000,93146000,93146000,0,-0.015,-8.1,-0.01,-0.44,305000,79978000,1.0,21683304,21683304,,4.296,3369864000,0,164000,0,155.413,
ABCW,MRY,2012-12-31,2012-03-31,2012-03-31,2018-04-21,132000,2789452000,3072333250,,,0.028,-1.363,-1590000,242980000,242980000,0,-36738000,,-95.398,476103000,,,476103000,0,3494000,2264901000,,0.0,-36728000,-33234000,-0.381,-33234000,-36728000,-36728000,-2.37,-2.37,-2.37,-29550000,-18314500,-29550000,,,,5646000,0.26,1.0,87298000,1.0,22156000,0,3000419000,3293858250,0,2375187000,,,2819002000,,,,135965000,0,0,-182280000,0,-617420000,746149000,677085000,7236000,0,-36738000,-50429000,-50429000,0,0,-0.578,124026000,-36728000,0,0.0,,,,25453000,13691000,,,,0,-147513000,87298000,87298000,0,-0.016,2.754,-0.011,-0.421,256000,73372000,1.0,21677594,21677594,,4.027,2767296000,0,10000,0,127.657,
ABCW,MRY,2013-12-31,2013-03-31,2013-03-31,2018-04-21,3579000,2367583000,2557373250,,,0.039,-2.817,-434000,228536000,228536000,0,-34172000,,-40.549,317225000,,,317225000,0,3079000,2025025000,,0.0,-34353000,-31274000,-0.311,-31274000,-34353000,-34353000,-2.27,-2.27,-2.27,-59864000,-42758250,-59864000,,,,39732000,1.87,1.0,100651000,1.0,21824000,0,2434448000,2651735250,0,1981018000,,,2427447000,,,,-14444000,0,0,-160433000,0,-398754000,344144000,290380000,40166000,0,-34172000,-48144000,-48144000,0,0,-0.478,131455000,-30804000,0,0.0,,,,24469000,13972000,,,,0,-189097000,100651000,100651000,0,-0.019,1.126,-0.013,-0.341,0,70442000,1.0,21247225,21247225,,4.737,2345759000,0,-181000,0,110.403,
ABCW,MRY,2014-12-31,2014-12-31,2014-12-31,2018-04-21,-2402000,2082379000,2104993000,,,0.051,24.625,6466000,147273000,147273000,0,14622000,,8.147,13752000,,,13752000,0,2404000,1814171000,0.0,0.0,14632000,17036000,0.16,17036000,14632000,14632000,1.61,1.6,1.61,227663000,215146750,227663000,157444132,10,9.242,23606000,2.553,1.0,106340000,1.0,19404000,0,1929454000,1932231250,0,1837572000,,,1854716000,,,318408132,3877000,-13173000,7951000,2621000,0,-38009000,24746000,-1597000,17140000,0,14622000,14622000,14622000,0,0,0.138,91708000,14632000,316000,0.0,1.399,21.776,21.391,23569000,0,34.44,2.994,2.994,0,34981000,106340000,106340000,0,0.007,0.068,0.008,0.138,996000,69346000,1.0,9245300,9245300,,11.502,2062975000,0,10000,0,223.138,
ABCW,MRY,2015-12-31,2015-12-31,2015-12-31,2018-04-21,-3250000,2248498000,2196274750,,,0.061,38.198,-5811000,75267000,75267000,0,137758000,,5.133,12562000,,,12562000,0,2887000,1840724000,0.0,0.0,48311000,51198000,0.384,51198000,48311000,48311000,14.64,14.57,14.64,366641000,326497250,366641000,274419154,5,5.36,8930000,0.93,1.0,133248000,1.0,18942000,0,2166851000,2065967000,0,1994231000,,,1881857000,,,417726154,-72006000,-16966000,0,-1407000,0,48366000,-135113000,-134180000,14741000,0,137758000,137758000,137758000,0,0,1.034,84937000,48311000,325000,0.0,1.139,3.032,2.973,26224000,0,43.52,3.135,3.135,0,172610000,133248000,133248000,0,0.063,0.422,0.023,0.363,2185000,69262000,1.0,9598487,9598487,,13.882,2229556000,90620000,-89447000,0,232.282,
