ticker,dimension,calendardate,datekey,reportperiod,lastupdated,accoci,assets,assetsavg,assetsc,assetsnc,assetturnover,bvps,capex,cashneq,cashnequsd,cor,consolinc,currentratio,de,debt,debtc,debtnc,debtusd,deferredrev,depamor,deposits,divyield,dps,ebit,ebitda,ebitdamargin,ebitdausd,ebitusd,ebt,eps,epsdil,epsusd,equity,equityavg,equityusd,ev,evebit,evebitda,fcf,fcfps,fxusd,gp,grossmargin,intangibles,intexp,invcap,invcapavg,inventory,investments,investmentsc,investmentsnc,liabilities,liabilitiesc,liabilitiesnc,marketcap,ncf,ncfbus,ncfcommon,ncfdebt,ncfdiv,ncff,ncfi,ncfinv,ncfo,ncfx,netinc,netinccmn,netinccmnusd,netincdis,netincnci,netmargin,opex,opinc,payables,payoutratio,pb,pe,pe1,ppnenet,prefdivis,price,ps,ps1,receivables,retearn,revenue,revenueusd,rnd,roa,roe,roic,ros,sbcomp,sgna,sharefactor,sharesbas,shareswa,shareswadil,sps,tangibles,taxassets,taxexp,taxliabilities,tbvps,workingcapital
ADSK,MRY,2011-12-31,2012-01-31,2012-01-31,2018-03-22,5900000,3227800000,3027175000,1895900000,1331900000,0.732,8.324,-63000000,1156900000,1156900000,229100000,285300000,1.987,0.714,0,0,0,0,719200000,115500000,0,0.0,0.0,362900000,478400000,0.216,478400000,362900000,362900000,1.25,1.22,1.25,1882900000,1812675000,1882900000,7061500000,19,14.761,510500000,2.242,1.0,1986500000,0.897,767000000,0,349800000,338675000,0,447200000,254400000,192800000,1344900000,954100000,390800000,8164800000,81800000,-221700000,-151300000,0,0,-119800000,-370300000,-55100000,573500000,-1600000,285300000,285300000,285300000,0,0,0.129,1630900000,355600000,89300000,0.0,4.336,28.618,28.8,104500000,0,36.0,3.685,3.7,395100000,511600000,2215600000,2215600000,566500000,0.094,0.157,1.072,0.164,77300000,1065700000,1.0,226800000,227700000,233300000,9.73,2460800000,165900000,77600000,189200000,10.879,941800000
ADSK,MRY,2012-12-31,2013-01-31,2013-01-31,2018-03-22,-5700000,4308400000,3607625000,2552400000,1756000000,0.641,9.109,-56400000,1612200000,1612200000,238500000,247400000,2.446,1.109,745600000,0,745600000,745600000,834600000,127800000,0,0.0,0.0,310000000,437800000,0.189,437800000,310000000,310000000,1.09,1.07,1.09,2043200000,2039425000,2043200000,8019336000,25,18.317,502700000,2.22,1.0,2073700000,0.897,947500000,0,1450600000,905000000,0,753200000,342100000,411100000,2265200000,1043700000,1221500000,8736336000,455300000,-263700000,-211000000,745600000,0,541400000,-647200000,-300000000,559100000,2000000,247400000,247400000,247400000,0,0,0.107,1767800000,305900000,94200000,0.0,4.276,35.313,35.67,114900000,0,38.88,3.778,3.807,495100000,599100000,2312200000,2312200000,600000000,0.069,0.121,0.343,0.134,143400000,1081800000,1.0,224700000,226400000,231700000,10.213,3360900000,165000000,62600000,208100000,14.984,1508700000
ADSK,MRY,2013-12-31,2014-01-31,2014-01-31,2018-03-22,-600000,4595000000,4357375000,2835000000,1760000000,0.522,10.016,-64200000,1853000000,1853000000,274300000,228800000,2.646,1.032,746400000,0,746400000,746400000,900600000,128900000,0,0.0,0.0,284800000,413700000,0.182,413700000,284800000,279900000,1.02,1.0,1.02,2261500000,2139750000,2261500000,10834800000,38,26.19,499300000,2.229,1.0,1999600000,0.879,1073000000,4900000,1343900000,1523650000,0,691400000,414100000,277300000,2333500000,1071500000,1262000000,11562000000,240800000,-176100000,-111000000,0,0,-126500000,-194000000,64900000,563500000,-2200000,228800000,228800000,228800000,0,0,0.101,1714800000,284800000,84500000,0.0,5.113,50.533,50.245,130300000,0,51.25,5.085,5.049,423700000,624800000,2273900000,2273900000,611100000,0.053,0.107,0.187,0.125,123100000,1054400000,1.0,225600000,224000000,229600000,10.151,3522000000,187900000,51100000,236100000,15.598,1763500000
ADSK,MRY,2014-12-31,2015-01-31,2015-01-31,2018-03-22,-53300000,4909700000,4749625000,2671300000,2238400000,0.529,9.772,-75500000,1410600000,1410600000,342100000,81800000,1.908,1.212,743100000,0,743100000,743100000,1157100000,145900000,0,0.0,0.0,120700000,266600000,0.106,266600000,120700000,83000000,0.36,0.35,0.36,2219200000,2264950000,2219200000,11689244818,96,43.846,633100000,2.788,1.0,2170100000,0.864,1542700000,37700000,1299400000,1352400000,0,888800000,615800000,273000000,2690500000,1400100000,1290400000,12287244818,-442400000,-630000000,-197000000,0,0,-240400000,-905600000,-196100000,708600000,-5000000,81800000,81800000,81800000,0,0,0.033,2049400000,120700000,100500000,0.0,5.537,150.211,150.014,159200000,0,54.005,4.891,4.882,458900000,499400000,2512200000,2512200000,725200000,0.017,0.036,0.089,0.048,165600000,1281300000,1.0,227520504,227100000,232400000,11.062,3367000000,185100000,1200000,187000000,14.826,1271200000
ADSK,MRY,2015-12-31,2016-01-31,2016-01-31,2018-03-22,-121100000,5515300000,5213250000,2993100000,2522200000,0.48,7.214,-72400000,1353000000,1353000000,370700000,-330500000,1.881,2.405,1487700000,0,1487700000,1487700000,1519200000,145800000,0,0.0,0.0,1300000,147100000,0.059,147100000,1300000,-20300000,-1.46,-1.46,-1.46,1619600000,1869800000,1619600000,10699030398,8230,72.733,341600000,1.512,1.0,2133400000,0.852,1605800000,21600000,2453200000,2230950000,0,1430200000,897900000,532300000,3895700000,1591000000,2304700000,10549630398,-57600000,-148500000,-347200000,748300000,0,343200000,-809500000,-544100000,414000000,-5300000,-330500000,-330500000,-330500000,0,0,-0.132,2132100000,1300000,119900000,0.0,6.514,-31.92,-32.068,169300000,0,46.82,4.213,4.226,653600000,-80800000,2504100000,2504100000,790000000,-0.063,-0.177,0.001,0.001,197200000,1308900000,1.0,225323161,226000000,226000000,11.08,3909500000,9200000,310200000,258500000,17.414,1402100000
ADSK,MRY,2016-12-31,2017-01-31,2017-01-31,2018-03-22,-178500000,4798100000,4970075000,2460600000,2337500000,0.409,3.321,-76000000,1213100000,1213100000,341900000,-582100000,1.126,5.54,1490700000,398700000,1092000000,1490700000,1788000000,139200000,0,0.0,0.0,-499600000,-360400000,-0.177,-360400000,-499600000,-523800000,-2.61,-2.61,-2.61,733600000,1140450000,733600000,18156133671,-36,-50.378,93700000,0.421,1.0,1689100000,0.832,1606800000,24200000,1283500000,1787150000,0,993000000,686800000,306200000,4064500000,2185400000,1879100000,18102733671,-139900000,-85200000,-502100000,0,0,-578300000,272000000,447000000,169700000,-3300000,-582100000,-582100000,-582100000,0,0,-0.287,2188700000,-499600000,93500000,0.0,24.677,-31.099,-31.165,158600000,0,81.34,8.913,8.919,452300000,-964200000,2031000000,2031000000,766100000,-0.117,-0.51,-0.28,-0.246,221800000,1310300000,1.0,222556352,222700000,222700000,9.12,3191300000,63900000,58300000,180800000,14.447,275200000
ADSK,MRY,2017-12-31,2018-01-31,2018-01-31,2018-03-22,-123800000,4113600000,4262750000,1877900000,2235700000,0.482,-1.169,-50700000,1078000000,1078000000,303400000,-566900000,0.884,-17.069,1586000000,0,1586000000,1586000000,1955100000,108400000,0,0.0,0.0,-509100000,-400700000,-0.195,-400700000,-509100000,-557300000,-2.58,-2.58,-2.58,-256000000,168725000,-256000000,26027449959,-51,-64.955,-49800000,-0.227,1.0,1753200000,0.852,1647300000,48200000,851100000,1139125000,0,436000000,245200000,190800000,4369600000,2123200000,2246400000,25467249959,-135100000,0,-604600000,96900000,0,-656600000,506400000,569300000,900000,14200000,-566900000,-566900000,-566900000,0,0,-0.276,2262300000,-509100000,94700000,0.0,-99.481,-44.924,-44.814,145000000,0,115.62,12.383,12.34,438200000,-2084900000,2056600000,2056600000,755500000,-0.133,-3.36,-0.447,-0.248,261400000,1392500000,1.0,220266822,219500000,219500000,9.369,2466300000,81700000,9600000,136200000,11.267,-245300000
