ticker,dimension,calendardate,datekey,reportperiod,lastupdated,accoci,assets,assetsavg,assetsc,assetsnc,assetturnover,bvps,capex,cashneq,cashnequsd,cor,consolinc,currentratio,de,debt,debtc,debtnc,debtusd,deferredrev,depamor,deposits,divyield,dps,ebit,ebitda,ebitdamargin,ebitdausd,ebitusd,ebt,eps,epsdil,epsusd,equity,equityavg,equityusd,ev,evebit,evebitda,fcf,fcfps,fxusd,gp,grossmargin,intangibles,intexp,invcap,invcapavg,inventory,investments,investmentsc,investmentsnc,liabilities,liabilitiesc,liabilitiesnc,marketcap,ncf,ncfbus,ncfcommon,ncfdebt,ncfdiv,ncff,ncfi,ncfinv,ncfo,ncfx,netinc,netinccmn,netinccmnusd,netincdis,netincnci,netmargin,opex,opinc,payables,payoutratio,pb,pe,pe1,ppnenet,prefdivis,price,ps,ps1,receivables,retearn,revenue,revenueusd,rnd,roa,roe,roic,ros,sbcomp,sgna,sharefactor,sharesbas,shareswa,shareswadil,sps,tangibles,taxassets,taxexp,taxliabilities,tbvps,workingcapital
AEHR,MRY,2011-12-31,2011-05-31,2011-05-31,2018-04-12,2593000,12083000,12558250,10571000,1512000,1.094,1.025,-15000,4020000,4020000,8225000,-3373000,4.162,0.328,0,0,0,0,221000,573000,0,0.0,0.0,-3438000,-2865000,-0.209,-2865000,-3438000,-3438000,-0.39,-0.39,-0.39,9101000,9492500,9101000,9262899,-2,-3.233,-4157000,-0.474,1.0,5512000,0.401,0,0,5523000,5448250,4958000,0,0,0,2982000,2540000,442000,13070899,-3746000,0,343000,0,0,343000,-15000,0,-4142000,68000,-3389000,-3389000,-3389000,0,16000,-0.247,10531000,-5019000,885000,0.0,1.436,-3.857,-3.795,954000,0,1.48,0.952,0.946,1432000,-41328000,13737000,13737000,4567000,-0.27,-0.357,-0.631,-0.25,947000,5964000,1.0,8831689,8776000,8776000,1.565,12083000,0,-49000,204000,1.361,8031000
AEHR,MRY,2012-12-31,2012-05-31,2012-05-31,2018-04-12,2458000,11613000,11730750,10928000,685000,1.323,0.709,-45000,2073000,2073000,9314000,-3389000,2.273,0.799,1408000,1408000,0,1408000,555000,491000,0,0.0,0.0,-3401000,-2910000,-0.187,-2910000,-3401000,-3405000,-0.38,-0.38,-0.38,6454000,7795250,6454000,9241068,-2,-3.176,-4920000,-0.546,1.0,6207000,0.4,0,4000,6140000,5660000,6070000,0,0,0,5159000,4808000,351000,11500068,-1947000,0,168000,1408000,0,1576000,1330000,1375000,-4875000,22000,-3390000,-3390000,-3390000,0,1000,-0.218,10714000,-4507000,1507000,0.0,1.782,-3.392,-3.342,510000,0,1.27,0.741,0.738,2588000,-44695000,15521000,15521000,4188000,-0.289,-0.435,-0.601,-0.219,709000,6526000,1.0,9055172,9016000,9016000,1.721,11613000,0,-15000,125000,1.277,6120000
AEHR,MRY,2013-12-31,2013-05-31,2013-05-31,2018-04-12,2442000,10975000,10987500,10601000,374000,1.501,0.482,-127000,2324000,2324000,9712000,-3419000,1.859,1.198,1101000,1101000,0,1101000,2040000,322000,0,0.0,0.0,-3340000,-3018000,-0.183,-3018000,-3340000,-3389000,-0.36,-0.36,-0.36,4994000,5445000,4994000,14973700,-4,-4.961,-437000,-0.046,1.0,6776000,0.411,0,49000,4051000,5400750,5369000,0,0,0,5981000,5701000,280000,15139700,251000,0,1372000,-307000,0,1065000,-127000,0,-310000,-377000,-3419000,-3419000,-3419000,0,0,-0.207,10083000,-3307000,1188000,0.0,3.032,-4.428,-3.997,301000,0,1.439,0.918,0.833,2632000,-48114000,16488000,16488000,3211000,-0.311,-0.628,-0.618,-0.203,601000,6872000,1.0,10520987,9549000,9549000,1.727,10975000,0,30000,109000,1.059,4900000
AEHR,MRY,2014-12-31,2014-05-31,2014-05-31,2018-04-12,2488000,12225000,11809500,11673000,552000,1.667,0.634,-289000,1809000,1809000,9462000,422000,2.281,0.739,777000,777000,0,777000,1058000,141000,0,0.0,0.0,433000,574000,0.029,574000,433000,407000,0.04,0.04,0.04,7029000,6066750,7029000,23506864,54,40.953,-896000,-0.082,1.0,10222000,0.519,0,26000,6076000,4707250,6148000,0,0,0,5196000,5117000,79000,24946864,-515000,0,715000,-324000,0,391000,-289000,0,-607000,-10000,422000,422000,422000,0,0,0.021,9725000,497000,1892000,0.0,3.549,59.116,56.513,474000,0,2.26,1.267,1.249,3390000,-47692000,19684000,19684000,3402000,0.036,0.07,0.092,0.022,829000,6323000,1.0,11035994,10877000,11889000,1.81,12225000,0,-15000,71000,1.103,6556000
AEHR,MRY,2015-12-31,2015-05-31,2015-05-31,2018-04-12,2231000,14868000,12251500,14295000,573000,0.818,0.369,-118000,5527000,5527000,6180000,-6647000,2.193,2.259,3791000,0,3791000,3791000,4750000,135000,0,0.0,0.0,-6483000,-6348000,-0.634,-6348000,-6483000,-6613000,-0.55,-0.55,-0.55,4568000,6148750,4568000,28342729,-4,-4.465,-2374000,-0.197,1.0,3838000,0.383,0,130000,6613000,5119000,7123000,0,0,0,10318000,6519000,3799000,30501729,3718000,0,3429000,2983000,0,6412000,-118000,0,-2256000,-320000,-6647000,-6647000,-6647000,0,0,-0.664,10532000,-6694000,724000,0.0,6.677,-4.589,-4.364,478000,0,2.4,3.045,2.886,1383000,-54339000,10018000,10018000,4062000,-0.543,-1.081,-1.266,-0.647,997000,6470000,1.0,12709054,12047000,12047000,0.832,14868000,0,34000,8000,1.2,7776000
AEHR,MRY,2016-12-31,2016-05-31,2016-05-31,2018-04-12,2237000,10046000,12749000,8748000,1298000,1.137,-0.053,-919000,939000,939000,9356000,-6785000,1.869,-15.319,5962000,0,5962000,5962000,1841000,203000,0,0.0,0.0,-6170000,-5967000,-0.411,-5967000,-6170000,-6775000,-0.52,-0.52,-0.52,-703000,2869000,-703000,16747622,-2,-2.807,-7200000,-0.55,1.0,5145000,0.355,0,605000,10389000,10026250,7033000,0,0,0,10769000,4680000,6089000,13302622,-4588000,0,512000,1994000,0,2506000,-919000,0,-6281000,106000,-6785000,-6785000,-6785000,0,0,-0.468,11299000,-6154000,1413000,0.0,-18.923,-1.961,-1.943,1204000,0,1.01,0.917,0.912,522000,-61124000,14501000,14501000,4324000,-0.532,-2.365,-0.615,-0.425,1016000,6975000,1.0,13164396,13091000,13091000,1.108,10046000,0,10000,0,0.762,4068000
AEHR,MRY,2017-12-31,2017-05-31,2017-05-31,2018-04-12,2249000,30892000,17077750,29378000,1514000,1.107,0.892,-477000,17803000,17803000,12118000,-5653000,3.726,0.839,6110000,0,6110000,6110000,3571000,271000,0,0.0,0.0,-4950000,-4679000,-0.248,-4679000,-4950000,-5628000,-0.35,-0.35,-0.35,16794000,5263750,16794000,80936956,-16,-17.298,-4972000,-0.306,1.0,6780000,0.359,0,678000,11315000,10607000,6604000,0,0,0,14098000,7884000,6214000,76880956,16864000,0,21835000,0,0,21835000,-477000,0,-4495000,1000,-5653000,-5653000,-5653000,0,0,-0.299,11709000,-4929000,2808000,0.0,4.578,-13.6,-13.086,1419000,0,4.58,4.068,3.942,4010000,-66777000,18898000,18898000,4657000,-0.331,-1.074,-0.467,-0.262,999000,7052000,1.0,16786235,16267000,16267000,1.162,30892000,0,25000,0,1.64,21494000
