ticker,dimension,calendardate,datekey,reportperiod,lastupdated,accoci,assets,assetsavg,assetsc,assetsnc,assetturnover,bvps,capex,cashneq,cashnequsd,cor,consolinc,currentratio,de,debt,debtc,debtnc,debtusd,deferredrev,depamor,deposits,divyield,dps,ebit,ebitda,ebitdamargin,ebitdausd,ebitusd,ebt,eps,epsdil,epsusd,equity,equityavg,equityusd,ev,evebit,evebitda,fcf,fcfps,fxusd,gp,grossmargin,intangibles,intexp,invcap,invcapavg,inventory,investments,investmentsc,investmentsnc,liabilities,liabilitiesc,liabilitiesnc,marketcap,ncf,ncfbus,ncfcommon,ncfdebt,ncfdiv,ncff,ncfi,ncfinv,ncfo,ncfx,netinc,netinccmn,netinccmnusd,netincdis,netincnci,netmargin,opex,opinc,payables,payoutratio,pb,pe,pe1,ppnenet,prefdivis,price,ps,ps1,receivables,retearn,revenue,revenueusd,rnd,roa,roe,roic,ros,sbcomp,sgna,sharefactor,sharesbas,shareswa,shareswadil,sps,tangibles,taxassets,taxexp,taxliabilities,tbvps,workingcapital
AEO,MRY,2011-12-31,2012-01-28,2012-01-28,2018-03-16,28659000,1950802000,1890023250,1287488000,663314000,1.651,7.311,-89466000,719545000,719545000,1975471000,151705000,3.176,0.377,0,0,0,0,0,140502000,0,0.031,0.44,251635000,392137000,0.126,392137000,251635000,251635000,0.78,0.77,0.78,1416851000,1383210750,1416851000,2330231997,9,5.942,149790000,0.77,1.0,1144594000,0.367,51301000,0,774555000,975470250,367514000,25499000,25499000,0,533951000,405401000,128550000,2710515997,51952000,0,-12251000,-3256000,-85592000,-100726000,-87376000,46946000,239256000,798000,151705000,151705000,151705000,23574000,0,0.049,875259000,269335000,183783000,0.564,1.913,17.867,17.936,582162000,0,13.99,0.869,0.872,40310000,1771464000,3120065000,3120065000,0,0.08,0.11,0.258,0.081,11707000,718123000,1.0,193746676,194445000,196314000,16.046,1899501000,62228000,99930000,55606000,9.801,882087000
AEO,MRY,2012-12-31,2013-02-02,2013-02-02,2018-03-16,29297000,1756053000,1871130000,1141800000,614253000,1.858,6.221,-93939000,509119000,509119000,2085480000,232108000,2.619,0.438,0,0,0,0,0,128397000,0,0.102,2.05,370048000,498445000,0.143,498445000,370048000,370048000,1.19,1.16,1.19,1221187000,1363425750,1221187000,3453489660,9,6.929,381116000,1.942,1.0,1390322000,0.4,49620000,0,761412000,809226250,332452000,121873000,121873000,0,534866000,435902000,98964000,3998172660,-210426000,0,-101278000,-3066000,-403490000,-494555000,-191430000,-95586000,475055000,504000,232108000,232108000,232108000,31990000,0,0.067,995716000,394606000,176874000,1.723,3.274,17.225,16.966,509633000,0,20.19,1.15,1.14,46321000,1553058000,3475802000,3475802000,0,0.124,0.17,0.457,0.106,66349000,834601000,1.0,198027373,196211000,200665000,17.715,1706433000,89512000,137940000,48166000,8.692,705898000
AEO,MRY,2013-12-31,2014-02-01,2014-02-01,2018-03-16,12157000,1694164000,1745344750,927991000,766173000,1.894,6.044,-278499000,418933000,418933000,2191803000,82983000,2.234,0.453,0,0,0,0,0,134047000,0,0.037,0.5,142077000,276124000,0.084,276124000,142077000,142077000,0.43,0.43,0.43,1166178000,1192421250,1166178000,2254161709,15,8.164,-48643000,-0.252,1.0,1113999000,0.337,62801000,0,796952000,871268250,291541000,10002000,10002000,0,527986000,415478000,112508000,2608445709,-90186000,-20751000,-50240000,-2839000,-72280000,-116526000,-195365000,110720000,229856000,-8151000,82983000,82983000,82983000,0,0,0.025,972944000,141055000,203872000,1.163,2.237,31.433,31.465,632986000,0,13.53,0.789,0.789,73882000,1569851000,3305802000,3305802000,0,0.048,0.07,0.163,0.043,-6541000,796505000,1.0,192789779,192802000,194475000,17.146,1631363000,70313000,59094000,22321000,8.455,512513000
AEO,MRY,2014-12-31,2015-01-31,2015-01-31,2018-03-16,-9944000,1696908000,1700229500,828040000,868868000,1.931,5.857,-245002000,410697000,410697000,2128193000,80322000,1.804,0.489,0,0,0,0,0,142351000,0,0.036,0.5,151037000,293388000,0.089,293388000,151037000,151037000,0.42,0.42,0.42,1139746000,1135749500,1139746000,2450203992,16,8.351,94387000,0.485,1.0,1154674000,0.352,60302000,0,766816000,857965000,278972000,0,0,0,557162000,459093000,98069000,2730648992,-8237000,0,-159000,-7143000,-97224000,-103784000,-236264000,10002000,339389000,-7578000,80322000,80322000,80322000,8465000,0,0.024,998909000,155765000,191146000,1.19,2.396,33.996,33.429,698227000,0,14.04,0.832,0.832,67894000,1543085000,3282867000,3282867000,0,0.047,0.071,0.176,0.046,16070000,806498000,1.0,194490669,194437000,195135000,16.884,1636606000,73137000,70715000,43566000,8.41,368947000
AEO,MRY,2015-12-31,2016-01-30,2016-01-30,2018-03-16,-29868000,1612246000,1733262750,723375000,888871000,2.032,5.491,-153256000,260067000,260067000,2219114000,218138000,1.56,0.533,0,0,0,0,0,148858000,0,0.034,0.5,326718000,475576000,0.135,475576000,326718000,326718000,1.12,1.11,1.12,1051376000,1142933000,1051376000,2486350457,7,5.228,181857000,0.936,1.0,1302734000,0.37,69018000,0,819479000,860835000,305178000,0,0,0,560870000,463682000,97188000,2849466457,-150630000,-10442000,-224951000,-7635000,-97237000,-329166000,-153501000,0,335113000,-3076000,218138000,218138000,218138000,-4847000,0,0.062,982856000,319878000,182789000,0.446,2.71,13.063,13.071,703586000,0,14.64,0.809,0.808,80912000,1659267000,3521848000,3521848000,0,0.126,0.191,0.38,0.093,34977000,834700000,1.0,194635687,194351000,196237000,18.121,1543228000,64927000,108580000,26789000,8.059,259693000
AEO,MRY,2016-12-31,2017-01-28,2017-01-28,2018-03-16,-36462000,1782660000,1723671000,901229000,881431000,2.094,6.614,-161494000,378613000,378613000,2242938000,212449000,1.825,0.48,0,0,0,0,0,158174000,0,0.034,0.5,335262000,493436000,0.137,493436000,335262000,335262000,1.17,1.16,1.17,1204569000,1138558500,1204569000,2376501920,7,4.816,204102000,1.125,1.0,1366927000,0.379,64260000,0,846004000,873783750,358446000,0,0,0,578091000,493783000,84308000,2668168920,118546000,0,9228000,-4375000,-90680000,-85064000,-163022000,0,365596000,1036000,212449000,212449000,212449000,0,0,0.059,1035451000,331476000,246204000,0.427,2.215,12.559,12.538,707797000,0,14.67,0.739,0.737,86634000,1775775000,3609865000,3609865000,0,0.123,0.187,0.384,0.093,29137000,857562000,1.0,181879272,181429000,183835000,19.897,1718400000,49250000,122813000,16757000,9.435,407446000
AEO,MRY,2017-12-31,2018-02-03,2018-02-03,2018-03-16,-30795000,1816313000,1734402250,968530000,847783000,2.188,7.047,-169469000,413613000,413613000,2425044000,204163000,1.996,0.457,0,0,0,0,0,169473000,0,0.028,0.5,287173000,456646000,0.12,456646000,287173000,287173000,1.15,1.13,1.15,1246791000,1163040500,1246791000,2856000531,9,6.254,224957000,1.264,1.0,1370505000,0.361,61736000,0,855743000,917142500,398213000,0,0,0,569522000,485221000,84301000,3113527531,35000000,0,-96840000,-3384000,-88548000,-188772000,-172150000,0,394426000,1496000,204163000,204163000,204163000,0,0,0.054,1067717000,302788000,236703000,0.435,2.497,15.25,15.27,724239000,0,17.56,0.82,0.823,78304000,1883592000,3795549000,3795549000,0,0.118,0.176,0.313,0.076,16890000,879685000,1.0,177307946,177938000,180156000,21.331,1754577000,9344000,83010000,20050000,9.916,483309000
