ticker,dimension,calendardate,datekey,reportperiod,lastupdated,accoci,assets,assetsavg,assetsc,assetsnc,assetturnover,bvps,capex,cashneq,cashnequsd,cor,consolinc,currentratio,de,debt,debtc,debtnc,debtusd,deferredrev,depamor,deposits,divyield,dps,ebit,ebitda,ebitdamargin,ebitdausd,ebitusd,ebt,eps,epsdil,epsusd,equity,equityavg,equityusd,ev,evebit,evebitda,fcf,fcfps,fxusd,gp,grossmargin,intangibles,intexp,invcap,invcapavg,inventory,investments,investmentsc,investmentsnc,liabilities,liabilitiesc,liabilitiesnc,marketcap,ncf,ncfbus,ncfcommon,ncfdebt,ncfdiv,ncff,ncfi,ncfinv,ncfo,ncfx,netinc,netinccmn,netinccmnusd,netincdis,netincnci,netmargin,opex,opinc,payables,payoutratio,pb,pe,pe1,ppnenet,prefdivis,price,ps,ps1,receivables,retearn,revenue,revenueusd,rnd,roa,roe,roic,ros,sbcomp,sgna,sharefactor,sharesbas,shareswa,shareswadil,sps,tangibles,taxassets,taxexp,taxliabilities,tbvps,workingcapital
AINV,MRY,2011-12-31,2011-03-31,2011-03-31,2018-02-07,-253408000,3148813000,3132118750,,,0.115,10.031,0,5471000,5471000,107624000,180412000,,0.606,1053443000,,,1053443000,0,0,0,0.093,1.12,228437000,228437000,0.637,228437000,228437000,180412000,0.93,0.93,0.93,1961031000,1891124000,1961031000,3147892188,13,13.78,-476368000,-2.437,1.0,251155000,0.7,0,48025000,4196785000,4052699500,0,3051041000,,,1187782000,,,2358726188,-481221000,0,204275000,-6281000,-190829000,-4853000,0,0,-476368000,-10000,180412000,180412000,180412000,0,0,0.503,11958000,239197000,64935000,1.204,1.203,13.074,12.973,0,0,12.065,6.574,6.574,19168000,-657316000,358779000,358779000,0,0.058,0.095,0.056,0.637,0,11958000,1.0,195501549,195501549,,1.835,3148813000,0,0,0,16.106,
AINV,MRY,2012-12-31,2012-03-31,2012-03-31,2018-02-07,-170971000,2775263000,2978887000,,,0.12,8.553,0,1665000,1665000,99972000,-86264000,,0.647,1009337000,,,1009337000,0,0,0,0.145,1.04,-19904000,-19904000,-0.056,-19904000,-19904000,-86264000,-0.44,-0.44,-0.44,1685231000,1699461500,1685231000,2625986163,-131,-131.933,237825000,1.207,1.0,257612000,0.72,0,66360000,3782935000,4148684250,0,2678093000,,,1090032000,,,1412801163,-3674000,0,0,-35822000,-204861000,-241499000,0,0,237825000,-2000,-86264000,-86264000,-86264000,0,0,-0.241,18510000,239102000,24402000,-2.364,0.838,-16.378,-16.295,0,0,7.17,3.951,3.951,22504000,-1030322000,357584000,357584000,0,-0.029,-0.051,-0.005,-0.056,0,18510000,1.0,197043398,197043398,,1.815,2775263000,0,0,0,14.085,
AINV,MRY,2013-12-31,2013-03-31,2013-03-31,2018-02-07,-159187000,2944312000,2848652000,,,0.117,8.267,0,3902000,3902000,96861000,104471000,,0.755,1156067000,,,1156067000,0,0,0,0.096,0.8,162671000,162671000,0.49,162671000,162671000,104471000,0.51,0.51,0.51,1677389000,1682004000,1677389000,2695594694,16,16.571,-19929000,-0.098,1.0,235133000,0.708,0,58200000,4096477000,3848227000,0,2852694000,,,1266923000,,,1696171694,3517000,0,50000000,153160000,-161144000,23446000,0,0,-19929000,2000,104471000,104471000,104471000,0,0,0.315,9573000,225560000,52530000,1.569,1.011,16.236,16.392,0,0,8.36,5.109,5.109,8416000,-1097263000,331994000,331994000,0,0.037,0.062,0.042,0.49,0,12358000,1.0,202891351,202891351,,1.636,2944312000,0,0,0,14.512,
AINV,MRY,2014-12-31,2014-03-31,2014-03-31,2018-02-07,16945000,3641951000,3328786250,,,0.115,9.129,0,13413000,13413000,109743000,270872000,,0.775,1372261000,,,1372261000,0,0,0,0.096,0.8,339511000,339511000,0.89,339511000,339511000,270872000,1.21,1.21,1.21,2051611000,1918690500,2051611000,3116280626,9,9.179,-292777000,-1.303,1.0,271603000,0.712,0,68639000,5000799000,4527672750,0,3479994000,,,1590340000,,,1867600626,8539000,0,285543000,202958000,-175423000,301300000,0,0,-292777000,16000,270872000,270872000,270872000,0,0,0.71,1765000,269838000,150685000,0.661,0.91,6.895,6.868,0,0,8.31,4.897,4.897,76545000,-1187400000,381346000,381346000,0,0.081,0.141,0.075,0.89,0,13857000,1.0,224741351,224741351,,1.697,3641951000,0,0,0,16.205,
AINV,MRY,2015-12-31,2015-03-31,2015-03-31,2018-02-07,-122238000,3560891000,3726894250,,,0.116,8.184,0,3766000,3766000,126783000,75422000,,0.838,1498759000,,,1498759000,0,0,0,0.104,0.8,154751000,154751000,0.357,154751000,154751000,75422000,0.32,0.32,0.32,1937608000,2016665750,1937608000,3393981868,21,21.932,43041000,0.182,1.0,306848000,0.708,0,79329000,5055884000,5277155000,0,3354478000,,,1623283000,,,1816989868,-6319000,0,-32000,145106000,-189393000,-49137000,0,0,43041000,-223000,75422000,75422000,75422000,0,0,0.174,-222000,307070000,48097000,2.5,0.938,24.091,23.984,0,0,7.675,4.19,4.19,120309000,-1138106000,433631000,433631000,0,0.02,0.037,0.029,0.357,0,15393000,1.0,236741351,236741351,,1.832,3560891000,0,0,0,15.041,
AINV,MRY,2016-12-31,2016-03-31,2016-03-31,2018-02-07,-164657000,3078637000,3263695000,,,0.116,7.276,0,16521000,16521000,110119000,-44526000,,0.871,1312960000,,,1312960000,0,0,0,0.144,0.8,36324000,36324000,0.096,36324000,36324000,-44526000,-0.19,-0.19,-0.19,1645581000,1773325000,1645581000,2629473552,72,72.389,436194000,1.929,1.0,269626000,0.71,0,80850000,4375076000,4616300250,0,2919213000,,,1433056000,,,1255168552,10488000,0,-62437000,-170447000,-187181000,-425941000,0,0,436194000,235000,-44526000,-44526000,-44526000,0,0,-0.117,-4246000,273872000,101446000,-4.211,0.763,-28.19,-29.211,0,0,5.55,3.305,3.305,89134000,-1216910000,379745000,379745000,0,-0.014,-0.025,0.008,0.096,0,15194000,1.0,226156496,226156496,,1.679,3078637000,0,0,0,13.613,
AINV,MRY,2017-12-31,2017-03-31,2017-03-31,2018-02-07,-253707000,2410120000,2621687500,,,0.107,6.745,0,9783000,9783000,71710000,18370000,,0.626,848449000,,,848449000,0,0,0,0.099,0.65,78135000,78135000,0.279,78135000,78135000,18370000,0.08,0.08,0.08,1481797000,1520710750,1481797000,2417767930,30,30.943,642417000,2.924,1.0,208152000,0.744,0,59765000,3248786000,3573129500,0,2318205000,,,928323000,,,1441196930,-7625000,0,-37918000,-447701000,-156513000,-650015000,0,0,642417000,-27000,18370000,18370000,18370000,0,0,0.066,-520000,208672000,63230000,8.125,0.973,78.454,82.0,0,0,6.56,5.15,5.15,46715000,-1189491000,279862000,279862000,0,0.007,0.012,0.022,0.279,0,20713000,1.0,219694654,219694654,,1.274,2410120000,0,0,0,10.97,
