ticker,dimension,calendardate,datekey,reportperiod,lastupdated,accoci,assets,assetsavg,assetsc,assetsnc,assetturnover,bvps,capex,cashneq,cashnequsd,cor,consolinc,currentratio,de,debt,debtc,debtnc,debtusd,deferredrev,depamor,deposits,divyield,dps,ebit,ebitda,ebitdamargin,ebitdausd,ebitusd,ebt,eps,epsdil,epsusd,equity,equityavg,equityusd,ev,evebit,evebitda,fcf,fcfps,fxusd,gp,grossmargin,intangibles,intexp,invcap,invcapavg,inventory,investments,investmentsc,investmentsnc,liabilities,liabilitiesc,liabilitiesnc,marketcap,ncf,ncfbus,ncfcommon,ncfdebt,ncfdiv,ncff,ncfi,ncfinv,ncfo,ncfx,netinc,netinccmn,netinccmnusd,netincdis,netincnci,netmargin,opex,opinc,payables,payoutratio,pb,pe,pe1,ppnenet,prefdivis,price,ps,ps1,receivables,retearn,revenue,revenueusd,rnd,roa,roe,roic,ros,sbcomp,sgna,sharefactor,sharesbas,shareswa,shareswadil,sps,tangibles,taxassets,taxexp,taxliabilities,tbvps,workingcapital
AIRT,MRY,2011-12-31,2011-03-31,2011-03-31,2018-02-14,0,34220688,32428858,30707059,3513629,2.571,10.793,-134317,6515067,6515067,69071573,2137902,3.848,0.304,8271,8271,0,8271,0,365912,0,0.035,0.33,3570302,3936214,0.047,3936214,3570302,3568902,0.88,0.87,0.88,26240614,25281517,26240614,16729754,4,4.25,-4650973,-1.913,1.0,14290359,0.171,0,1400,19733818,18956444,11538120,1931034,51035,1879999,7980074,7980074,0,22854331,-3262520,0,-391,-12373,-802337,-815101,2069237,2203554,-4516656,0,2137902,2137902,2137902,0,0,0.026,10851908,3438451,6100012,0.375,0.871,10.69,10.682,1189107,0,9.4,0.274,0.274,11768799,19394295,83361932,83361932,0,0.066,0.085,0.188,0.043,4800,10589408,1.0,2431286,2431297,2464354,34.287,34220688,771000,1431000,72000,14.075,22726985
AIRT,MRY,2012-12-31,2012-03-31,2012-03-31,2018-02-14,0,35083367,33982563,30114440,4968927,2.63,11.059,-956540,5814184,5814184,75631700,1350224,3.78,0.297,0,0,0,0,0,364215,0,0.026,0.25,2096224,2460439,0.028,2460439,2096224,2096224,0.55,0.55,0.55,27052930,26646534,27052930,16501841,7,6.707,-204270,-0.084,1.0,13750431,0.154,0,0,21302746,20757733,13450970,1875177,0,1875177,8030437,7966437,64000,23362031,-700883,0,124350,-8271,-611571,-547648,-905505,51035,752270,0,1350224,1350224,1350224,0,0,0.015,11676891,2073540,5999598,0.455,0.864,17.302,17.364,2981578,0,9.55,0.261,0.261,9016261,20132948,89382131,89382131,0,0.04,0.051,0.101,0.023,1469,11335044,1.0,2446286,2443786,2451209,36.575,35083367,1072000,746000,64000,14.342,22148003
AIRT,MRY,2013-12-31,2013-03-31,2013-03-31,2018-02-14,0,36054590,34767968,30528320,5526270,2.964,11.497,-367045,9197492,9197492,88496011,1669860,3.883,0.282,0,0,0,0,0,532770,0,0.026,0.25,2729860,3262630,0.032,3262630,2729860,2729860,0.68,0.68,0.68,28124219,27448739,28124219,13699241,5,4.199,3994879,1.633,1.0,14568228,0.141,0,0,18995727,20209353,8181700,1939461,0,1939461,7930371,7861371,69000,23237270,3383308,0,0,0,-611571,-611571,-367045,0,4361924,0,1669860,1669860,1669860,0,0,0.016,11840200,2728028,5741371,0.368,0.826,13.916,13.969,3472539,0,9.499,0.225,0.225,11833000,21191237,103064239,103064239,0,0.048,0.061,0.135,0.026,13000,11303067,1.0,2446286,2446286,2454368,42.131,36054590,697000,1060000,69000,14.739,22666949
AIRT,MRY,2014-12-31,2014-03-31,2014-03-31,2018-02-14,-7780,37220647,37445275,31151524,6069123,2.691,11.612,-1242431,3758888,3758888,84567203,1466636,3.454,0.36,0,0,0,0,0,752412,0,0.025,0.3,2658636,3411048,0.034,3411048,2658636,2658636,0.61,0.6,0.61,27360057,27518514,27360057,21623256,8,6.339,-1797044,-0.744,1.0,16204842,0.161,0,0,24443169,22640117,12239469,3407740,1460518,1947222,9860590,9018590,842000,28495838,-5438604,0,-1447331,0,-733885,-2181216,-2702775,-1460344,-554613,0,1466636,1466636,1466636,0,0,0.015,13572302,2632540,6426056,0.492,1.042,19.429,19.836,3986174,0,12.1,0.283,0.29,11876054,21923988,100772045,100772045,0,0.039,0.053,0.117,0.026,23198,12843507,1.0,2355028,2414184,2433058,41.742,37220647,971000,1192000,842000,15.798,22132934
AIRT,MRY,2015-12-31,2015-03-31,2015-03-31,2018-02-14,-134913,43456382,40847640,38670024,4786358,2.746,12.568,2558994,14165120,14165120,94553663,2483926,4.69,0.459,5000000,0,5000000,5000000,0,856911,0,0.0,0.0,3414926,4271837,0.038,4271837,3414926,3414926,1.05,1.04,1.05,29795223,29312385,29795223,49486168,14,11.584,9398555,3.983,1.0,17627495,0.157,0,0,26046103,27174366,7789649,7269423,5278752,1990671,13661159,8245159,5416000,58302664,9879879,0,20415,5000000,0,5020415,-1980097,-4012739,6839561,0,2483926,2483926,2483926,0,0,0.022,14210791,3416704,4715708,0.0,1.957,23.472,23.429,2571499,0,24.6,0.52,0.517,10351169,24407915,112181158,112181158,0,0.061,0.085,0.126,0.03,8958,14222996,1.0,2370027,2359610,2379928,47.542,43456382,473000,931000,416000,18.33,30424865
AIRT,MRY,2016-12-31,2016-03-31,2016-03-31,2018-02-14,-140519,52154752,47787175,38959534,13195218,3.102,14.428,-1045437,6166106,6166106,122011264,3757957,2.479,0.493,1864135,1859300,4835,1864135,0,1257207,0,0.0,0.0,6890105,8147312,0.055,8147312,6890105,6809362,1.86,1.84,1.86,34230608,32747680,34230608,52251936,7,6.413,2169080,0.914,1.0,26200674,0.177,1384520,80743,30751115,31335102,12274104,11859968,4944572,6915396,16883222,15717146,1166076,57320252,-8043312,78000,0,-6001174,0,-5993746,-5266006,-4254271,3214517,1923,4413910,4413910,4413910,0,-655953,0.03,20169011,6031663,7003660,0.0,1.675,12.986,12.989,4577774,0,24.16,0.387,0.387,12895849,28821825,148211938,148211938,777942,0.092,0.135,0.22,0.046,29334,18139830,1.0,2372527,2372527,2396824,62.47,50770232,1010899,2395452,557312,21.399,23242388
AIRT,MRY,2017-12-31,2017-03-31,2017-03-31,2018-02-14,-212047,65335189,60917185,48859078,16476111,2.437,11.236,-2340150,3653734,3653734,125092684,-4944186,2.411,1.817,18437521,25000,18412521,18437521,0,3181845,0,0.0,0.0,-1916888,1264957,0.009,1264957,-1916888,-2488539,-1.51,-1.51,-1.51,22965532,24105751,22965532,58283444,-30,46.075,-9894244,-4.656,1.0,23378975,0.157,5794304,571651,54055701,50867382,19778843,6911888,2130544,4781344,41728894,20268971,21459923,41203666,-2582090,-4573700,-7917009,16605347,0,8688338,-3700336,3283232,-7554094,-15998,-3213539,-3213539,-3213539,0,-1730647,-0.022,26430288,-3051313,11571156,0.0,1.794,-12.822,-13.358,5324488,0,20.17,0.278,0.289,21220794,18461347,148471659,148471659,1042496,-0.053,-0.133,-0.038,-0.013,0,22180477,1.0,2042789,2125224,2125224,69.862,59540885,606688,725000,8000,29.13,28590107
