ticker,dimension,calendardate,datekey,reportperiod,lastupdated,accoci,assets,assetsavg,assetsc,assetsnc,assetturnover,bvps,capex,cashneq,cashnequsd,cor,consolinc,currentratio,de,debt,debtc,debtnc,debtusd,deferredrev,depamor,deposits,divyield,dps,ebit,ebitda,ebitdamargin,ebitdausd,ebitusd,ebt,eps,epsdil,epsusd,equity,equityavg,equityusd,ev,evebit,evebitda,fcf,fcfps,fxusd,gp,grossmargin,intangibles,intexp,invcap,invcapavg,inventory,investments,investmentsc,investmentsnc,liabilities,liabilitiesc,liabilitiesnc,marketcap,ncf,ncfbus,ncfcommon,ncfdebt,ncfdiv,ncff,ncfi,ncfinv,ncfo,ncfx,netinc,netinccmn,netinccmnusd,netincdis,netincnci,netmargin,opex,opinc,payables,payoutratio,pb,pe,pe1,ppnenet,prefdivis,price,ps,ps1,receivables,retearn,revenue,revenueusd,rnd,roa,roe,roic,ros,sbcomp,sgna,sharefactor,sharesbas,shareswa,shareswadil,sps,tangibles,taxassets,taxexp,taxliabilities,tbvps,workingcapital
ALOT,MRY,2011-12-31,2012-01-31,2012-01-31,2018-04-11,121000,67062000,66111435,52478000,14584000,0.919,7.523,-1154000,11704000,11704000,38653000,3132000,6.344,0.205,0,0,0,0,298000,1576000,0,0.035,0.28,3035000,4611000,0.076,4611000,3035000,3035000,0.43,0.42,0.43,55663000,55106037,55663000,48888603,16,10.603,4318000,0.589,1.0,22071000,0.363,795000,0,46291000,46194038,10639000,12306000,11336000,970000,11399000,8272000,3127000,59543660,3984000,0,-169000,0,-2055000,-1918000,430000,1584000,5472000,0,3132000,3132000,3132000,-2391000,0,0.052,21062000,1009000,2282000,0.651,1.07,19.011,18.721,11171000,0,8.05,0.981,0.971,9339000,27920000,60724000,60724000,4323000,0.047,0.057,0.066,0.05,-98000,16739000,1.0,7396728,7325000,7429000,8.29,66267000,2328000,-97000,266000,8.956,44206000
ALOT,MRY,2012-12-31,2013-01-31,2013-01-31,2018-04-11,173000,79913000,69642092,70122000,9791000,0.879,8.695,-849000,32799000,32799000,37496000,10767000,5.185,0.252,0,0,0,0,271000,1331000,0,0.035,0.35,11614000,12945000,0.211,12945000,11614000,11614000,1.46,1.44,1.46,63837000,58260126,63837000,58585083,5,4.526,3014000,0.408,1.0,23728000,0.388,795000,0,32794000,41523767,11179000,9815000,9059000,756000,16076000,13525000,2551000,73374420,19295000,16800000,-439000,0,-2595000,-3034000,18466000,2515000,3863000,0,10767000,10767000,10767000,-8729000,0,0.176,20802000,2926000,1938000,0.24,1.149,6.815,6.849,7788000,0,10.0,1.198,1.208,9376000,36092000,61224000,61224000,3816000,0.155,0.185,0.28,0.19,480000,16986000,1.0,7337442,7396000,7483000,8.278,79118000,2222000,847000,4280000,10.776,56597000
ALOT,MRY,2013-12-31,2014-01-31,2014-01-31,2018-04-11,176000,77964000,76484750,65034000,12930000,0.897,8.843,-1128000,10141000,10141000,41609000,3212000,6.574,0.17,0,0,0,0,454000,1279000,0,0.02,0.28,3387000,4666000,0.068,4666000,3387000,3387000,0.43,0.42,0.43,66614000,64511750,66614000,87850888,25,18.828,-5590000,-0.748,1.0,26983000,0.393,4391000,0,53540000,51371000,15178000,19696000,19256000,440000,11350000,9892000,1458000,102624888,-22658000,-6732000,944000,0,-2103000,-1001000,-17717000,-9857000,-4462000,522000,3212000,3212000,3212000,-1975000,0,0.047,25450000,1533000,2374000,0.651,1.541,31.95,31.767,7592000,0,13.66,1.496,1.488,11366000,37201000,68592000,68592000,5072000,0.042,0.05,0.066,0.049,404000,20378000,1.0,7512803,7470000,7697000,9.182,73573000,1986000,175000,865000,9.767,55142000
ALOT,MRY,2014-12-31,2015-01-31,2015-01-31,2018-04-11,-699000,74330000,78355000,59289000,15041000,1.128,8.566,-2247000,7958000,7958000,51370000,4662000,6.196,0.17,0,0,0,0,621000,2063000,0,0.019,0.28,6932000,8995000,0.102,8995000,6932000,6932000,0.61,0.6,0.61,63511000,67729000,63511000,95000465,13,10.561,-756000,-0.099,1.0,36977000,0.419,3689000,0,53114000,53920500,15582000,15858000,15602000,256000,10819000,9569000,1250000,108230465,-383000,4155000,-5380000,0,-2128000,-7401000,5745000,3837000,1491000,-218000,4662000,4662000,4662000,0,0,0.053,29746000,7231000,3155000,0.459,1.704,23.215,24.508,8379000,0,14.95,1.225,1.288,14107000,39735000,88347000,88347000,5802000,0.059,0.069,0.129,0.078,404000,23944000,1.0,7239496,7612000,7834000,11.606,70641000,2629000,2270000,231000,9.528,49720000
ALOT,MRY,2015-12-31,2016-01-31,2016-01-31,2018-04-11,-975000,77963000,77045750,54514000,23449000,1.229,9.203,-3061000,10043000,10043000,56500000,4525000,5.709,0.157,0,0,0,0,529000,2065000,0,0.018,0.28,6909000,8974000,0.095,8974000,6909000,6909000,0.62,0.61,0.62,67373000,65960500,67373000,103880147,15,11.576,4666000,0.64,1.0,38158000,0.403,10501000,0,47871000,49237250,14890000,10376000,10376000,0,10590000,9548000,1042000,115176147,2085000,-7360000,387000,0,-2048000,-1596000,-3542000,5181000,7727000,-504000,4525000,4525000,4525000,0,0,0.048,32224000,5934000,3192000,0.452,1.71,25.453,25.306,9807000,0,15.69,1.217,1.208,15325000,42212000,94658000,94658000,6945000,0.059,0.069,0.14,0.073,1144000,25279000,1.0,7340736,7288000,7471000,12.988,67462000,3049000,2384000,260000,9.215,44966000
ALOT,MRY,2016-12-31,2017-01-31,2017-01-31,2018-04-11,-1056000,83665000,82026750,61423000,22242000,1.2,9.452,-764000,18098000,18098000,58959000,4228000,5.125,0.186,0,0,0,0,472000,2431000,0,0.02,0.28,6605000,9036000,0.092,9036000,6605000,6605000,0.57,0.56,0.57,70537000,69585250,70537000,85486664,12,9.461,6189000,0.834,1.0,39489000,0.401,9785000,0,43797000,44223250,19506000,6723000,6723000,0,13128000,11985000,1143000,103610664,8055000,0,79000,0,-2082000,-2003000,3121000,3885000,6953000,-16000,4228000,4228000,4228000,0,0,0.043,33208000,6281000,4957000,0.491,1.469,24.506,24.324,9280000,0,13.865,1.052,1.045,15702000,44358000,98448000,98448000,6314000,0.052,0.061,0.149,0.067,1019000,26894000,1.0,7472875,7421000,7572000,13.266,73880000,2811000,2377000,1460000,9.9,49438000
ALOT,MRY,2017-12-31,2018-01-31,2018-01-31,2018-04-11,-172000,122313000,103178750,63780000,58533000,1.099,9.443,-2204000,10177000,10177000,69399000,3286000,2.461,0.922,23146000,5498000,17648000,23146000,367000,3994000,0,0.021,0.28,5559000,9553000,0.084,9553000,5559000,5157000,0.48,0.47,0.48,63647000,64359750,63647000,105909836,19,11.087,1520000,0.22,1.0,44002000,0.388,46637000,402000,62733000,57991750,27609000,1511000,1511000,0,58666000,25912000,32754000,91274836,-7921000,-23880000,-10699000,23138000,-1944000,9057000,-20781000,5303000,3724000,79000,3286000,3286000,3286000,0,0,0.029,38590000,5412000,11808000,0.583,1.434,27.777,28.125,9752000,0,13.5,0.805,0.823,22400000,45700000,113401000,113401000,7453000,0.032,0.051,0.096,0.049,1583000,31137000,1.0,6761099,6911000,7015000,16.409,75676000,1829000,1871000,1382000,11.228,37868000
