ticker,dimension,calendardate,datekey,reportperiod,lastupdated,accoci,assets,assetsavg,assetsc,assetsnc,assetturnover,bvps,capex,cashneq,cashnequsd,cor,consolinc,currentratio,de,debt,debtc,debtnc,debtusd,deferredrev,depamor,deposits,divyield,dps,ebit,ebitda,ebitdamargin,ebitdausd,ebitusd,ebt,eps,epsdil,epsusd,equity,equityavg,equityusd,ev,evebit,evebitda,fcf,fcfps,fxusd,gp,grossmargin,intangibles,intexp,invcap,invcapavg,inventory,investments,investmentsc,investmentsnc,liabilities,liabilitiesc,liabilitiesnc,marketcap,ncf,ncfbus,ncfcommon,ncfdebt,ncfdiv,ncff,ncfi,ncfinv,ncfo,ncfx,netinc,netinccmn,netinccmnusd,netincdis,netincnci,netmargin,opex,opinc,payables,payoutratio,pb,pe,pe1,ppnenet,prefdivis,price,ps,ps1,receivables,retearn,revenue,revenueusd,rnd,roa,roe,roic,ros,sbcomp,sgna,sharefactor,sharesbas,shareswa,shareswadil,sps,tangibles,taxassets,taxexp,taxliabilities,tbvps,workingcapital
ALV,MRY,2011-12-31,2011-12-31,2011-12-31,2018-04-28,-42300000,6117300000,6072650000,3000300000,3117000000,1.356,37.545,-351600000,739200000,739200000,6504500000,627000000,1.438,0.827,666300000,302800000,363500000,666300000,0,268300000,0,0.032,1.73,886700000,1155000000,0.14,1155000000,886700000,824700000,6.99,6.65,6.99,3349000000,3246175000,3349000000,4846697738,5,4.196,406600000,4.558,1.0,1727900000,0.21,1716200000,62000000,2242300000,2366525000,623300000,279600000,0,279600000,2768300000,2085900000,682400000,4775397738,151500000,-23200000,12900000,-75800000,-154300000,-222900000,-372700000,0,758200000,-11100000,623400000,623400000,623400000,0,3600000,0.076,838700000,889200000,1083900000,0.247,1.426,7.66,7.652,1121200000,0,53.49,0.58,0.58,1457800000,2374600000,8232400000,8232400000,441500000,0.103,0.192,0.375,0.108,0,368700000,1.0,89276458,89200000,93700000,92.291,4401100000,25500000,201300000,63800000,49.34,914400000
ALV,MRY,2012-12-31,2012-12-31,2012-12-31,2018-04-28,-40500000,6570300000,6459550000,3289200000,3281100000,1.28,39.499,-355200000,977700000,977700000,6620500000,485600000,1.778,0.74,632700000,69800000,562900000,632700000,0,273200000,0,0.028,1.89,707800000,981000000,0.119,981000000,707800000,666100000,5.17,5.08,5.17,3776100000,3611975000,3776100000,6180066766,8,6.3,333300000,3.565,1.0,1646200000,0.199,1707000000,41700000,2668500000,2521125000,611000000,341300000,0,341300000,2794200000,1849800000,944400000,6432766766,238500000,-1800000,119200000,-30700000,-177600000,-91300000,-358200000,0,688500000,-500000,483100000,483100000,483100000,0,2500000,0.058,940800000,705400000,1055900000,0.366,1.704,13.316,13.035,1232800000,0,67.39,0.778,0.762,1509300000,2672500000,8266700000,8266700000,455400000,0.075,0.134,0.281,0.086,0,366700000,1.0,95455806,93500000,95100000,88.414,4863300000,27600000,183000000,53900000,50.871,1439400000
ALV,MRY,2013-12-31,2013-12-31,2013-12-31,2018-04-28,500000,6983000000,6892025000,3700400000,3282600000,1.277,42.154,-379300000,1118300000,1118300000,7098800000,489900000,1.524,0.746,618500000,339400000,279100000,618500000,0,286000000,0,0.022,2.0,762800000,1048800000,0.119,1048800000,762800000,729900000,5.09,5.07,5.09,4000400000,3925500000,4000400000,8308172259,10,7.922,458600000,4.802,1.0,1704600000,0.194,1687400000,32900000,2367300000,2593775000,661800000,259000000,0,259000000,2982600000,2428500000,554100000,8802972259,140600000,0,-120900000,-4500000,-191000000,-318300000,-377400000,0,837900000,-1600000,485800000,485800000,485800000,0,4100000,0.055,943200000,761400000,1199900000,0.393,2.201,18.121,18.035,1336200000,0,91.8,1.0,0.996,1688000000,2965900000,8803400000,8803400000,489300000,0.07,0.124,0.294,0.087,0,389900000,1.0,95892944,95500000,95900000,92.182,5295600000,56000000,244100000,74800000,55.802,1271900000
ALV,MRY,2014-12-31,2014-12-31,2014-12-31,2018-04-28,-253000000,7442900000,7635875000,4136200000,3306700000,1.21,38.373,-451000000,1529000000,1529000000,7436700000,469000000,1.934,1.162,1600800000,79600000,1521200000,1600800000,0,305400000,0,0.02,2.12,729200000,1034600000,0.112,1034600000,729200000,665800000,5.08,5.06,5.08,3442100000,3753200000,3442100000,9531474729,13,9.213,261700000,2.841,1.0,1803800000,0.195,1661200000,63400000,3714900000,3408625000,675500000,255300000,0,255300000,4000800000,2138600000,1862200000,9607274729,410700000,0,-583500000,1009100000,-194900000,226300000,-453000000,0,712700000,-75300000,467800000,467800000,467800000,0,1200000,0.051,1081200000,722600000,1091500000,0.417,2.791,20.537,20.89,1390200000,0,106.12,1.04,1.058,1706300000,3240000000,9240500000,9240500000,535600000,0.061,0.125,0.214,0.079,0,414900000,1.0,90532178,92100000,92400000,100.331,5781700000,54600000,198000000,69100000,64.456,1997600000
ALV,MRY,2015-12-31,2015-12-31,2015-12-31,2018-04-28,-408500000,7525500000,7387700000,4038300000,3487200000,1.241,39.321,-449600000,1333500000,1333500000,7325500000,457500000,1.814,1.17,1539000000,39600000,1499400000,1539000000,0,319100000,0,0.018,2.22,740100000,1059200000,0.116,1059200000,740100000,675000000,5.18,5.17,5.18,3468100000,3327825000,3468100000,11361960761,15,10.727,300900000,3.412,1.0,1844100000,0.201,1794300000,65100000,3710300000,3736450000,711400000,255800000,0,255800000,4057400000,2226400000,1831000000,10990060761,-195500000,-103100000,-84100000,-41200000,-195700000,-318900000,-591100000,0,750500000,-36000000,456800000,456800000,456800000,0,700000,0.05,1116300000,727800000,1169600000,0.429,3.169,24.059,24.087,1437100000,0,124.77,1.199,1.2,1787600000,3499400000,9169600000,9169600000,523800000,0.062,0.137,0.198,0.081,0,411500000,1.0,88082558,88200000,88400000,103.964,5731200000,33400000,218200000,71100000,64.98,1811900000
ALV,MRY,2016-12-31,2016-12-31,2016-12-31,2018-04-28,-565500000,8234400000,8231050000,4140900000,4093500000,1.224,44.517,-498600000,1226700000,1226700000,8016600000,561600000,1.594,1.097,1543400000,219800000,1323600000,1543400000,0,383000000,0,0.02,2.3,871700000,1254700000,0.125,1254700000,871700000,809300000,6.43,6.42,6.43,3926400000,3741525000,3926400000,10344765627,11,8.245,369800000,4.193,1.0,2057000000,0.204,2083200000,62400000,3870300000,4009825000,773400000,352200000,0,352200000,4308000000,2597600000,1710400000,9982565627,-106800000,-226300000,5900000,-2700000,-202800000,-200200000,-726000000,0,868400000,-49000000,567100000,567100000,567100000,0,-5500000,0.056,1209300000,847700000,1196500000,0.358,2.542,17.603,17.597,1658100000,0,113.15,0.991,0.991,1960100000,3861800000,10073600000,10073600000,651000000,0.069,0.152,0.217,0.087,0,476100000,1.0,88224177,88200000,88400000,114.213,6151200000,36000000,242200000,81600000,69.741,1543300000
ALV,MRY,2017-12-31,2017-12-31,2017-12-31,2018-04-28,-287500000,8549900000,8524075000,4204700000,4345200000,1.218,46.434,-569600000,959500000,959500000,8233600000,303000000,1.584,1.086,1341400000,19700000,1321700000,1341400000,0,425800000,0,0.019,2.38,691800000,1117600000,0.108,1117600000,691800000,630600000,4.88,4.87,4.88,4035100000,3926775000,4035100000,11596705412,16,10.376,366300000,4.186,1.0,2149000000,0.207,1853600000,61200000,4423600000,4300675000,859100000,518500000,0,518500000,4380500000,2654600000,1725900000,11050005412,-267200000,-123900000,-149100000,-208600000,-208700000,-566200000,-697300000,0,935900000,60400000,427100000,427100000,427100000,0,-124100000,0.041,1543700000,605300000,1280800000,0.488,2.738,25.872,26.041,1973100000,0,127.08,1.064,1.071,2157200000,4079200000,10382600000,10382600000,740900000,0.05,0.109,0.161,0.067,0,489700000,1.0,86953143,87500000,87700000,118.658,6696300000,0,203500000,0,77.058,1550100000
