ticker,dimension,calendardate,datekey,reportperiod,lastupdated,accoci,assets,assetsavg,assetsc,assetsnc,assetturnover,bvps,capex,cashneq,cashnequsd,cor,consolinc,currentratio,de,debt,debtc,debtnc,debtusd,deferredrev,depamor,deposits,divyield,dps,ebit,ebitda,ebitdamargin,ebitdausd,ebitusd,ebt,eps,epsdil,epsusd,equity,equityavg,equityusd,ev,evebit,evebitda,fcf,fcfps,fxusd,gp,grossmargin,intangibles,intexp,invcap,invcapavg,inventory,investments,investmentsc,investmentsnc,liabilities,liabilitiesc,liabilitiesnc,marketcap,ncf,ncfbus,ncfcommon,ncfdebt,ncfdiv,ncff,ncfi,ncfinv,ncfo,ncfx,netinc,netinccmn,netinccmnusd,netincdis,netincnci,netmargin,opex,opinc,payables,payoutratio,pb,pe,pe1,ppnenet,prefdivis,price,ps,ps1,receivables,retearn,revenue,revenueusd,rnd,roa,roe,roic,ros,sbcomp,sgna,sharefactor,sharesbas,shareswa,shareswadil,sps,tangibles,taxassets,taxexp,taxliabilities,tbvps,workingcapital
AMWD,MRY,2011-12-31,2011-04-30,2011-04-30,2018-03-12,-21938000,268370000,269346750,120416000,147954000,1.68,10.782,-8405000,69839000,69839000,399838000,-20018000,2.368,0.743,25583000,928000,24655000,25583000,0,26703000,0,0.022,0.45,-29388000,-2685000,-0.006,-2685000,-29388000,-29960000,-1.4,-1.4,-1.4,153965000,162392000,153965000,248807730,-8,-92.666,4791000,0.335,1.0,52751000,0.117,0,572000,173270000,180473000,24471000,0,0,0,114405000,50844000,63561000,290032730,2187000,2939000,399000,-892000,-5130000,-5543000,-5466000,0,13196000,0,-20018000,-20018000,-20018000,0,0,-0.044,83805000,-31054000,18569000,-0.321,1.884,-14.489,-14.507,107958000,0,20.31,0.641,0.641,31067000,83495000,452589000,452589000,0,-0.074,-0.123,-0.163,-0.065,3915000,83743000,1.0,14280292,14280292,,31.693,268370000,30636000,-9942000,0,18.793,69572000
AMWD,MRY,2012-12-31,2012-04-30,2012-04-30,2018-03-12,-27607000,265121000,264126000,131102000,134019000,1.953,9.042,-9974000,73684000,73684000,449339000,-20786000,2.214,1.039,24665000,875000,23790000,24665000,0,23387000,0,0.005,0.09,-32761000,-9374000,-0.018,-9374000,-32761000,-33288000,-1.45,-1.45,-1.45,130020000,141473000,130020000,209347756,-6,-22.333,6079000,0.423,1.0,66475000,0.129,0,527000,156881000,164984750,22340000,0,0,0,135101000,59221000,75880000,258118756,11200000,56000,18000,-1021000,-1287000,5065000,-9918000,0,16053000,0,-20786000,-20786000,-20786000,0,0,-0.04,99921000,-33446000,19492000,-0.062,1.985,-12.418,-12.379,80448000,0,17.95,0.5,0.5,32533000,61422000,515814000,515814000,0,-0.079,-0.147,-0.199,-0.064,3413000,83600000,1.0,14379875,14379875,,35.871,265121000,42055000,-12502000,0,18.437,71881000
AMWD,MRY,2013-12-31,2013-04-30,2013-04-30,2018-03-12,-32150000,293993000,273655750,177918000,116075000,2.304,9.948,-13539000,96971000,96971000,527781000,9758000,2.574,1.011,24749000,1155000,23594000,24749000,0,14431000,0,0.0,0.0,17383000,31814000,0.05,31814000,17383000,16740000,0.67,0.66,0.67,146195000,138155750,146195000,445911309,25,14.016,10988000,0.748,1.0,102656000,0.163,0,643000,152663000,159834500,29338000,0,0,0,147798000,69108000,78690000,494514309,30351000,6447000,5878000,-1019000,0,11941000,-6117000,0,24527000,0,9758000,9758000,9758000,0,0,0.015,85435000,17221000,23306000,0.0,3.383,50.678,50.224,79875000,0,33.65,0.784,0.784,39044000,71180000,630437000,630437000,0,0.036,0.071,0.109,0.028,3491000,84977000,1.0,14695819,14695819,,42.899,293993000,38743000,6982000,0,20.005,108810000
AMWD,MRY,2014-12-31,2014-04-30,2014-04-30,2018-03-12,-25980000,330064000,321650000,225416000,104648000,2.259,12.261,-11321000,135700000,135700000,602338000,20461000,2.95,0.732,21599000,1146000,20453000,21599000,0,14545000,0,0.0,0.0,34398000,48943000,0.067,48943000,34398000,33670000,1.34,1.31,1.34,190545000,175562500,190545000,365061073,10,7.459,29214000,1.88,1.0,124177000,0.171,0,728000,139544000,153076500,31523000,0,0,0,139519000,76419000,63100000,466367073,38729000,1644000,12189000,-4516000,0,7777000,-9583000,0,40535000,0,20461000,20461000,20461000,0,0,0.028,90089000,34088000,29175000,0.0,2.448,22.793,22.396,79620000,0,30.01,0.642,0.642,46475000,89154000,726515000,726515000,0,0.064,0.117,0.225,0.047,2441000,90417000,1.0,15540389,15540389,,46.75,330064000,27050000,13209000,0,21.239,148997000
AMWD,MRY,2015-12-31,2015-04-30,2015-04-30,2018-03-12,-40857000,398904000,364571500,271929000,126975000,2.264,14.452,-22356000,185041000,185041000,672933000,35499000,3.207,0.736,22955000,1457000,21498000,22955000,0,14526000,0,0.0,0.0,54902000,69428000,0.084,69428000,54902000,54387000,2.25,2.21,2.25,229842000,217403500,229842000,666033931,12,9.593,37808000,2.377,1.0,152532000,0.185,0,515000,152028000,147554250,35988000,0,0,0,169062000,84790000,84272000,806345931,13841000,1250000,9215000,191000,0,10283000,-56606000,-35500000,60164000,0,35499000,35499000,35499000,0,0,0.043,97837000,54695000,34288000,0.0,3.508,22.715,22.533,89864000,0,50.7,0.977,0.977,46142000,120698000,825465000,825465000,0,0.097,0.163,0.372,0.067,1610000,98077000,1.0,15904259,15904259,,51.902,398904000,33387000,18888000,0,25.082,187139000
AMWD,MRY,2016-12-31,2016-04-30,2016-04-30,2018-03-12,-47285000,466360000,446430500,302209000,164151000,2.121,17.25,-32273000,218463000,218463000,747351000,58723000,3.274,0.661,23719000,1574000,22145000,23719000,0,16456000,0,0.0,0.0,92164000,108620000,0.115,108620000,92164000,91786000,3.61,3.57,3.61,280761000,268685750,280761000,1005548147,10,9.257,42331000,2.601,1.0,199694000,0.211,0,378000,179303000,173044750,39319000,0,0,0,185599000,92313000,93286000,1185519147,24922000,0,-8479000,1649000,0,-8909000,-40773000,-8500000,74604000,0,58723000,58723000,58723000,0,0,0.062,106534000,93160000,35011000,0.0,4.223,20.188,20.177,104709000,0,72.84,1.252,1.252,55813000,164756000,947045000,947045000,0,0.132,0.219,0.533,0.097,-1359000,106534000,1.0,16275661,16275661,,58.188,466360000,32574000,33063000,0,28.654,209896000
AMWD,MRY,2017-12-31,2017-04-30,2017-04-30,2018-03-12,-40417000,501273000,494097000,339228000,162045000,2.085,21.712,-25494000,249228000,249228000,805612000,71199000,3.342,0.422,16877000,1598000,15279000,16877000,0,18682000,0,0.0,0.0,109810000,128492000,0.125,128492000,109810000,108925000,4.38,4.34,4.38,352449000,324364500,352449000,1276352237,11,9.933,51586000,3.178,1.0,224636000,0.218,0,885000,167425000,177148000,42859000,0,0,0,148824000,101497000,47327000,1491778237,2515000,0,-11041000,-8254000,0,-20821000,-53744000,-28250000,77080000,0,71199000,71199000,71199000,0,0,0.069,116398000,108238000,41312000,0.0,4.233,20.952,20.982,113678000,0,91.9,1.448,1.448,63115000,224031000,1030248000,1030248000,0,0.144,0.22,0.62,0.107,3469000,116398000,1.0,16232625,16232625,,63.468,501273000,18047000,37726000,0,30.881,237731000
