ticker,dimension,calendardate,datekey,reportperiod,lastupdated,accoci,assets,assetsavg,assetsc,assetsnc,assetturnover,bvps,capex,cashneq,cashnequsd,cor,consolinc,currentratio,de,debt,debtc,debtnc,debtusd,deferredrev,depamor,deposits,divyield,dps,ebit,ebitda,ebitdamargin,ebitdausd,ebitusd,ebt,eps,epsdil,epsusd,equity,equityavg,equityusd,ev,evebit,evebitda,fcf,fcfps,fxusd,gp,grossmargin,intangibles,intexp,invcap,invcapavg,inventory,investments,investmentsc,investmentsnc,liabilities,liabilitiesc,liabilitiesnc,marketcap,ncf,ncfbus,ncfcommon,ncfdebt,ncfdiv,ncff,ncfi,ncfinv,ncfo,ncfx,netinc,netinccmn,netinccmnusd,netincdis,netincnci,netmargin,opex,opinc,payables,payoutratio,pb,pe,pe1,ppnenet,prefdivis,price,ps,ps1,receivables,retearn,revenue,revenueusd,rnd,roa,roe,roic,ros,sbcomp,sgna,sharefactor,sharesbas,shareswa,shareswadil,sps,tangibles,taxassets,taxexp,taxliabilities,tbvps,workingcapital
ANCB,MRY,2011-12-31,2011-06-30,2011-06-30,2018-05-07,1774000,488935000,504136250,,,0.031,22.53,-239000,63757000,63757000,0,-8820000,,7.51,87289000,,,87289000,0,1111000,339474000,0.0,0.0,-8820000,-7709000,-0.493,-7709000,-8820000,-8820000,-3.28,-3.28,-3.28,57452000,51699750,57452000,59275000,-6,-7.689,8196000,3.214,1.0,15641000,1.0,0,0,512467000,556463000,0,395561000,,,431483000,,,23460000,30926000,0,23212000,-51034000,0,-44136000,66627000,66866000,8435000,0,-8820000,-8820000,-8820000,0,0,-0.564,24461000,-8820000,2882000,0.0,0.408,-2.66,-2.805,25673000,0,9.2,1.5,1.5,0,33458000,15641000,15641000,0,-0.017,-0.171,-0.016,-0.564,28000,17735000,1.0,2550000,2550000,,6.134,488935000,551000,0,0,191.739,
ANCB,MRY,2012-12-31,2012-06-30,2012-06-30,2018-05-07,-25000,470815000,483616000,,,0.042,21.186,-353000,78673000,78673000,0,-1712000,,7.715,65462000,,,65462000,0,924000,345798000,0.0,0.0,-1712000,-788000,-0.039,-788000,-1712000,-1712000,-0.7,-0.7,-0.7,54024000,54833250,54024000,20018000,-11,-25.404,1874000,0.735,1.0,20313000,1.0,0,0,457604000,478080000,0,368730000,,,416791000,,,26367000,14916000,0,0,-21827000,0,-15503000,28192000,28545000,2227000,0,-1712000,-1712000,-1712000,0,0,-0.084,22025000,-1712000,3767000,0.0,0.488,-15.401,-14.771,18921000,0,10.34,1.298,1.298,0,31746000,20313000,20313000,0,-0.004,-0.031,-0.004,-0.084,68000,17978000,1.0,2550000,2550000,,7.966,470815000,555000,0,0,184.633,
ANCB,MRY,2013-12-31,2013-06-30,2013-06-30,2018-05-07,-1521000,452179000,462149250,,,0.041,20.536,-976000,65353000,65353000,0,-255000,,7.635,65691000,,,65691000,0,946000,328584000,0.0,0.0,-255000,691000,0.036,691000,-255000,-255000,-0.1,-0.1,-0.1,52368000,53870500,52368000,45337500,-177,65.611,-2332000,-0.915,1.0,19137000,1.0,0,0,452517000,458815250,0,361436000,,,399811000,,,42763500,-13320000,0,0,229000,0,-16985000,5021000,5997000,-1356000,0,-255000,-255000,-255000,0,0,-0.013,19392000,-255000,3833000,0.0,0.817,-167.7,-167.7,17606000,0,16.77,2.235,2.235,0,31491000,19137000,19137000,0,-0.001,-0.005,-0.001,-0.013,95000,16796000,1.0,2550000,2550000,,7.505,452179000,555000,0,0,177.325,
ANCB,MRY,2014-12-31,2014-06-30,2014-06-30,2018-05-07,-760000,389128000,394242250,,,0.046,21.049,-1110000,14758000,14758000,0,423000,,6.25,18391000,,,18391000,0,608000,311034000,0.0,0.0,423000,1031000,0.057,1031000,423000,423000,0.17,0.17,0.17,53675000,52815500,53675000,45535850,107,44.167,6084000,2.386,1.0,18183000,1.0,0,0,392761000,392977500,0,354682000,,,335453000,,,48671850,-50595000,0,0,-47300000,0,-64850000,7061000,8171000,7194000,0,423000,423000,423000,0,0,0.023,17760000,423000,4313000,0.0,0.907,115.063,112.276,16380000,0,19.087,2.677,2.677,0,31914000,18183000,18183000,0,0.001,0.008,0.001,0.023,123000,16133000,1.0,2550000,2550000,,7.131,389128000,555000,0,0,152.599,
ANCB,MRY,2015-12-31,2015-06-30,2015-06-30,2018-05-07,-711000,379230000,380136000,,,0.048,24.989,-1328000,14450000,14450000,0,9827000,,4.951,11002000,,,11002000,0,665000,299812000,0.0,0.0,1506000,2171000,0.119,2171000,1506000,1506000,3.97,3.97,3.97,63722000,60811750,63722000,56047500,37,25.816,-308000,-0.121,1.0,18313000,1.0,0,0,375782000,379192750,0,340985000,,,315508000,,,57349500,-308000,0,0,-7389000,0,-18611000,17283000,18611000,1020000,0,9827000,9827000,9827000,0,0,0.537,16807000,1506000,2880000,0.0,0.9,5.836,5.665,11167000,0,22.49,3.132,3.132,0,41740000,18313000,18313000,0,0.026,0.162,0.004,0.082,172000,15629000,1.0,2550000,2550000,,7.182,379230000,8867000,-8321000,0,148.718,
ANCB,MRY,2016-12-31,2016-06-30,2016-06-30,2018-05-07,-549000,431504000,407964750,,,0.045,25.747,-285000,8320000,8320000,0,495000,,5.828,63114000,,,63114000,0,650000,300894000,0.0,0.0,534000,1184000,0.064,1184000,534000,534000,0.2,0.2,0.2,63196000,63468500,63196000,86887504,162,73.385,2711000,1.105,1.0,18559000,1.0,0,0,486298000,430730000,0,401645000,,,368308000,,,57999504,-6130000,0,-2952000,52112000,0,50026000,-59152000,-58867000,2996000,0,495000,495000,495000,0,0,0.027,18025000,534000,2609000,0.0,0.918,117.171,118.15,10374000,0,23.63,3.125,3.125,0,42235000,18559000,18559000,0,0.001,0.008,0.001,0.029,1985000,17669000,1.0,2454486,2454486,,7.561,431504000,8870000,39000,0,175.802,
ANCB,MRY,2017-12-31,2017-06-30,2017-06-30,2018-05-07,-771000,462525000,451212000,,,0.046,26.291,-62000,14194000,14194000,0,2350000,,6.024,46695000,,,46695000,0,703000,345187000,0.0,0.0,3389000,4092000,0.196,4092000,3389000,3389000,0.98,0.97,0.98,65851000,64675000,65851000,97539737,28,23.837,2278000,0.909,1.0,20912000,1.0,0,0,495026000,488030500,0,427956000,,,396674000,,,62743737,5874000,0,0,-16419000,0,27589000,-24055000,-23993000,2340000,0,2350000,2350000,2350000,0,0,0.112,17523000,3389000,3083000,0.0,0.953,26.699,25.561,10227000,0,25.05,3.0,3.0,0,44585000,20912000,20912000,0,0.005,0.036,0.007,0.162,812000,16983000,1.0,2504740,2504740,,8.349,462525000,8011000,1039000,0,184.66,
