ticker,dimension,calendardate,datekey,reportperiod,lastupdated,accoci,assets,assetsavg,assetsc,assetsnc,assetturnover,bvps,capex,cashneq,cashnequsd,cor,consolinc,currentratio,de,debt,debtc,debtnc,debtusd,deferredrev,depamor,deposits,divyield,dps,ebit,ebitda,ebitdamargin,ebitdausd,ebitusd,ebt,eps,epsdil,epsusd,equity,equityavg,equityusd,ev,evebit,evebitda,fcf,fcfps,fxusd,gp,grossmargin,intangibles,intexp,invcap,invcapavg,inventory,investments,investmentsc,investmentsnc,liabilities,liabilitiesc,liabilitiesnc,marketcap,ncf,ncfbus,ncfcommon,ncfdebt,ncfdiv,ncff,ncfi,ncfinv,ncfo,ncfx,netinc,netinccmn,netinccmnusd,netincdis,netincnci,netmargin,opex,opinc,payables,payoutratio,pb,pe,pe1,ppnenet,prefdivis,price,ps,ps1,receivables,retearn,revenue,revenueusd,rnd,roa,roe,roic,ros,sbcomp,sgna,sharefactor,sharesbas,shareswa,shareswadil,sps,tangibles,taxassets,taxexp,taxliabilities,tbvps,workingcapital
ANGO,MRY,2011-12-31,2011-05-31,2011-05-31,2018-04-05,-1273000,437421000,429288500,194305000,243116000,0.503,16.238,-2957000,45984000,45984000,90047000,8117000,7.618,0.078,6550000,275000,6275000,6550000,0,12579000,0,0.0,0.0,11197000,23776000,0.11,23776000,11197000,10698000,0.33,0.32,0.33,405639000,401525000,405639000,363477384,32,15.288,30913000,1.243,1.0,125703000,0.583,209988000,499000,162492000,155733500,28126000,85558000,85558000,0,31782000,25507000,6275000,392119384,-12779000,-1086000,2080000,-260000,0,1922000,-48620000,-44395000,33870000,49000,8117000,8117000,8117000,0,0,0.038,113740000,11963000,11391000,0.0,0.967,48.308,47.576,23804000,0,15.7,1.817,1.81,27141000,35269000,215750000,215750000,21373000,0.019,0.02,0.072,0.052,3868000,75951000,1.0,24975757,24870000,25133000,8.675,227433000,8656000,2581000,0,9.104,168798000
ANGO,MRY,2012-12-31,2012-05-31,2012-05-31,2018-04-05,-1274000,721769000,512893500,159238000,562531000,0.433,19.992,-2492000,23508000,23508000,96608000,-5183000,2.873,0.379,150000000,7500000,142500000,150000000,0,14676000,0,0.0,0.0,-4914000,9762000,0.044,9762000,-4914000,-5422000,-0.2,-0.2,-0.2,523520000,438757250,523520000,275646341,-56,28.237,9110000,0.359,1.0,125309000,0.565,456178000,508000,336661000,215379000,55823000,14070000,14070000,0,198249000,55422000,142827000,303348341,-22245000,-237741000,1252000,143450000,0,142338000,-176234000,70499000,11602000,49000,-5183000,-5183000,-5183000,0,0,-0.023,129217000,-3908000,29200000,0.0,0.579,-58.528,-60.2,55915000,0,12.04,1.367,1.377,51088000,30175000,221917000,221917000,20511000,-0.01,-0.012,-0.023,-0.022,3743000,83538000,1.0,25195045,25382000,25382000,8.743,265591000,44121000,-239000,0,10.142,103816000
ANGO,MRY,2013-12-31,2013-05-31,2013-05-31,2018-04-05,-1534000,790734000,771128500,141154000,649580000,0.443,15.072,-12120000,21802000,21802000,173402000,-1211000,2.229,0.503,142500000,7500000,135000000,142500000,0,27227000,0,0.0,0.0,3684000,30911000,0.09,30911000,3684000,-1587000,-0.03,-0.03,-0.03,526102000,526006500,526102000,509088712,138,16.469,14532000,0.417,1.0,168514000,0.493,570310000,5271000,277807000,299942000,55079000,2153000,2153000,0,264632000,63315000,201317000,381338712,-1937000,-24474000,1214000,-7500000,0,-6286000,-22238000,11855000,26652000,-65000,-1211000,-1211000,-1211000,0,0,-0.004,160643000,7871000,24470000,0.0,0.725,-314.896,-362.667,62391000,0,10.88,1.115,1.108,47681000,28835000,341916000,341916000,26319000,-0.002,-0.002,0.012,0.011,2965000,102307000,1.0,35049514,34817000,34817000,9.82,220424000,18579000,-376000,0,6.315,77839000
ANGO,MRY,2014-12-31,2014-05-31,2014-05-31,2018-04-05,-1269000,798891000,796927000,151722000,647169000,0.445,15.216,-11172000,16105000,16105000,174251000,2347000,2.273,0.488,142660000,5000000,137660000,142660000,0,28329000,0,0.0,0.0,8842000,37171000,0.105,37171000,8842000,5186000,0.07,0.07,0.07,536835000,533174500,536835000,639041673,72,17.192,13509000,0.384,1.0,180174000,0.508,565729000,3656000,292964000,284045250,61234000,1809000,1809000,0,262056000,66753000,195303000,507513673,-5697000,-4169000,2444000,160000,0,-14016000,-16448000,328000,24681000,86000,2347000,2347000,2347000,0,0,0.007,171595000,8579000,32895000,0.0,0.945,216.239,204.714,66590000,0,14.33,1.432,1.421,61968000,31501000,354425000,354425000,28124000,0.003,0.004,0.031,0.025,5356000,112207000,1.0,35416167,35136000,35440000,10.087,233162000,15538000,2839000,1835000,6.609,84969000
ANGO,MRY,2015-12-31,2015-05-31,2015-05-31,2018-04-05,-833000,773058000,787909750,150798000,622260000,0.453,15.13,-11383000,18391000,18391000,180738000,-3388000,2.492,0.418,137660000,8750000,128910000,137660000,0,29861000,0,0.0,0.0,-4938000,24923000,0.07,24923000,-4938000,-8131000,-0.09,-0.09,-0.09,545099000,543027500,545099000,705685694,-142,28.315,14302000,0.401,1.0,175796000,0.493,542904000,3193000,288908000,304120250,67388000,1689000,1689000,0,227959000,60515000,167444000,576479694,2286000,0,5757000,-5000000,0,-10465000,-12736000,0,25685000,-198000,-3388000,-3388000,-3388000,0,0,-0.01,187341000,-11545000,23048000,0.0,1.058,-170.153,-178.333,54450000,0,16.05,1.617,1.606,58428000,27575000,356534000,356534000,26594000,-0.004,-0.006,-0.016,-0.014,5998000,112382000,1.0,35917738,35683000,35683000,9.992,230154000,20278000,-4743000,1558000,6.388,90283000
ANGO,MRY,2016-12-31,2016-05-31,2016-05-31,2018-04-05,-791000,726194000,752966750,146254000,579940000,0.47,13.937,-2326000,32333000,32333000,179574000,-43590000,2.192,0.432,120541000,16250000,104291000,120541000,0,28115000,0,0.0,0.0,132000,28247000,0.08,28247000,132000,-3253000,-1.21,-1.21,-1.21,507228000,538183750,507228000,541281258,4100,19.162,42890000,1.186,1.0,174316000,0.493,527829000,3385000,219846000,264252000,55370000,1653000,1653000,0,218966000,66727000,152239000,436768258,13942000,0,2437000,-16250000,0,-23663000,-7569000,25000,45216000,-42000,-43590000,-43590000,-43590000,0,0,-0.123,172350000,1966000,15616000,0.0,0.861,-10.02,-9.926,48284000,0,12.01,1.234,1.227,52867000,-16015000,353890000,353890000,25053000,-0.058,-0.081,0.0,0.0,3240000,114326000,1.0,36367049,36161000,36161000,9.787,198365000,788000,40337000,21684000,5.45,79527000
ANGO,MRY,2017-12-31,2017-05-31,2017-05-31,2018-04-05,-1324000,707961000,712790000,153914000,554047000,0.491,13.996,-3001000,47544000,47544000,173474000,5008000,2.152,0.375,96320000,5000000,91320000,96320000,0,24811000,0,0.0,0.0,12686000,37497000,0.107,37497000,12686000,9847000,0.14,0.14,0.14,515027000,520710750,515027000,616596386,48,16.444,52744000,1.44,1.0,176169000,0.504,506927000,2839000,178294000,206560500,54506000,1215000,1215000,0,192934000,71516000,121418000,554648386,15211000,0,-2859000,-23910000,0,-37983000,-2551000,450000,55745000,0,5008000,5008000,5008000,0,0,0.014,178463000,-2294000,18087000,0.0,1.077,110.752,107.714,45234000,0,15.08,1.586,1.579,44523000,-11007000,349643000,349643000,25269000,0.007,0.01,0.061,0.036,6183000,110225000,1.0,36780397,36617000,36959000,9.549,201034000,336000,4839000,26112000,5.463,82398000
