ticker,dimension,calendardate,datekey,reportperiod,lastupdated,accoci,assets,assetsavg,assetsc,assetsnc,assetturnover,bvps,capex,cashneq,cashnequsd,cor,consolinc,currentratio,de,debt,debtc,debtnc,debtusd,deferredrev,depamor,deposits,divyield,dps,ebit,ebitda,ebitdamargin,ebitdausd,ebitusd,ebt,eps,epsdil,epsusd,equity,equityavg,equityusd,ev,evebit,evebitda,fcf,fcfps,fxusd,gp,grossmargin,intangibles,intexp,invcap,invcapavg,inventory,investments,investmentsc,investmentsnc,liabilities,liabilitiesc,liabilitiesnc,marketcap,ncf,ncfbus,ncfcommon,ncfdebt,ncfdiv,ncff,ncfi,ncfinv,ncfo,ncfx,netinc,netinccmn,netinccmnusd,netincdis,netincnci,netmargin,opex,opinc,payables,payoutratio,pb,pe,pe1,ppnenet,prefdivis,price,ps,ps1,receivables,retearn,revenue,revenueusd,rnd,roa,roe,roic,ros,sbcomp,sgna,sharefactor,sharesbas,shareswa,shareswadil,sps,tangibles,taxassets,taxexp,taxliabilities,tbvps,workingcapital
APOL,MRY,2011-12-31,2011-08-31,2011-08-31,2017-02-09,-23761000,3269706000,3228830000,2370786000,898920000,1.459,9.084,-162573000,1951071000,1951071000,2175372000,535796000,1.432,1.633,599009000,419318000,179691000,599009000,293436000,159006000,424045000,0.0,0.0,1000494000,1159500000,0.246,1159500000,1000494000,991563000,4.05,4.04,4.05,1240364000,1343271750,1240364000,4843567480,4,4.177,734549000,5.2,1.0,2535677000,0.538,254414000,8931000,7943000,10791500,0,5946000,0,5946000,2025717000,1655287000,370430000,6451113480,286895000,21251000,-758265000,-27874000,0,-775250000,164311000,10000000,897122000,712000,572427000,572427000,572427000,-6709000,-36631000,0.122,1579819000,955858000,69551000,0.0,5.201,11.27,11.563,553027000,0,46.83,1.369,1.404,215567000,4320472000,4711049000,4711049000,0,0.177,0.426,92.711,0.212,66026000,1009947000,1.0,137756000,141269000,141269000,33.348,3015292000,230715000,419136000,26400000,22.083,715499000
APOL,MRY,2012-12-31,2012-08-31,2012-08-31,2017-02-09,-30034000,2868322000,2695379750,1937990000,930332000,1.556,8.234,-115187000,1594709000,1594709000,2148497000,417006000,1.171,2.094,719911000,638588000,81323000,719911000,254555000,178234000,362143000,0.0,0.0,717202000,895436000,0.214,895436000,717202000,705457000,3.48,3.45,3.48,928378000,1060320500,928378000,2214084750,3,2.473,436113000,3.586,1.0,2044693000,0.488,252379000,11745000,86106000,-21519500,0,0,0,0,1943999000,1655039000,288960000,3044118750,-295289000,2698000,-799964000,66876000,0,-731938000,-114183000,0,551300000,-468000,422678000,422678000,422678000,-33499000,-5672000,0.101,1368325000,676368000,74872000,0.0,3.279,7.202,7.716,571629000,0,26.85,0.726,0.779,198279000,4743150000,4193190000,4193190000,0,0.157,0.399,-33.328,0.171,77555000,983571000,1.0,113375000,121607000,121607000,34.481,2615943000,173021000,282779000,15881000,23.202,282951000
APOL,MRY,2013-12-31,2013-08-31,2013-08-31,2017-02-09,-36563000,2997947000,2524970500,2149656000,848291000,1.431,9.881,-119348000,1673659000,1673659000,1796801000,248965000,1.369,1.682,692054000,628050000,64004000,692054000,213260000,224000000,309176000,0.0,0.0,441346000,665346000,0.184,665346000,441346000,432601000,2.2,2.19,2.2,1117598000,1071310500,1117598000,1087166950,2,1.634,358700000,3.182,1.0,1817050000,0.503,235812000,8745000,210215000,111989750,0,149750000,105809000,43941000,1879938000,1570315000,309623000,2095345950,138110000,0,-5670000,-26151000,0,-74304000,-264652000,-143804000,478048000,-982000,248526000,248526000,248526000,18512000,439000,0.069,1361071000,455979000,73123000,0.0,1.875,8.431,8.441,472614000,0,18.57,0.58,0.579,215401000,4978815000,3613851000,3613851000,0,0.098,0.232,3.941,0.122,49445000,955073000,1.0,112835000,112712000,112712000,32.063,2762135000,154547000,184075000,12177000,24.42,579341000
APOL,MRY,2014-12-31,2014-08-31,2014-08-31,2017-02-09,-27320000,3092935000,2654563250,2042550000,1050385000,1.129,10.793,-100666000,1452948000,1452948000,1498390000,204798000,1.323,1.566,657096000,609506000,47590000,657096000,225818000,158155000,280562000,0.0,0.0,344508000,502663000,0.168,502663000,344508000,336594000,1.88,1.86,1.88,1180126000,1195513750,1180126000,2222534930,6,4.422,275241000,2.472,1.0,1498475000,0.5,449266000,7914000,304417000,284497000,0,275283000,187472000,87811000,1847606000,1543400000,304206000,3046618930,-185672000,-119454000,-170916000,-36691000,0,-211358000,-350317000,-130803000,375907000,96000,209304000,209304000,209304000,16632000,-4506000,0.07,1143511000,354964000,63907000,0.0,2.582,14.556,14.771,435733000,0,27.77,1.017,1.032,225398000,5143949000,2996865000,2996865000,0,0.079,0.175,1.211,0.115,41534000,831802000,1.0,109709000,111354000,111354000,26.913,2643669000,155212000,127290000,22674000,24.178,499150000
APOL,MRY,2015-12-31,2015-08-31,2015-08-31,2017-02-09,-80579000,2201064000,2345183500,1223300000,977764000,1.094,10.603,-97961000,702074000,702074000,1417303000,24295000,1.47,0.912,45646000,14080000,31566000,45646000,186950000,144830000,245470000,0.0,0.0,94513000,239343000,0.093,239343000,94513000,87918000,0.28,0.27,0.28,1144558000,1161936250,1144558000,443629473,4,1.854,70621000,0.653,1.0,1148974000,0.448,390434000,6595000,321858000,349087750,0,290491000,194676000,95815000,1044091000,832344000,211747000,1196704473,-714888000,-31705000,-43185000,-608935000,0,-724740000,-154301000,-20007000,168582000,-4429000,29755000,29755000,29755000,23185000,-5460000,0.012,1034030000,114944000,64100000,0.0,1.046,40.219,39.679,370281000,0,11.11,0.466,0.468,198459000,5153452000,2566277000,2566277000,0,0.013,0.026,0.271,0.037,38433000,761421000,1.0,107714174,108092000,108092000,23.742,1810630000,130476000,58163000,7729000,16.773,390956000
APOL,MRY,2016-12-31,2016-08-31,2016-08-31,2017-02-09,-85957000,2012906000,2051857750,1088725000,924181000,1.024,9.825,-73074000,606194000,606194000,1219817000,-91030000,1.522,0.875,90795000,55609000,35186000,90795000,188092000,125730000,178160000,0.0,0.0,-68003000,57727000,0.027,57727000,-68003000,-74725000,-0.78,-0.78,-0.78,1070334000,1061394500,1070334000,480146269,-7,8.318,-27990000,-0.258,1.0,882033000,0.42,463845000,6722000,318185000,344137250,0,216644000,197886000,18758000,936312000,715477000,220835000,964881269,-39681000,-97277000,-3280000,20737000,0,17457000,-104986000,68805000,45084000,2764000,-84554000,-84554000,-84554000,9691000,-6476000,-0.04,947626000,-65593000,59640000,0.0,0.901,-11.411,-11.372,332702000,0,8.87,0.459,0.459,224990000,5024528000,2101850000,2101850000,0,-0.041,-0.08,-0.198,-0.032,32862000,600914000,1.0,108780301,108660000,108660000,19.343,1549061000,97653000,9829000,16323000,14.22,373248000
