ticker,dimension,calendardate,datekey,reportperiod,lastupdated,accoci,assets,assetsavg,assetsc,assetsnc,assetturnover,bvps,capex,cashneq,cashnequsd,cor,consolinc,currentratio,de,debt,debtc,debtnc,debtusd,deferredrev,depamor,deposits,divyield,dps,ebit,ebitda,ebitdamargin,ebitdausd,ebitusd,ebt,eps,epsdil,epsusd,equity,equityavg,equityusd,ev,evebit,evebitda,fcf,fcfps,fxusd,gp,grossmargin,intangibles,intexp,invcap,invcapavg,inventory,investments,investmentsc,investmentsnc,liabilities,liabilitiesc,liabilitiesnc,marketcap,ncf,ncfbus,ncfcommon,ncfdebt,ncfdiv,ncff,ncfi,ncfinv,ncfo,ncfx,netinc,netinccmn,netinccmnusd,netincdis,netincnci,netmargin,opex,opinc,payables,payoutratio,pb,pe,pe1,ppnenet,prefdivis,price,ps,ps1,receivables,retearn,revenue,revenueusd,rnd,roa,roe,roic,ros,sbcomp,sgna,sharefactor,sharesbas,shareswa,shareswadil,sps,tangibles,taxassets,taxexp,taxliabilities,tbvps,workingcapital
ARAY,MRY,2011-12-31,2011-06-30,2011-06-30,2018-05-02,127000,455784000,306878750,285722000,170062000,0.724,3.68,-4022000,99078000,99078000,115042000,-26682000,1.407,0.938,0,0,0,0,74244000,7566000,25829000,0.0,0.0,-25566000,-18000000,-0.081,-18000000,-25566000,-25566000,-0.44,-0.44,-0.44,229775000,188834000,229775000,424489047,-16,-23.583,8381000,0.139,1.0,107242000,0.482,120513000,0,33149000,103094500,97836000,0,0,0,215457000,203044000,12413000,481843047,50472000,-70265000,5601000,0,0,5601000,31417000,105704000,12403000,1051000,-26682000,-26682000,-26682000,25000,0,-0.12,135071000,-27829000,38645000,0.0,2.097,-18.059,-18.205,44823000,0,8.01,2.168,2.165,61853000,-144385000,222284000,222284000,41301000,-0.087,-0.141,-0.248,-0.115,13365000,93770000,1.0,60155187,60085000,60085000,3.699,335271000,0,1116000,0,5.369,82678000
ARAY,MRY,2012-12-31,2012-06-30,2012-06-30,2018-05-02,2837000,473170000,489492500,316258000,156912000,0.836,2.737,-10769000,145064000,145064000,271951000,-72042000,1.816,1.377,79466000,0,79466000,79466000,92746000,32592000,18177000,0.0,0.0,-69447000,-36855000,-0.09,-36855000,-69447000,-69447000,-1.02,-1.02,-1.02,195625000,215281500,195625000,409939576,-5,-11.123,-49048000,-0.692,1.0,137272000,0.335,109034000,0,124364000,130753500,81693000,0,0,0,269303000,174174000,95129000,486262576,47598000,-1384000,4449000,96100000,0,100549000,-12153000,0,-38279000,-2519000,-72042000,-72042000,-72042000,692000,0,-0.176,193506000,-56234000,18209000,0.0,2.486,-6.75,-6.686,37458000,0,6.82,1.188,1.181,67890000,-216427000,409223000,409223000,81287000,-0.147,-0.335,-0.531,-0.17,8458000,112219000,1.0,71299498,70887000,70887000,5.773,364136000,0,2595000,0,5.095,142084000
ARAY,MRY,2013-12-31,2013-06-30,2013-06-30,2018-05-02,1882000,475929000,456664750,335935000,139994000,0.692,1.439,-15126000,76041000,76041000,218334000,-103219000,2.155,3.455,198768000,0,198768000,198768000,95978000,25564000,17692000,0.0,0.0,-99646000,-74082000,-0.234,-74082000,-99646000,-99646000,-1.41,-1.41,-1.41,106835000,138165000,106835000,438944105,-4,-5.925,-81303000,-1.109,1.0,97640000,0.309,91264000,0,351533000,216529000,81592000,101084000,101084000,0,369094000,155859000,213235000,425425105,-70191000,-3861000,7455000,110462000,0,117917000,-121622000,-102403000,-66177000,-309000,-103219000,-103219000,-103219000,5858000,0,-0.327,190495000,-92855000,15920000,0.0,3.982,-4.122,-4.071,34733000,0,5.74,1.346,1.331,55458000,-319646000,315974000,315974000,66197000,-0.226,-0.747,-0.46,-0.315,8216000,112098000,1.0,74115872,73281000,73281000,4.312,384665000,0,3573000,0,5.18,180076000
ARAY,MRY,2014-12-31,2014-06-30,2014-06-30,2018-05-02,1815000,495188000,486156000,364470000,130718000,0.76,1.282,-11931000,93838000,93838000,226619000,-35448000,1.975,4.025,195612000,0,195612000,195612000,101959000,20564000,19804000,0.0,0.0,-32360000,-11796000,-0.032,-11796000,-32360000,-32360000,-0.47,-0.47,-0.47,98548000,96054750,98548000,786840104,-24,-66.704,-11585000,-0.153,1.0,142800000,0.387,81608000,0,330785000,345368500,87752000,79553000,79553000,0,396640000,184569000,212071000,675526104,19033000,0,9054000,-417000,0,8377000,8492000,20423000,346000,1818000,-35448000,-35448000,-35448000,0,0,-0.096,160944000,-18144000,15639000,0.0,6.855,-19.057,-18.723,34391000,0,8.8,1.829,1.806,72152000,-355094000,369419000,369419000,53724000,-0.073,-0.369,-0.094,-0.088,11313000,107220000,1.0,76764330,75804000,75804000,4.873,413580000,0,3088000,0,5.38,179901000
ARAY,MRY,2015-12-31,2015-06-30,2015-06-30,2018-05-02,-426000,466773000,464408500,354329000,112444000,0.818,0.957,-10445000,83285000,83285000,234399000,-40209000,2.085,5.16,199655000,0,199655000,199655000,107269000,19493000,19385000,0.0,0.0,-37790000,-18297000,-0.048,-18297000,-37790000,-37790000,-0.51,-0.51,-0.51,75780000,77175500,75780000,635052816,-16,-34.708,-24854000,-0.318,1.0,145402000,0.383,73618000,0,339610000,321682750,106151000,64306000,64306000,0,390993000,169915000,221078000,532370816,-10582000,0,6555000,0,0,5895000,3689000,14134000,-14409000,-5757000,-40209000,-40209000,-40209000,0,0,-0.106,164571000,-19169000,13096000,0.0,7.025,-13.24,-13.216,31829000,0,6.74,1.402,1.389,77727000,-395303000,379801000,379801000,55752000,-0.087,-0.521,-0.117,-0.099,13930000,108819000,1.0,78986768,78277000,78277000,4.852,393155000,0,2419000,0,4.966,184414000
ARAY,MRY,2016-12-31,2016-06-30,2016-06-30,2018-05-02,-960000,469033000,473545000,361680000,107353000,0.842,0.736,-8066000,122133000,122133000,240087000,-25504000,1.721,6.862,210412000,39900000,170512000,210412000,109716000,18296000,22123000,0.0,0.0,-23168000,-4872000,-0.012,-4872000,-23168000,-23168000,-0.32,-0.32,-0.32,59660000,61751500,59660000,549436051,-23,-112.774,22859000,0.284,1.0,158713000,0.398,65459000,0,281641000,272894500,115987000,47239000,47239000,0,409373000,210212000,199161000,419998051,37424000,0,3849000,-1774000,0,-757000,8262000,16328000,30925000,-1006000,-25504000,-25504000,-25504000,0,0,-0.064,163586000,-4873000,15229000,0.0,7.04,-16.468,-16.219,27878000,0,5.19,1.053,1.048,56810000,-420807000,398800000,398800000,56652000,-0.054,-0.413,-0.085,-0.058,12638000,106934000,1.0,80924480,80509000,80509000,4.953,403574000,0,2336000,0,4.978,151468000
ARAY,MRY,2017-12-31,2017-06-30,2017-06-30,2018-05-02,-52000,406464000,415301750,309003000,97461000,0.923,0.559,-5031000,85235000,85235000,242073000,-29579000,1.086,7.735,164571000,113023000,51548000,164571000,101608000,18043000,16926000,0.0,0.0,-28541000,-10498000,-0.027,-10498000,-28541000,-28541000,-0.36,-0.36,-0.36,46533000,48003000,46533000,489882588,-17,-46.664,-5411000,-0.066,1.0,141341000,0.369,58776000,0,142532000,212905750,105054000,23909000,23909000,0,359931000,284492000,75439000,394254588,-36898000,0,3786000,-56905000,0,-54538000,17823000,23187000,-380000,197000,-29579000,-29579000,-29579000,0,0,-0.077,151164000,-9823000,17486000,0.0,8.473,-13.329,-13.194,23062000,0,4.75,1.028,1.022,72789000,-450386000,383414000,383414000,49921000,-0.071,-0.616,-0.134,-0.074,13629000,101243000,1.0,83000966,82495000,82495000,4.648,347688000,0,1038000,0,4.18,24511000
