ticker,dimension,calendardate,datekey,reportperiod,lastupdated,accoci,assets,assetsavg,assetsc,assetsnc,assetturnover,bvps,capex,cashneq,cashnequsd,cor,consolinc,currentratio,de,debt,debtc,debtnc,debtusd,deferredrev,depamor,deposits,divyield,dps,ebit,ebitda,ebitdamargin,ebitdausd,ebitusd,ebt,eps,epsdil,epsusd,equity,equityavg,equityusd,ev,evebit,evebitda,fcf,fcfps,fxusd,gp,grossmargin,intangibles,intexp,invcap,invcapavg,inventory,investments,investmentsc,investmentsnc,liabilities,liabilitiesc,liabilitiesnc,marketcap,ncf,ncfbus,ncfcommon,ncfdebt,ncfdiv,ncff,ncfi,ncfinv,ncfo,ncfx,netinc,netinccmn,netinccmnusd,netincdis,netincnci,netmargin,opex,opinc,payables,payoutratio,pb,pe,pe1,ppnenet,prefdivis,price,ps,ps1,receivables,retearn,revenue,revenueusd,rnd,roa,roe,roic,ros,sbcomp,sgna,sharefactor,sharesbas,shareswa,shareswadil,sps,tangibles,taxassets,taxexp,taxliabilities,tbvps,workingcapital
ARCI,MRY,2011-12-31,2011-12-31,2011-12-31,2017-11-15,-361000,46809000,46437750,31895000,14914000,2.728,2.755,-1746000,4401000,4401000,89934000,4722000,1.56,1.939,18925000,11674000,7251000,18925000,0,1303000,0,0.0,0.0,6961000,8264000,0.065,8264000,6961000,5828000,0.81,0.77,0.81,15180000,13601000,15180000,40081998,5,4.85,-370000,-0.067,1.0,36735000,0.29,1120000,1133000,39763000,36853750,18456000,0,0,0,29429000,20450000,8979000,27453998,1336000,0,117000,920000,0,1090000,-1045000,0,1376000,-85000,4461000,4461000,4461000,0,261000,0.035,29491000,7244000,4323000,0.0,1.809,6.154,6.171,12535000,0,4.998,0.217,0.217,7445000,-4797000,126669000,126669000,0,0.096,0.328,0.189,0.055,428000,29491000,1.0,5492777,5497000,5821000,23.043,45689000,592000,1367000,875000,8.294,11445000
ARCI,MRY,2012-12-31,2012-12-29,2012-12-29,2017-11-15,-290000,41804000,46299500,28558000,13246000,2.467,2.094,-818000,3174000,3174000,84915000,-4456000,1.365,2.455,17871000,11514000,6357000,17871000,0,1221000,0,0.0,0.0,-2630000,-1409000,-0.012,-1409000,-2630000,-3769000,-0.69,-0.69,-0.69,11638000,13815500,11638000,24401145,-9,-17.318,-267000,-0.048,1.0,29320000,0.257,0,1139000,35574000,37941750,17274000,0,0,0,28570000,20927000,7643000,7167145,-1227000,0,86000,-1116000,0,-1030000,-818000,0,551000,70000,-3852000,-3852000,-3852000,0,-604000,-0.034,32542000,-3222000,4957000,0.0,0.616,-1.861,-1.87,12248000,0,1.29,0.063,0.063,6256000,-8649000,114235000,114235000,0,-0.083,-0.279,-0.069,-0.023,153000,31460000,1.0,5555927,5551000,5551000,20.579,41804000,547000,83000,1067000,7.523,7631000
ARCI,MRY,2013-12-31,2013-12-28,2013-12-28,2017-11-15,-478000,46263000,42674500,33391000,12872000,2.997,2.286,-491000,2448000,2448000,95187000,3462000,1.36,2.482,16239000,10792000,5447000,16239000,0,1369000,0,0.0,0.0,2991000,4360000,0.034,4360000,2991000,1739000,0.57,0.55,0.57,12737000,12710500,12737000,27270131,9,6.255,1249000,0.225,1.0,32691000,0.256,0,1252000,35496000,33220500,16654000,0,0,0,31615000,24558000,7057000,16155131,-1226000,0,36000,-1839000,0,-1803000,-991000,0,1740000,-172000,3147000,3147000,3147000,0,315000,0.025,29295000,3396000,5880000,0.0,1.268,5.134,5.088,11424000,0,2.9,0.126,0.126,12278000,-7631000,127878000,127878000,0,0.074,0.248,0.09,0.023,233000,29295000,1.0,5570927,5562000,5742000,22.991,46263000,1910000,-1408000,1092000,8.304,8833000
ARCI,MRY,2014-12-31,2015-01-03,2015-01-03,2017-11-15,-675000,46960000,45674250,34477000,12483000,2.867,2.346,-802000,3523000,3523000,98120000,795000,1.385,2.31,15493000,10375000,5118000,15493000,0,1355000,0,0.0,0.0,2481000,3836000,0.029,3836000,2481000,1485000,0.14,0.13,0.14,13602000,15933500,13602000,26637867,10,6.944,2793000,0.492,1.0,32810000,0.251,0,996000,34042000,36244250,16113000,0,0,0,31423000,24888000,6535000,15425867,1575000,0,24000,-1547000,0,-1523000,-302000,0,3595000,-195000,771000,771000,771000,0,24000,0.006,30259000,2551000,6380000,0.0,1.134,20.008,19.036,11761000,0,2.665,0.118,0.116,10954000,-6860000,130930000,130930000,0,0.017,0.048,0.068,0.019,267000,30259000,1.0,5788318,5676000,5780000,23.067,46960000,2805000,714000,1048000,8.098,9589000
ARCI,MRY,2015-12-31,2016-01-02,2016-01-02,2017-11-15,-565000,46779000,46696250,32714000,14065000,2.395,1.92,-397000,2469000,2469000,86391000,-3932000,1.095,3.067,18425000,13919000,4506000,18425000,0,1270000,0,0.0,0.0,-3139000,-1869000,-0.017,-1869000,-3139000,-4431000,-0.47,-0.47,-0.47,11324000,11864750,11324000,20750858,-6,-11.103,-3806000,-0.652,1.0,25448000,0.228,0,1292000,32863000,31529000,16733000,0,0,0,34735000,29872000,4863000,6195858,-1554000,0,24000,2999000,0,3012000,-949000,0,-3409000,-208000,-2717000,-2717000,-2717000,0,-1215000,-0.024,29552000,-4104000,7019000,0.0,0.547,-2.28,-2.234,10985000,0,1.05,0.055,0.055,11536000,-9577000,111839000,111839000,0,-0.058,-0.229,-0.1,-0.028,316000,29552000,1.0,5900818,5833000,5833000,19.173,46779000,3110000,-1714000,0,7.93,2842000
ARCI,MRY,2016-12-31,2016-12-31,2016-12-31,2017-11-15,-574000,41856000,41976250,28545000,13311000,2.468,1.626,-375000,1468000,1468000,74924000,-1765000,1.04,2.948,15252000,12426000,2826000,15252000,0,1264000,0,0.0,0.0,-81000,1183000,0.011,1183000,-81000,-1500000,-0.24,-0.23,-0.24,10397000,10112750,10397000,20661008,-255,17.465,2284000,0.377,1.0,28665000,0.277,57000,1419000,28126000,27234500,16291000,0,0,0,30647000,27457000,3190000,7454008,-1001000,0,0,-3224000,0,-3224000,-412000,0,2659000,-24000,-1451000,-1451000,-1451000,0,-314000,-0.014,29210000,-545000,6143000,0.0,0.717,-5.137,-4.667,10116000,0,1.12,0.072,0.065,10509000,-11028000,103589000,103589000,0,-0.035,-0.143,-0.003,-0.001,245000,29210000,1.0,6655365,6054000,6221000,17.111,41799000,2097000,-49000,0,6.535,1088000
