ticker,dimension,calendardate,datekey,reportperiod,lastupdated,accoci,assets,assetsavg,assetsc,assetsnc,assetturnover,bvps,capex,cashneq,cashnequsd,cor,consolinc,currentratio,de,debt,debtc,debtnc,debtusd,deferredrev,depamor,deposits,divyield,dps,ebit,ebitda,ebitdamargin,ebitdausd,ebitusd,ebt,eps,epsdil,epsusd,equity,equityavg,equityusd,ev,evebit,evebitda,fcf,fcfps,fxusd,gp,grossmargin,intangibles,intexp,invcap,invcapavg,inventory,investments,investmentsc,investmentsnc,liabilities,liabilitiesc,liabilitiesnc,marketcap,ncf,ncfbus,ncfcommon,ncfdebt,ncfdiv,ncff,ncfi,ncfinv,ncfo,ncfx,netinc,netinccmn,netinccmnusd,netincdis,netincnci,netmargin,opex,opinc,payables,payoutratio,pb,pe,pe1,ppnenet,prefdivis,price,ps,ps1,receivables,retearn,revenue,revenueusd,rnd,roa,roe,roic,ros,sbcomp,sgna,sharefactor,sharesbas,shareswa,shareswadil,sps,tangibles,taxassets,taxexp,taxliabilities,tbvps,workingcapital
ARCW,MRY,2011-12-31,2011-12-31,2011-12-31,2018-05-11,0,12340000,12410250,11990000,350000,0.267,1.155,-127000,11055000,11055000,2137000,-646000,17.031,0.061,49000,49000,0,49000,0,184000,0,0.0,0.0,-646000,-462000,-0.139,-462000,-646000,-646000,-0.164,-0.164,-0.164,11636000,11924250,11636000,-1749209,2,3.786,-535000,-0.135,1.0,1176000,0.355,116000,0,514000,723000,185000,0,0,0,704000,704000,0,9366790,-595000,0,0,-46000,0,-46000,-141000,0,-408000,0,-646000,-646000,-646000,0,0,-0.195,1860000,-684000,293000,0.0,0.805,-14.5,-14.411,227000,0,2.363,2.827,2.827,740000,-9164000,3313000,3313000,0,-0.052,-0.054,-0.893,-0.195,0,1860000,1.0,3963269,3962820,3962820,0.836,12224000,0,0,0,1.213,11286000
ARCW,MRY,2012-12-31,2012-06-30,2012-06-30,2018-05-11,0,21333000,14709000,9672000,11661000,3.099,1.137,-628000,1448000,1448000,27697000,7458000,2.643,0.789,6868000,1491000,5377000,6868000,132000,725000,0,0.0,0.0,7506000,8231000,0.181,8231000,7506000,6802000,0.672,0.672,0.672,11452000,11569750,11452000,-1844776,0,-0.224,5534000,0.549,1.0,17884000,0.392,6835000,704000,16258000,4389250,3649000,0,0,0,9037000,3660000,5377000,9212223,-292000,0,0,-1187000,-4204000,-5653000,-801000,0,6162000,0,6802000,6802000,6802000,0,656000,0.149,9763000,8121000,1077000,0.0,0.804,1.354,3.459,4473000,0,2.324,0.202,0.514,3487000,9146000,45581000,45581000,0,0.462,0.588,1.71,0.165,0,9763000,1.0,3963269,10074250,10074250,4.525,14498000,0,0,0,1.439,6012000
ARCW,MRY,2013-12-31,2013-06-30,2013-06-30,2018-05-11,0,66672000,68486750,26291000,40381000,1.0,1.737,-818000,3601000,3601000,50194000,3330000,1.613,1.662,32064000,7410000,24654000,32064000,1103000,3393000,0,0.0,0.0,4903000,8296000,0.121,8296000,4903000,3761000,0.22,0.22,0.22,24637000,22650500,24637000,64051875,13,7.721,6596000,0.48,1.0,18292000,0.267,16119000,1142000,62715000,67730750,10780000,0,0,0,40955000,16301000,24654000,30064875,2153000,-13348000,-1000,9351000,-539000,8737000,-13998000,0,7414000,0,3039000,3039000,3039000,0,291000,0.044,13257000,5035000,5516000,0.0,1.22,9.893,9.636,24051000,0,2.12,0.439,0.425,10364000,11627000,68486000,68486000,0,0.044,0.134,0.072,0.072,0,11620000,1.0,14181545,13742683,13742683,4.983,50553000,0,722000,0,3.565,9990000
ARCW,MRY,2014-12-31,2014-06-30,2014-06-30,2018-05-11,0,136389000,86092000,42558000,93831000,0.963,2.068,-4098000,9384000,9384000,58693000,4744000,1.241,3.462,83023000,15543000,67480000,83023000,1016000,4385000,0,0.0,0.0,8326000,12711000,0.153,12711000,8326000,6927000,0.31,0.31,0.31,30345000,28958000,30345000,252211599,30,19.842,6967000,0.478,1.0,24233000,0.292,47182000,1399000,128552000,78361000,15231000,0,0,0,105048000,34294000,70754000,226596599,5783000,-46640000,102000,45354000,0,45456000,-50738000,0,11065000,0,4516000,4516000,4516000,0,228000,0.054,16267000,7966000,9430000,0.0,7.467,50.176,49.032,45268000,0,15.2,2.733,2.674,15337000,16143000,82926000,82926000,0,0.052,0.156,0.106,0.1,701000,15731000,1.0,14907671,14590297,14590297,5.684,89207000,1232000,2411000,674000,6.079,8264000
ARCW,MRY,2015-12-31,2015-06-30,2015-06-30,2018-05-11,-58000,126023000,130805000,39594000,86429000,0.86,2.556,-4810000,4821000,4821000,87057000,-2000,1.76,1.741,61607000,6852000,54755000,61607000,991000,9459000,0,0.0,0.0,6145000,15604000,0.139,15604000,6145000,1297000,-0.01,-0.01,-0.01,45535000,34199250,45535000,174976641,28,11.214,325000,0.021,1.0,25448000,0.226,41242000,4848000,119069000,129339750,16386000,0,0,0,79282000,22498000,56784000,98209641,-4563000,0,15460000,-21796000,0,-6336000,-3304000,0,5135000,-58000,-212000,-212000,-212000,0,210000,-0.002,19359000,6089000,7338000,0.0,2.157,-463.253,-530.0,43813000,0,5.3,0.873,0.728,15385000,15931000,112505000,112505000,0,-0.002,-0.006,0.048,0.055,0,19172000,1.0,18530121,15458404,15458404,7.278,84781000,672000,1509000,1126000,4.759,17096000
ARCW,MRY,2016-12-31,2016-06-30,2016-06-30,2018-05-11,-6000,120512000,121769500,40636000,79876000,0.773,2.394,-2633000,3620000,3620000,77261000,-2206000,1.243,1.751,55184000,16485000,38699000,55184000,1457000,9529000,0,0.0,0.0,1644000,11173000,0.119,11173000,1644000,-2805000,-0.13,-0.13,-0.13,43383000,44216250,43383000,98037670,59,8.775,3833000,0.211,1.0,16863000,0.179,32781000,4449000,106595000,114463750,15500000,0,0,0,75969000,32700000,43269000,43229670,-1201000,8000,0,-4999000,0,-4999000,-2625000,0,6466000,-43000,-2314000,-2314000,-2314000,0,108000,-0.025,16401000,462000,8469000,0.0,0.996,-18.682,-17.692,41644000,0,2.3,0.459,0.443,13677000,13771000,94124000,94124000,0,-0.019,-0.052,0.014,0.017,177000,16401000,1.0,18795509,18123883,18123883,5.193,87731000,498000,-491000,803000,4.841,7936000
ARCW,MRY,2017-12-31,2017-06-30,2017-06-30,2018-05-11,73000,99623000,110192500,30054000,69569000,0.899,1.908,-6641000,593000,593000,89247000,-10173000,1.69,1.874,47881000,3171000,44710000,47881000,1165000,9930000,0,0.0,0.0,-8822000,1108000,0.011,1108000,-8822000,-12830000,-0.56,-0.56,-0.56,34667000,43335750,34667000,98601813,-11,88.991,-3791000,-0.209,1.0,9822000,0.099,26036000,4008000,103090000,106108500,14369000,0,0,0,64956000,17785000,47171000,51225813,-3027000,10538000,98000,-9344000,0,-9934000,3897000,0,2850000,160000,-10199000,-10199000,-10199000,0,26000,-0.103,22566000,-12744000,8681000,0.0,1.478,-5.023,-5.034,41349000,0,2.819,0.517,0.516,10488000,3569000,99069000,99069000,0,-0.093,-0.235,-0.083,-0.089,752000,19263000,1.0,18171626,18142719,18142719,5.461,73587000,0,-2631000,0,4.05,12269000
