ticker,dimension,calendardate,datekey,reportperiod,lastupdated,accoci,assets,assetsavg,assetsc,assetsnc,assetturnover,bvps,capex,cashneq,cashnequsd,cor,consolinc,currentratio,de,debt,debtc,debtnc,debtusd,deferredrev,depamor,deposits,divyield,dps,ebit,ebitda,ebitdamargin,ebitdausd,ebitusd,ebt,eps,epsdil,epsusd,equity,equityavg,equityusd,ev,evebit,evebitda,fcf,fcfps,fxusd,gp,grossmargin,intangibles,intexp,invcap,invcapavg,inventory,investments,investmentsc,investmentsnc,liabilities,liabilitiesc,liabilitiesnc,marketcap,ncf,ncfbus,ncfcommon,ncfdebt,ncfdiv,ncff,ncfi,ncfinv,ncfo,ncfx,netinc,netinccmn,netinccmnusd,netincdis,netincnci,netmargin,opex,opinc,payables,payoutratio,pb,pe,pe1,ppnenet,prefdivis,price,ps,ps1,receivables,retearn,revenue,revenueusd,rnd,roa,roe,roic,ros,sbcomp,sgna,sharefactor,sharesbas,shareswa,shareswadil,sps,tangibles,taxassets,taxexp,taxliabilities,tbvps,workingcapital
ARTW,MRY,2011-12-31,2011-11-30,2011-11-30,2018-04-02,0,25855077,26951495,16695555,9159522,1.025,3.66,-859324,118924,118924,20612750,1248895,3.653,0.755,7845086,2101927,5743159,7845086,74052,780169,338484,0.01,0.06,2009472,2789641,0.101,2789641,2009472,1580934,0.31,0.31,0.31,14730541,13976235,14730541,33139922,16,11.88,1508762,0.375,1.0,7007010,0.254,435000,428538,28575766,28583599,13249105,0,0,0,11124536,4570473,6554063,24263827,-198179,0,74429,-1306958,-241551,-1474080,-1092185,0,2368086,0,1248895,1248895,1248895,0,0,0.045,5077246,1929764,341738,0.194,1.647,19.428,19.452,8085719,0,6.03,0.878,0.877,2195099,12229049,27619760,27619760,433766,0.046,0.089,0.07,0.073,58311,4643480,1.0,4023852,4018196,4049268,6.874,25420077,933497,332039,1161900,6.316,12125082
ARTW,MRY,2012-12-31,2012-11-30,2012-11-30,2018-04-02,0,31228676,31840101,20125762,11102914,1.145,4.231,-799598,1546609,1546609,26424567,2665087,3.377,0.829,8466134,1165177,7300957,8466134,1125666,852910,232300,0.018,0.1,4401621,5254531,0.144,5254531,4401621,3988027,0.66,0.66,0.66,17071222,16215950,17071222,31201952,7,5.938,4204673,1.043,1.0,10032263,0.275,993729,413594,31195467,31749959,14327482,0,0,0,14157454,5959005,8198449,22156020,1427681,-3003565,9110,621048,-403585,226573,-3803163,0,5004271,0,2665087,2665087,2665087,0,0,0.073,5704438,4327825,654322,0.152,1.298,8.313,8.318,9562698,0,5.49,0.608,0.607,2880065,14490551,36456830,36456830,331061,0.084,0.164,0.139,0.121,34519,5373377,1.0,4035852,4032643,4049516,9.04,30234947,1061806,1322940,1718792,7.493,14166757
ARTW,MRY,2013-12-31,2013-11-30,2013-11-30,2018-04-02,0,32767621,31832344,19751372,13016249,1.075,4.524,-6590,207950,207950,25860107,1551376,2.717,0.791,10830923,4578964,6251959,10830923,17721,704457,147505,0.016,0.1,2502484,3206941,0.094,3206941,2502484,2205844,0.38,0.38,0.38,18294145,18277738,18294145,31614874,12,9.858,-8934,-0.002,1.0,8366446,0.244,993729,296640,35127993,31734709,14922525,0,0,0,14473476,7268872,7204604,25261907,-1338659,-3483151,46390,2364789,-404655,2006524,-3342839,0,-2344,0,1551376,1551376,1551376,0,0,0.045,6549306,1817140,806207,0.263,1.381,16.284,16.445,11900202,0,6.249,0.738,0.738,3042141,15637272,34226553,34226553,514086,0.049,0.085,0.079,0.073,29812,6035220,1.0,4042552,4039530,4049791,8.473,31773892,1336610,654468,952645,7.858,12482500
ARTW,MRY,2014-12-31,2014-11-30,2014-11-30,2018-04-02,0,32846342,34177926,20065961,12780381,1.058,4.755,-617208,511716,511716,27445242,935247,3.085,0.706,9802332,3853003,5949329,9802332,96382,906702,95411,0.0,0.0,1654404,2561106,0.071,2561106,1654404,1302505,0.23,0.23,0.23,19251656,18617049,19251656,33567266,20,13.107,1324597,0.327,1.0,8724569,0.241,993729,351899,34639452,35873720,15089280,0,0,0,13594686,6503777,7090909,21417244,303766,0,7760,-1028591,0,-1020831,-617208,0,1941805,0,935247,935247,935247,0,0,0.026,7059731,1664838,874653,0.0,1.112,22.9,23.0,11680792,0,5.29,0.592,0.592,2979377,16572519,36169811,36169811,482057,0.027,0.05,0.046,0.046,14504,6577674,1.0,4048552,4047796,4052703,8.936,31852613,1360360,367258,1141580,7.868,13562184
ARTW,MRY,2015-12-31,2015-11-30,2015-11-30,2018-04-02,0,31331608,33000096,19962319,11369289,0.798,4.56,-238923,447231,447231,19414382,-557842,2.72,0.692,9066217,5155495,3910722,9066217,86858,821990,162797,0.016,0.05,-456412,365578,0.014,365578,-456412,-758693,-0.14,-0.14,-0.14,18519866,18977475,18519866,21998751,-48,60.175,46008,0.011,1.0,6911768,0.263,375000,302281,32237480,33721808,15184436,0,0,0,12811742,7338114,5473628,12337475,-64485,0,0,229774,-202432,-95779,-253637,0,284931,0,-557842,-557842,-557842,248193,0,-0.021,6988580,-76812,495867,-0.357,0.666,-22.116,-21.7,7824263,0,3.038,0.469,0.468,2089200,15812245,26326150,26326150,433290,-0.017,-0.029,-0.014,-0.017,28484,5936561,1.0,4061052,4058382,4058382,6.487,30956608,1492154,-200851,846960,7.623,12624205
ARTW,MRY,2016-12-31,2016-11-30,2016-11-30,2018-04-02,-302232,27242590,28554882,17621919,9620671,0.755,4.253,-274089,1063716,1063716,16237766,-821334,2.497,0.559,6479169,5092051,1387118,6479169,4297,671967,289195,0.0,0.0,-669355,2612,0.0,2612,-669355,-917935,-0.2,-0.2,-0.2,17476279,18249723,17476279,19663267,-29,7528.05,2107687,0.514,1.0,5319883,0.247,375000,248580,25226537,27613172,13529352,0,0,0,9766311,7056506,2709805,13354419,616485,0,0,-2587048,0,-2681837,916546,0,2381776,0,-821334,-821334,-821334,395152,0,-0.038,5751330,-431447,469481,0.0,0.764,-16.259,-16.25,7387187,0,3.25,0.619,0.618,1528400,14990911,21557649,21557649,429910,-0.029,-0.045,-0.024,-0.031,79979,5276562,1.0,4109052,4097748,4097748,5.261,26867590,1332664,-96601,737519,6.539,10565413
ARTW,MRY,2017-12-31,2017-11-30,2017-11-30,2018-04-02,-257010,24379833,26108235,14432771,9947062,0.793,3.845,-513614,212400,212400,16632979,-1637081,2.858,0.525,5432437,2683760,2748677,5432437,48211,702349,600325,0.0,0.0,-1741257,-1038908,-0.05,-1038908,-1741257,-2060879,-0.39,-0.39,-0.39,15991034,16719277,15991034,17214601,-9,-16.57,233785,0.056,1.0,4082101,0.197,375000,319622,24175114,23120517,11966722,0,0,0,8388799,5049756,3339043,11230293,-851316,0,-6425,-1046732,0,-1169518,-429197,0,747399,0,-1637081,-1637081,-1637081,267722,0,-0.079,5804143,-1722042,673653,0.0,0.702,-6.86,-6.924,5946957,0,2.7,0.542,0.541,1975440,13353830,20715080,20715080,501182,-0.063,-0.098,-0.075,-0.084,113039,5232961,1.0,4158752,4151406,4151406,4.99,24004833,901396,-423798,3100,5.772,9383015
