ticker,dimension,calendardate,datekey,reportperiod,lastupdated,accoci,assets,assetsavg,assetsc,assetsnc,assetturnover,bvps,capex,cashneq,cashnequsd,cor,consolinc,currentratio,de,debt,debtc,debtnc,debtusd,deferredrev,depamor,deposits,divyield,dps,ebit,ebitda,ebitdamargin,ebitdausd,ebitusd,ebt,eps,epsdil,epsusd,equity,equityavg,equityusd,ev,evebit,evebitda,fcf,fcfps,fxusd,gp,grossmargin,intangibles,intexp,invcap,invcapavg,inventory,investments,investmentsc,investmentsnc,liabilities,liabilitiesc,liabilitiesnc,marketcap,ncf,ncfbus,ncfcommon,ncfdebt,ncfdiv,ncff,ncfi,ncfinv,ncfo,ncfx,netinc,netinccmn,netinccmnusd,netincdis,netincnci,netmargin,opex,opinc,payables,payoutratio,pb,pe,pe1,ppnenet,prefdivis,price,ps,ps1,receivables,retearn,revenue,revenueusd,rnd,roa,roe,roic,ros,sbcomp,sgna,sharefactor,sharesbas,shareswa,shareswadil,sps,tangibles,taxassets,taxexp,taxliabilities,tbvps,workingcapital
ARUN,MRY,2011-12-31,2011-07-31,2011-07-31,2017-04-15,127000,488056000,381119000,397857000,90199000,1.04,3.311,-9898000,80773000,80773000,122703000,70688000,3.109,0.413,0,0,0,0,68451000,15042000,0,0.0,0.0,-947000,14095000,0.036,14095000,-947000,-947000,0.7,0.6,0.7,345342000,256402500,345342000,2311390403,-2440,163.987,48092000,0.479,1.0,273811000,0.691,54006000,0,225320000,148215500,29895000,153185000,153185000,0,142714000,127957000,14757000,2388635403,49519000,-4303000,36640000,0,0,36446000,-44916000,-30715000,57990000,-1000,70688000,70688000,70688000,0,0,0.178,278560000,-4749000,11278000,0.0,6.917,33.791,32.786,14772000,0,22.95,6.024,5.805,68598000,-104942000,396514000,396514000,84890000,0.185,0.276,-0.006,-0.002,63944000,193670000,1.0,104079974,100299000,117117000,3.953,434050000,72638000,-71635000,767000,4.161,269900000
ARUN,MRY,2012-12-31,2012-07-31,2012-07-31,2017-04-15,-1405000,648896000,588298750,513443000,135453000,0.878,4.212,-13044000,133629000,133629000,151438000,-8851000,3.26,0.39,0,0,0,0,102977000,19123000,0,0.0,0.0,13560000,32683000,0.063,32683000,13560000,13560000,-0.08,-0.08,-0.08,466890000,430700750,466890000,1470921992,108,45.006,99817000,0.918,1.0,365331000,0.707,83983000,0,273771000,275751000,22202000,212601000,212601000,0,182006000,157513000,24493000,1590975992,52856000,-22505000,14895000,0,0,36467000,-96327000,-60778000,112861000,-145000,-8851000,-8851000,-8851000,0,0,-0.017,354596000,10735000,22504000,0.0,3.408,-179.751,-177.25,19901000,0,14.18,3.079,2.985,80190000,-113793000,516769000,516769000,109448000,-0.015,-0.021,0.049,0.026,62340000,245148000,1.0,112198589,108774000,108774000,4.751,564913000,55248000,22411000,2032000,5.097,355930000
ARUN,MRY,2013-12-31,2013-07-31,2013-07-31,2017-04-15,-1540000,746743000,714950250,598710000,148033000,0.839,4.17,-20655000,144919000,144919000,176479000,-31608000,2.604,0.568,0,0,0,0,141343000,23701000,0,0.0,0.0,-10225000,13476000,0.022,13476000,-10225000,-10225000,-0.28,-0.28,-0.28,476225000,498518000,476225000,1852459830,-181,137.464,132558000,1.17,1.0,423565000,0.706,94179000,0,277695000,285409500,28895000,269882000,269882000,0,270518000,229950000,40568000,2029905830,11290000,-16767000,-53017000,0,0,-43111000,-98831000,-61409000,153213000,19000,-31608000,-31608000,-31608000,0,0,-0.053,435581000,-12016000,24891000,0.0,4.262,-64.221,-63.5,27536000,0,17.78,3.383,3.357,93191000,-145401000,600044000,600044000,139746000,-0.044,-0.063,-0.036,-0.017,86320000,281835000,1.0,114167932,113284000,113284000,5.297,652564000,48864000,21383000,662000,5.714,368760000
ARUN,MRY,2014-12-31,2014-07-31,2014-07-31,2017-04-15,-1523000,629660000,625844750,483505000,146155000,1.165,3.103,-22167000,118594000,118594000,224781000,-28965000,2.019,0.894,0,0,0,0,180137000,29495000,0,0.0,0.0,405000,29900000,0.041,29900000,405000,405000,-0.27,-0.27,-0.27,332496000,349899500,332496000,1806202369,4459,60.408,90525000,0.835,1.0,504152000,0.692,86747000,0,184818000,202342000,39836000,166359000,166359000,0,297164000,239501000,57663000,1942018369,-26325000,0,-237292000,0,0,-218470000,79453000,101620000,112692000,0,-28965000,-28965000,-28965000,0,0,-0.04,504417000,-265000,23763000,0.0,5.841,-67.047,-66.148,27261000,0,17.86,2.664,2.657,102256000,-174366000,728933000,728933000,169328000,-0.046,-0.083,0.002,0.001,92359000,334839000,1.0,108735631,108443000,108443000,6.722,542913000,49638000,29370000,0,5.067,244004000
