ticker,dimension,calendardate,datekey,reportperiod,lastupdated,accoci,assets,assetsavg,assetsc,assetsnc,assetturnover,bvps,capex,cashneq,cashnequsd,cor,consolinc,currentratio,de,debt,debtc,debtnc,debtusd,deferredrev,depamor,deposits,divyield,dps,ebit,ebitda,ebitdamargin,ebitdausd,ebitusd,ebt,eps,epsdil,epsusd,equity,equityavg,equityusd,ev,evebit,evebitda,fcf,fcfps,fxusd,gp,grossmargin,intangibles,intexp,invcap,invcapavg,inventory,investments,investmentsc,investmentsnc,liabilities,liabilitiesc,liabilitiesnc,marketcap,ncf,ncfbus,ncfcommon,ncfdebt,ncfdiv,ncff,ncfi,ncfinv,ncfo,ncfx,netinc,netinccmn,netinccmnusd,netincdis,netincnci,netmargin,opex,opinc,payables,payoutratio,pb,pe,pe1,ppnenet,prefdivis,price,ps,ps1,receivables,retearn,revenue,revenueusd,rnd,roa,roe,roic,ros,sbcomp,sgna,sharefactor,sharesbas,shareswa,shareswadil,sps,tangibles,taxassets,taxexp,taxliabilities,tbvps,workingcapital
ASFI,MRY,2011-12-31,2011-09-30,2011-09-30,2017-08-09,-290000,248051000,249275000,,,0.173,11.819,-475000,94438000,94438000,0,10521000,,0.434,71604000,,,71604000,0,262000,0,0.01,0.08,20639000,20901000,0.484,20901000,20639000,17623000,0.72,0.71,0.72,172956000,169556250,172956000,87985658,4,4.21,16267000,1.112,1.0,43167000,1.0,0,3016000,225217000,231050750,0,128710000,,,75095000,,,118701658,9046000,0,-49000,-23265000,-1169000,-24210000,16514000,17034000,16742000,0,10521000,10521000,10521000,0,0,0.244,22528000,20639000,293000,0.111,0.686,11.282,11.264,563000,0,8.11,2.75,2.748,2084000,98377000,43167000,43167000,0,0.042,0.062,0.089,0.478,2055000,21807000,1.0,14636456,14626973,14827608,2.951,248051000,17727000,7102000,31000,16.951,
ASFI,MRY,2012-12-31,2012-09-30,2012-09-30,2017-08-09,241000,233164000,241606250,,,0.185,12.971,-638000,48723000,48723000,0,9959000,,0.384,61463000,,,61463000,0,380000,0,0.009,0.08,19264000,19644000,0.439,19644000,19264000,16725000,0.71,0.69,0.71,168490000,172913250,168490000,133396096,6,6.791,16960000,1.205,1.0,44706000,1.0,0,2539000,245904000,235447750,0,164195000,,,64643000,,,121890096,-79394000,0,-15546000,-10141000,-1144000,-26888000,-70104000,-69466000,17598000,0,9928000,9928000,9928000,0,31000,0.222,25411000,19295000,260000,0.113,0.723,12.277,13.225,821000,0,9.39,2.726,2.957,2042000,107303000,44706000,44706000,0,0.041,0.057,0.082,0.431,1623000,23640000,1.0,12980841,14077650,14321381,3.176,233164000,12467000,6797000,0,17.95,
ASFI,MRY,2013-12-31,2013-09-30,2013-09-30,2017-08-09,-674000,207847000,222700750,,,0.179,13.092,-725000,36147000,36147000,0,2415000,,0.225,35760000,,,35760000,0,440000,0,0.009,0.08,4203000,4643000,0.117,4643000,4203000,2903000,0.16,0.15,0.16,169785000,168954500,169785000,121443976,28,26.156,15754000,1.216,1.0,39811000,1.0,1410000,1300000,206050000,228523250,0,151693000,,,38246000,,,115276976,30226000,0,-1454000,-25703000,-1290000,-28948000,42695000,43420000,16479000,0,2009000,2009000,2009000,0,406000,0.05,35202000,4609000,0,0.5,0.679,57.38,55.563,1106000,0,8.89,2.896,2.892,1169000,109011000,39811000,39811000,0,0.009,0.012,0.018,0.106,1956000,24212000,1.0,12967039,12952150,13216051,3.074,206437000,11939000,894000,0,15.918,
ASFI,MRY,2014-12-31,2014-09-30,2014-09-30,2017-08-09,142000,217138000,224272750,,,0.268,14.013,-13000,28710000,28710000,0,6429000,,0.197,32295000,,,32295000,0,363000,0,0.0,0.0,11774000,12137000,0.202,12137000,11774000,10514000,0.45,0.45,0.45,181969000,177853750,181969000,108029917,9,8.901,-2158000,-0.166,1.0,60085000,1.0,2770000,1260000,217953000,234594000,0,128595000,,,35882000,,,106612917,-6469000,-5588000,40000,-3227000,0,-3276000,-1048000,4553000,-2145000,0,5901000,5901000,5901000,0,528000,0.098,47783000,12302000,0,0.0,0.586,18.067,18.244,756000,0,8.21,1.774,1.774,1026000,118595000,60085000,60085000,0,0.026,0.033,0.05,0.196,1744000,28192000,1.0,12985739,12981076,13205933,4.629,214368000,7216000,4613000,0,16.508,
ASFI,MRY,2015-12-31,2015-09-30,2015-09-30,2017-08-09,-1685000,237372000,230926000,,,0.191,13.979,-90000,24315000,24315000,0,2728000,,0.307,51611000,,,51611000,0,366000,0,0.0,0.0,6533000,6899000,0.156,6899000,6533000,4138000,0.15,0.15,0.15,182317000,183376500,182317000,130465956,19,18.911,-21215000,-1.626,1.0,44178000,1.0,2770000,2395000,261898000,246322250,0,116242000,,,56052000,,,111408956,-4395000,0,-1275000,19316000,0,17045000,-315000,-225000,-21125000,0,2016000,2016000,2016000,0,712000,0.046,36933000,7245000,0,0.0,0.611,55.262,56.867,480000,0,8.53,2.522,2.519,1422000,120611000,44178000,44178000,0,0.009,0.011,0.027,0.148,1434000,36933000,1.0,13060839,13044215,13314605,3.387,234602000,19023000,2122000,0,17.988,
ASFI,MRY,2016-12-31,2016-09-30,2016-09-30,2017-08-09,86000,255399000,243983250,,,0.241,15.305,-175000,18526000,18526000,0,10628000,,0.404,67435000,,,67435000,0,497000,0,0.0,0.0,13984000,14481000,0.247,14481000,13984000,10761000,0.66,0.63,0.66,182383000,178299000,182383000,169946602,12,11.736,4863000,0.405,1.0,58713000,1.0,2770000,3223000,301538000,283061250,0,122314000,,,73661000,,,124390602,-5789000,0,-9970000,15824000,0,4365000,-15192000,-15017000,5038000,0,7860000,7860000,7860000,0,2768000,0.134,41961000,16752000,0,0.0,0.682,15.826,15.909,243000,0,10.5,2.119,2.145,1005000,128063000,58713000,58713000,0,0.032,0.044,0.049,0.238,686000,41797000,1.0,11846724,11996500,12508561,4.894,252629000,16410000,2901000,252000,21.2,
