ticker,dimension,calendardate,datekey,reportperiod,lastupdated,accoci,assets,assetsavg,assetsc,assetsnc,assetturnover,bvps,capex,cashneq,cashnequsd,cor,consolinc,currentratio,de,debt,debtc,debtnc,debtusd,deferredrev,depamor,deposits,divyield,dps,ebit,ebitda,ebitdamargin,ebitdausd,ebitusd,ebt,eps,epsdil,epsusd,equity,equityavg,equityusd,ev,evebit,evebitda,fcf,fcfps,fxusd,gp,grossmargin,intangibles,intexp,invcap,invcapavg,inventory,investments,investmentsc,investmentsnc,liabilities,liabilitiesc,liabilitiesnc,marketcap,ncf,ncfbus,ncfcommon,ncfdebt,ncfdiv,ncff,ncfi,ncfinv,ncfo,ncfx,netinc,netinccmn,netinccmnusd,netincdis,netincnci,netmargin,opex,opinc,payables,payoutratio,pb,pe,pe1,ppnenet,prefdivis,price,ps,ps1,receivables,retearn,revenue,revenueusd,rnd,roa,roe,roic,ros,sbcomp,sgna,sharefactor,sharesbas,shareswa,shareswadil,sps,tangibles,taxassets,taxexp,taxliabilities,tbvps,workingcapital
AUY,MRY,2011-12-31,2011-12-31,2011-12-31,2018-03-29,0,10769940000,10544516000,1102652000,9667288000,0.206,9.998,-785789000,550438000,550438000,1073451000,548294000,2.229,0.44,503181000,1545000,501636000,503181000,0,356759000,0,0.011,0.155,866510000,1223269000,0.563,1223269000,866510000,818184000,0.74,0.74,0.74,7444723000,7242097000,7444723000,11046661704,12,9.03,439993000,0.591,1.0,1099874000,0.506,75346000,48326000,10152706000,10082418500,163421000,274816000,9629000,265187000,3278417000,494631000,2783786000,10890609704,219940000,0,0,-55000000,-100108000,-151568000,-837185000,-25443000,1225782000,-17089000,548294000,548294000,548294000,0,0,0.252,193931000,905943000,358198000,0.209,1.463,19.863,19.851,9039430000,0,14.69,5.011,5.033,206101000,1240867000,2173325000,2173325000,32398000,0.052,0.076,0.086,0.399,20429000,121381000,1.0,741362131,744600000,746144000,2.919,10694594000,156785000,269890000,2130376000,14.363,608021000
AUY,MRY,2012-12-31,2012-12-31,2012-12-31,2018-03-29,0,11800163000,11285051500,924153000,10876010000,0.207,10.447,-1517716000,349594000,349594000,1215492000,442064000,1.381,0.504,888835000,13790000,875045000,888835000,0,383738000,0,0.014,0.24,872746000,1256484000,0.538,1256484000,872746000,815128000,0.59,0.59,0.59,7815078000,7629900500,7815078000,12717651703,14,10.122,-359659000,-0.481,1.0,1121270000,0.48,98514000,57618000,11571871000,10862288500,230216000,259431000,4516000,254915000,3938285000,669019000,3269266000,12834775703,-200844000,0,0,332368000,-168244000,146399000,-1498030000,-2796000,1158057000,-7270000,442064000,442064000,442064000,0,0,0.189,303245000,818025000,522932000,0.407,1.642,29.034,29.169,10276071000,0,17.21,5.493,5.51,175297000,1503016000,2336762000,2336762000,58049000,0.039,0.058,0.08,0.373,26293000,145856000,1.0,745774300,748095000,749591000,3.124,11701649000,124843000,373064000,2176231000,15.642,255134000
AUY,MRY,2013-12-31,2013-12-31,2013-12-31,2018-03-29,0,11410717000,11605440000,716873000,10693844000,0.159,9.485,-950934000,220018000,220018000,1301904000,-474351000,1.125,0.596,1441355000,157445000,1283910000,1441355000,0,401115000,0,0.03,0.26,-333059000,68056000,0.037,68056000,-333059000,-360835000,-0.59,-0.59,-0.59,7139409000,7477243500,7139409000,7023398596,-21,103.2,-297799000,-0.396,1.0,540778000,0.293,65548000,27776000,11929358000,11750614500,229225000,256020000,81304000,174716000,4252612000,637148000,3615464000,6484157596,-129576000,0,0,494014000,-196199000,283843000,-1053410000,-16130000,653135000,-13144000,-446247000,-446247000,-446247000,172021000,28104000,-0.242,750864000,-210086000,414720000,-0.441,0.908,-14.53,-14.61,10260801000,0,8.62,3.519,3.521,80101000,860507000,1842682000,1842682000,30151000,-0.038,-0.06,-0.028,-0.181,7682000,135320000,1.0,752222459,752697000,752697000,2.448,11345169000,121599000,85412000,2077999000,15.073,79725000
AUY,MRY,2014-12-31,2014-12-31,2014-12-31,2018-03-29,0,12484000000,11947358500,776500000,11707500000,0.154,8.18,-662100000,191000000,191000000,1549300000,-1383100000,1.058,0.857,2284900000,204800000,2080100000,2284900000,0,503500000,0,0.032,0.129,-949300000,-445800000,-0.243,-445800000,-949300000,-1024300000,-1.69,-1.69,-1.69,6714100000,6926754500,6714100000,4186789524,-4,-9.392,-132700000,-0.162,1.0,285800000,0.156,493200000,75000000,13350800000,12640079000,299500000,221700000,111800000,109900000,5751200000,733900000,5017300000,3028280524,-28400000,-403500000,0,773900000,-142900000,540100000,-1096800000,-17000000,529400000,-1100000,-1383100000,-1383100000,-1383100000,188200000,0,-0.754,1084500000,-798700000,407900000,-0.076,0.451,-2.189,-2.379,10927600000,0,4.02,1.65,1.798,51000000,-630300000,1835100000,1835100000,20000000,-0.116,-0.2,-0.075,-0.517,5800000,122400000,1.0,753303613,820782000,822505000,2.236,11990800000,112900000,358800000,2620100000,14.609,42600000
AUY,MRY,2015-12-31,2015-12-31,2015-12-31,2018-03-29,0,9518100000,11001050000,649000000,8869100000,0.156,5.169,-353800000,119900000,119900000,2988000000,-2114800000,1.197,0.961,1903400000,166100000,1737300000,1903400000,0,503900000,0,0.032,0.06,-2444200000,-1940300000,-1.128,-1940300000,-2444200000,-2591100000,-2.26,-2.26,-2.26,4841300000,5777700000,4841300000,3489261720,-1,-1.798,177600000,0.19,1.0,-1267400000,-0.737,489500000,146900000,10270000000,11810400000,270000000,129600000,102300000,27300000,4653500000,542100000,4111400000,1401144720,-71700000,-6000000,228200000,-263000000,-55200000,-204600000,-392300000,18600000,531400000,-5700000,-2114800000,-2114800000,-2114800000,428100000,0,-1.229,765500000,-2032900000,316100000,-0.027,0.289,-0.663,-0.823,8208700000,0,1.86,0.814,1.012,45900000,-2802700000,1720600000,1720600000,18700000,-0.192,-0.366,-0.207,-1.421,11200000,110100000,1.0,753303613,936606000,936606000,1.837,9028600000,88600000,-476300000,1864900000,9.64,106900000
AUY,MRY,2016-12-31,2016-12-31,2016-12-31,2018-03-29,0,8801700000,9159900000,552400000,8249300000,0.195,4.763,-495400000,97400000,97400000,2202600000,-308300000,1.163,0.936,1725200000,74500000,1650700000,1725200000,0,462300000,0,0.007,0.02,-489000000,-26700000,-0.015,-26700000,-489000000,-632800000,-0.32,-0.32,-0.32,4512200000,4676750000,4512200000,4415362860,-9,-165.369,169400000,0.179,1.0,-414900000,-0.232,481000000,143800000,9473400000,9871700000,254100000,50500000,14400000,36100000,4221700000,475100000,3746600000,2631862860,-22500000,73800000,40700000,-184000000,-28000000,-267500000,-420600000,33600000,664800000,800000,-307900000,-307900000,-307900000,17500000,400000,-0.172,58600000,-473500000,340000000,-0.063,0.583,-8.548,-8.781,7566300000,0,2.81,1.472,1.489,36600000,-3130300000,1787700000,1787700000,14900000,-0.034,-0.066,-0.05,-0.274,14200000,100200000,1.0,936606000,947443000,947443000,1.887,8320700000,116700000,-324900000,1516200000,8.782,77300000
AUY,MRY,2017-12-31,2017-12-31,2017-12-31,2018-03-29,0,8763300000,8782500000,839400000,7923900000,0.205,4.549,-643800000,148900000,148900000,1726100000,-204100000,1.075,1.001,2036500000,203100000,1833400000,2036500000,0,426800000,0,0.006,0.02,-167200000,259600000,0.144,259600000,-167200000,-308300000,-0.21,-0.21,-0.21,4313400000,4412800000,4313400000,4605628499,-27,17.741,-159800000,-0.169,1.0,77700000,0.043,449500000,141100000,9420700000,9447050000,163500000,39300000,13200000,26100000,4316000000,780700000,3535300000,2957128499,57800000,0,71500000,269100000,-18900000,217900000,-644200000,17500000,484000000,100000,-194400000,-194400000,-194400000,0,9700000,-0.108,258000000,-180300000,345400000,-0.095,0.686,-15.212,-14.857,7259700000,0,3.12,1.639,1.64,38600000,-3344100000,1803800000,1803800000,21200000,-0.022,-0.044,-0.018,-0.093,12600000,113600000,1.0,947797596,948187000,948187000,1.902,8313800000,97800000,-113900000,1238900000,8.768,58700000
