ticker,dimension,calendardate,datekey,reportperiod,lastupdated,accoci,assets,assetsavg,assetsc,assetsnc,assetturnover,bvps,capex,cashneq,cashnequsd,cor,consolinc,currentratio,de,debt,debtc,debtnc,debtusd,deferredrev,depamor,deposits,divyield,dps,ebit,ebitda,ebitdamargin,ebitdausd,ebitusd,ebt,eps,epsdil,epsusd,equity,equityavg,equityusd,ev,evebit,evebitda,fcf,fcfps,fxusd,gp,grossmargin,intangibles,intexp,invcap,invcapavg,inventory,investments,investmentsc,investmentsnc,liabilities,liabilitiesc,liabilitiesnc,marketcap,ncf,ncfbus,ncfcommon,ncfdebt,ncfdiv,ncff,ncfi,ncfinv,ncfo,ncfx,netinc,netinccmn,netinccmnusd,netincdis,netincnci,netmargin,opex,opinc,payables,payoutratio,pb,pe,pe1,ppnenet,prefdivis,price,ps,ps1,receivables,retearn,revenue,revenueusd,rnd,roa,roe,roic,ros,sbcomp,sgna,sharefactor,sharesbas,shareswa,shareswadil,sps,tangibles,taxassets,taxexp,taxliabilities,tbvps,workingcapital
AVNR,MRY,2011-12-31,2011-09-30,2011-09-30,2017-06-15,0,89648994,106341646,84390035,5258959,0.099,0.574,-1823355,79542564,79542564,445980,-60631563,5.947,0.257,0,0,0,0,7791416,437845,0,0.0,0.0,-60628363,-60190518,-5.735,-60190518,-60628363,-60628363,-0.51,-0.51,-0.51,71339664,90785408,71339664,263254259,-4,-4.374,-58344644,-0.489,1.0,10049915,0.958,0,0,-4083011,-1897216,1045177,2252939,618314,1634625,18309330,14189441,4119889,354551278,40771095,0,91432786,0,0,100767128,-3474744,-1651389,-56521289,0,-60631563,-60631563,-60631563,0,0,-5.777,70679330,-60629415,3260588,0.0,4.97,-5.848,-5.598,1695329,0,2.855,33.78,32.48,2011165,-365316199,10495895,10495895,15253739,-0.57,-0.668,31.956,-5.776,3778453,55425591,1.0,124186087,119405230,119405230,0.088,89648994,0,3200,0,0.721,70200594
AVNR,MRY,2012-12-31,2012-09-30,2012-09-30,2017-06-15,0,86011796,86387795,80914693,5097103,0.478,0.27,-813000,70431319,70431319,2120000,-59744000,3.982,1.335,28860526,2162263,26698263,28860526,4049318,700000,0,0.0,0.0,-58355000,-57655000,-1.397,-57655000,-58355000,-59741000,-0.45,-0.45,-0.45,36837107,52787833,36837107,382775783,-6,-6.639,-58471000,-0.438,1.0,39155000,0.949,0,1386000,24122610,10999991,1323839,1703686,401550,1302136,49174689,20318393,28856296,435780451,-9765000,0,10063000,29615000,0,48810000,-917000,-104000,-57658000,0,-59744000,-59744000,-59744000,0,0,-1.447,97557000,-58402000,2932961,0.0,11.83,-7.294,-7.111,1808594,0,3.2,10.558,10.339,7231759,-425060026,41275000,41275000,23066000,-0.692,-1.132,-5.305,-1.414,4877000,74491000,1.0,136181391,133358571,133358571,0.31,86011796,0,3000,0,0.631,60596300
AVNR,MRY,2013-12-31,2013-09-30,2013-09-30,2017-06-15,0,76079000,77625318,71844000,4235000,0.971,0.125,-449000,56225000,56225000,4150000,-75476000,2.065,3.119,29365000,7943000,21422000,29365000,1289000,826000,0,0.0,0.0,-71375000,-70549000,-0.936,-70549000,-71375000,-75473000,-0.53,-0.53,-0.53,18471000,24756442,18471000,588810429,-8,-8.346,-65871000,-0.463,1.0,71216000,0.945,0,4098000,14426000,18754492,1494000,1304000,0,1304000,57608000,34793000,22815000,615334415,-14519000,0,48753000,0,0,51265000,-362000,87000,-65422000,0,-75476000,-75476000,-75476000,0,0,-1.001,142643000,-71427000,5876000,0.0,33.314,-8.153,-7.981,1593000,0,4.23,8.165,7.985,12526000,-500536000,75366000,75366000,49506000,-0.972,-3.049,-3.806,-0.947,5846000,93137000,1.0,145469129,142269399,142269399,0.53,76079000,0,3000,0,0.514,37051000
AVNR,MRY,2014-12-31,2014-09-30,2014-09-30,2017-06-15,0,306983000,142577072,300817000,6166000,0.807,1.586,-3051000,273190000,273190000,3522000,-50436000,9.373,0.123,0,0,0,0,0,1402000,0,0.0,0.0,-47121000,-45719000,-0.397,-45719000,-47121000,-50433000,-0.31,-0.31,-0.31,273389000,94175238,273389000,1986127074,-42,-43.442,-51705000,-0.321,1.0,111507000,0.969,0,3312000,1700000,12900943,1419000,1304000,0,1304000,33594000,32093000,1501000,2048244174,216611000,0,295354000,-30000000,0,268670000,-3405000,-354000,-48654000,0,-50436000,-50436000,-50436000,0,0,-0.438,157851000,-46344000,6724000,0.0,7.492,-40.611,-38.452,3631000,0,11.92,17.806,16.712,22831000,-550972000,115029000,115029000,44004000,-0.354,-0.536,-3.653,-0.41,6684000,113847000,1.0,171832565,161269021,161269021,0.713,306983000,0,3000,0,1.781,268724000
