ticker,dimension,calendardate,datekey,reportperiod,lastupdated,accoci,assets,assetsavg,assetsc,assetsnc,assetturnover,bvps,capex,cashneq,cashnequsd,cor,consolinc,currentratio,de,debt,debtc,debtnc,debtusd,deferredrev,depamor,deposits,divyield,dps,ebit,ebitda,ebitdamargin,ebitdausd,ebitusd,ebt,eps,epsdil,epsusd,equity,equityavg,equityusd,ev,evebit,evebitda,fcf,fcfps,fxusd,gp,grossmargin,intangibles,intexp,invcap,invcapavg,inventory,investments,investmentsc,investmentsnc,liabilities,liabilitiesc,liabilitiesnc,marketcap,ncf,ncfbus,ncfcommon,ncfdebt,ncfdiv,ncff,ncfi,ncfinv,ncfo,ncfx,netinc,netinccmn,netinccmnusd,netincdis,netincnci,netmargin,opex,opinc,payables,payoutratio,pb,pe,pe1,ppnenet,prefdivis,price,ps,ps1,receivables,retearn,revenue,revenueusd,rnd,roa,roe,roic,ros,sbcomp,sgna,sharefactor,sharesbas,shareswa,shareswadil,sps,tangibles,taxassets,taxexp,taxliabilities,tbvps,workingcapital
AVX,MRY,2011-12-31,2011-03-31,2011-03-31,2018-02-08,41174000,2319482000,2204413250,1602115000,717367000,0.75,11.989,-27463000,379350000,379350000,1195790000,244003000,6.798,0.137,0,0,0,0,0,47619000,0,0.013,0.19,334259000,381878000,0.231,381878000,334259000,334259000,1.44,1.43,1.44,2039417000,1933841500,2039417000,2202383089,6,5.767,124632000,0.733,1.0,457386000,0.277,245144000,0,1459323000,1364278000,496495000,626986000,401661000,225325000,280065000,235665000,44400000,2534772089,-36624000,0,-187000,0,-32314000,-31985000,-157354000,-129771000,152095000,620000,244003000,244003000,244003000,0,0,0.148,132462000,324924000,132633000,0.132,1.243,10.388,10.354,235659000,0,14.91,1.533,1.533,233783000,1729507000,1653176000,1653176000,0,0.111,0.126,0.245,0.202,2475000,123887000,1.0,170004835,170025000,170390000,9.723,2074338000,41006000,90256000,10452000,12.194,1366450000
AVX,MRY,2012-12-31,2012-03-31,2012-03-31,2018-02-08,19363000,2468012000,2408897000,1727145000,740867000,0.641,12.501,-49201000,395284000,395284000,1153295000,152805000,5.814,0.164,0,0,0,0,0,46890000,0,0.02,0.26,180612000,227502000,0.147,227502000,180612000,179905000,0.9,0.9,0.9,2120753000,2126868000,2120753000,1813207291,10,7.97,99221000,0.584,1.0,391959000,0.254,240928000,707000,1534727000,1569834250,566117000,656245000,418133000,238112000,347259000,297073000,50186000,2250480291,15934000,0,-7397000,0,-44172000,-51474000,-80343000,-31015000,148422000,-671000,152805000,152805000,152805000,0,0,0.099,216408000,175551000,103797000,0.289,1.061,14.728,14.733,236488000,0,13.26,1.456,1.458,208053000,1838140000,1545254000,1545254000,0,0.063,0.072,0.115,0.117,1816000,116408000,1.0,169719479,169886000,170134000,9.096,2227084000,115268000,27100000,16632000,13.128,1430072000
AVX,MRY,2013-12-31,2013-03-31,2013-03-31,2018-02-08,-4331000,2601995000,2578643250,1945533000,656462000,0.549,11.69,-41854000,486724000,486724000,1150630000,-64312000,5.88,0.319,0,0,0,0,0,46871000,0,0.025,0.3,-111060000,-64189000,-0.045,-64189000,-111060000,-113322000,-0.38,-0.38,-0.38,1972930000,1971802750,1972930000,1432434059,-12,-22.316,152941000,0.904,1.0,263770000,0.186,273204000,2262000,1511190000,1520433000,559074000,575940000,560364000,15576000,629065000,330877000,298188000,2009552059,91440000,-79608000,-10425000,0,-50758000,-61175000,-41416000,80216000,194795000,-764000,-64312000,-64312000,-64312000,0,0,-0.045,383615000,-119845000,115187000,-0.789,1.019,-31.247,-31.316,258264000,0,11.9,1.421,1.423,202031000,1723070000,1414400000,1414400000,0,-0.025,-0.033,-0.073,-0.079,1358000,117365000,1.0,168869921,169124000,169124000,8.363,2328791000,197291000,-49010000,6011000,13.798,1614656000
AVX,MRY,2014-12-31,2014-03-31,2014-03-31,2018-02-08,8126000,2384988000,2525704500,1768723000,616265000,0.571,12.172,-26010000,460674000,460674000,1163770000,127037000,10.922,0.165,0,0,0,0,0,50209000,0,0.027,0.358,165789000,215998000,0.15,215998000,165789000,163357000,0.75,0.75,0.75,2047685000,2016395500,2047685000,1753554482,10,8.118,-96647000,-0.574,1.0,278834000,0.193,280786000,2432000,1481594000,1476519500,550518000,438615000,413615000,25000000,337303000,161934000,175369000,2216983482,-26050000,-1600000,-6077000,0,-60251000,-66102000,110116000,137726000,-70637000,573000,127037000,127037000,127037000,0,0,0.088,119670000,159164000,94634000,0.477,1.083,17.451,17.573,235725000,0,13.18,1.537,1.539,208445000,1789856000,1442604000,1442604000,0,0.05,0.063,0.112,0.115,1363000,119670000,1.0,168208155,168473000,168658000,8.563,2104202000,168766000,36320000,9361000,12.508,1606789000
AVX,MRY,2015-12-31,2015-03-31,2015-03-31,2018-02-08,-66665000,2459015000,2421047750,1744552000,714463000,0.559,12.672,-26511000,381605000,381605000,1024659000,225871000,6.551,0.153,0,0,0,0,0,42214000,0,0.028,0.4,218599000,260813000,0.193,260813000,218599000,218599000,1.34,1.34,1.34,2131963000,2088141250,2131963000,2071084596,9,7.941,171078000,1.017,1.0,328569000,0.243,275638000,0,1535463000,1553464500,535912000,611930000,461901000,150029000,327052000,266309000,60743000,2401657596,-79069000,0,-1481000,0,-67251000,-68258000,-204109000,-177598000,197589000,-4291000,225871000,225871000,225871000,0,0,0.167,115820000,212749000,76043000,0.299,1.127,10.633,10.649,199842000,0,14.27,1.775,1.773,188992000,1948476000,1353228000,1353228000,0,0.093,0.108,0.141,0.162,1456000,115820000,1.0,168301163,168148000,168402000,8.048,2183377000,223743000,-7272000,10644000,12.978,1478243000
AVX,MRY,2016-12-31,2016-03-31,2016-03-31,2018-02-08,-44368000,2409819000,2368000750,1686891000,722928000,0.505,12.995,-47019000,454208000,454208000,906460000,101535000,9.356,0.107,0,0,0,0,0,38951000,0,0.033,0.42,132152000,171103000,0.143,171103000,132152000,132152000,0.61,0.6,0.61,2177106000,2160148250,2177106000,1680708385,12,9.823,119422000,0.712,1.0,289069000,0.242,270605000,0,1504704000,1550130000,484268000,580171000,494594000,85577000,232713000,180302000,52411000,2106343385,72603000,0,-9477000,0,-70499000,-79918000,-14727000,32292000,166441000,807000,101535000,101535000,101535000,0,0,0.085,165085000,123984000,78168000,0.689,0.967,20.745,20.607,217998000,0,12.57,1.762,1.764,168672000,1979512000,1195529000,1195529000,0,0.043,0.047,0.085,0.111,1229000,119767000,1.0,167569084,167797000,167961000,7.125,2139214000,182186000,30617000,10914000,12.768,1506589000
AVX,MRY,2017-12-31,2017-03-31,2017-03-31,2018-02-08,-67163000,2477413000,2445604000,1836404000,641009000,0.537,13.207,-55022000,578634000,578634000,1027906000,125785000,8.499,0.118,0,0,0,0,0,42687000,0,0.026,0.43,174949000,217636000,0.166,217636000,174949000,174949000,0.75,0.75,0.75,2216479000,2197439000,2216479000,2267146314,12,10.417,139989000,0.836,1.0,284755000,0.217,266701000,0,1416011000,1461740250,474128000,528748000,528748000,0,260934000,216067000,44867000,2748041314,124426000,0,5285000,0,-72012000,-65945000,-3734000,51288000,195011000,-906000,125785000,125785000,125785000,0,0,0.096,121198000,163557000,80441000,0.573,1.24,21.847,21.84,239951000,0,16.38,2.093,2.09,186804000,2033285000,1312661000,1312661000,0,0.051,0.057,0.12,0.133,2327000,117598000,1.0,167768090,167506000,167837000,7.837,2210712000,158876000,49164000,4901000,13.173,1620337000
