ticker,dimension,calendardate,datekey,reportperiod,lastupdated,accoci,assets,assetsavg,assetsc,assetsnc,assetturnover,bvps,capex,cashneq,cashnequsd,cor,consolinc,currentratio,de,debt,debtc,debtnc,debtusd,deferredrev,depamor,deposits,divyield,dps,ebit,ebitda,ebitdamargin,ebitdausd,ebitusd,ebt,eps,epsdil,epsusd,equity,equityavg,equityusd,ev,evebit,evebitda,fcf,fcfps,fxusd,gp,grossmargin,intangibles,intexp,invcap,invcapavg,inventory,investments,investmentsc,investmentsnc,liabilities,liabilitiesc,liabilitiesnc,marketcap,ncf,ncfbus,ncfcommon,ncfdebt,ncfdiv,ncff,ncfi,ncfinv,ncfo,ncfx,netinc,netinccmn,netinccmnusd,netincdis,netincnci,netmargin,opex,opinc,payables,payoutratio,pb,pe,pe1,ppnenet,prefdivis,price,ps,ps1,receivables,retearn,revenue,revenueusd,rnd,roa,roe,roic,ros,sbcomp,sgna,sharefactor,sharesbas,shareswa,shareswadil,sps,tangibles,taxassets,taxexp,taxliabilities,tbvps,workingcapital
AWI,MRY,2011-12-31,2011-12-31,2011-12-31,2018-04-30,-415000000,2994700000,3035075000,1209300000,1785400000,0.897,19.386,-150600000,482100000,482100000,2075200000,112400000,3.131,1.65,843000000,20100000,822900000,843000000,0,113800000,0,0.0,0.0,241900000,355700000,0.131,355700000,241900000,193400000,1.91,1.9,1.91,1130200000,1159700000,1130200000,3007103967,12,8.454,49100000,0.842,1.0,647900000,0.238,541600000,48500000,2427800000,2573575000,376100000,141000000,0,141000000,1864500000,386200000,1478300000,2562203967,164800000,98200000,7700000,-31900000,-300000,-28800000,-9500000,0,199700000,3400000,112400000,112400000,112400000,400000,0,0.041,463000000,184900000,353300000,0.0,2.267,22.795,22.969,887900000,0,43.87,0.941,0.939,221400000,77100000,2723100000,2723100000,0,0.037,0.097,0.094,0.089,11100000,454000000,1.0,58404467,58300000,58800000,46.708,2453100000,115100000,81000000,104100000,42.077,823100000
AWI,MRY,2012-12-31,2012-12-31,2012-12-31,2018-04-30,-471400000,2854300000,2951250000,1019900000,1834400000,0.823,12.147,-198800000,336400000,336400000,1834800000,131300000,2.651,2.969,1071000000,33000000,1038000000,1071000000,0,112700000,0,0.169,8.55,260900000,373600000,0.154,373600000,260900000,207300000,2.21,2.19,2.21,719100000,711075000,719100000,3767966997,14,10.086,21200000,0.36,1.0,593900000,0.245,527700000,53600000,2676500000,2595900000,369800000,133500000,0,133500000,2135200000,384700000,1750500000,2984066997,-144200000,88100000,12200000,228000000,-507100000,-273700000,-91900000,0,220000000,1400000,131300000,131300000,131300000,27300000,0,0.054,364900000,229000000,346300000,3.869,4.15,22.727,22.955,1005000000,0,50.73,1.229,1.23,204600000,113100000,2428700000,2428700000,0,0.044,0.185,0.101,0.107,15600000,364900000,1.0,58822531,58900000,59500000,41.234,2326600000,101900000,76000000,134900000,39.301,635200000
AWI,MRY,2013-12-31,2013-12-31,2013-12-31,2018-04-30,-371600000,2916600000,2890750000,884000000,2032600000,0.874,12.352,-213700000,112300000,112300000,1934400000,94100000,2.151,3.332,1066500000,23900000,1042600000,1066500000,0,109000000,0,0.0,0.0,234200000,343200000,0.136,343200000,234200000,165500000,1.62,1.6,1.62,673200000,691625000,673200000,4049707043,17,11.8,0,0.0,1.0,593000000,0.235,522900000,68700000,2937000000,2826575000,322100000,132000000,0,132000000,2243400000,410900000,1832500000,3119807043,-201200000,61100000,-252800000,-4500000,-1400000,-263700000,-145800000,0,213700000,-5400000,94100000,94100000,94100000,33200000,0,0.037,386800000,206200000,334600000,0.0,4.634,33.154,35.562,1014800000,0,57.61,1.234,1.318,204600000,207200000,2527400000,2527400000,0,0.033,0.136,0.083,0.093,15900000,386900000,1.0,54153915,57800000,58400000,43.727,2393700000,119500000,71400000,264500000,43.921,473100000
AWI,MRY,2014-12-31,2014-12-31,2014-12-31,2018-04-30,-495500000,2606200000,2915475000,811500000,1794700000,0.444,11.738,-222900000,185300000,185300000,911200000,63800000,2.091,3.015,1042600000,39600000,1003000000,1042600000,0,129400000,0,0.0,0.0,179100000,308500000,0.238,308500000,179100000,133100000,1.15,1.14,1.15,649100000,718625000,649100000,3707595059,20,12.018,-14100000,-0.256,1.0,383100000,0.296,501400000,46000000,2574000000,2878400000,335500000,129000000,0,129000000,1957100000,388100000,1569000000,2805895059,50100000,63800000,17800000,-23900000,-1300000,3300000,-149300000,2400000,208800000,-12700000,63800000,63800000,63800000,15300000,0,0.049,250100000,133000000,345500000,0.0,4.323,43.98,44.452,1062400000,0,51.12,2.168,2.172,195200000,271000000,1294300000,1294300000,0,0.022,0.089,0.062,0.138,4300000,250100000,1.0,54888401,55000000,55400000,23.533,2104800000,63300000,69300000,198800000,38.061,423400000
AWI,MRY,2015-12-31,2015-12-31,2015-12-31,2018-04-30,-487400000,2687200000,2653325000,880800000,1806400000,0.303,13.778,-170700000,209300000,209300000,499100000,94200000,2.019,2.495,988300000,52100000,936200000,988300000,0,118300000,0,0.0,0.0,175500000,293800000,0.365,293800000,175500000,130900000,1.69,1.68,1.69,768800000,749125000,768800000,3295222654,18,11.216,33000000,0.595,1.0,306000000,0.38,447200000,44600000,2582700000,2576550000,101400000,130800000,0,130800000,1918400000,436300000,1482100000,2531422654,59500000,64200000,6400000,-39500000,-1200000,-32300000,-101500000,0,203700000,-10400000,94200000,94200000,94200000,-36300000,0,0.117,215100000,90900000,231100000,0.0,3.293,26.873,27.059,648100000,0,45.73,3.144,3.152,114300000,365200000,805100000,805100000,0,0.036,0.126,0.068,0.218,13400000,180800000,1.0,55355842,55500000,55900000,14.506,2240000000,62800000,36700000,202800000,40.143,444500000
AWI,MRY,2016-12-31,2016-12-31,2016-12-31,2018-04-30,-403800000,1758000000,1953400000,406200000,1351800000,0.429,4.861,-104200000,141900000,141900000,531500000,104700000,1.813,5.599,873600000,25000000,848600000,873600000,0,89200000,0,0.0,0.0,205500000,294700000,0.352,294700000,205500000,156000000,1.88,1.87,1.88,266400000,374550000,266400000,3037978687,14,10.309,-54900000,-0.991,1.0,305800000,0.365,427700000,49500000,1837900000,2000975000,46900000,106200000,0,106200000,1491600000,224100000,1267500000,2306778687,-102900000,86900000,-43100000,-70600000,0,-128900000,-17000000,0,49300000,-6300000,104700000,104700000,104700000,-5400000,0,0.125,190000000,115800000,117000000,0.0,8.659,22.032,22.234,465200000,0,41.8,2.755,2.766,58800000,469900000,837300000,837300000,0,0.054,0.28,0.103,0.245,12400000,155500000,1.0,55186093,55400000,55700000,15.114,1330300000,42300000,51300000,217600000,24.276,182100000
AWI,MRY,2017-12-31,2017-12-31,2017-12-31,2018-04-30,-345900000,1873500000,1811325000,648900000,1224600000,0.493,7.956,-89700000,159600000,159600000,569800000,154800000,2.404,3.468,850200000,32500000,817700000,850200000,0,89200000,0,0.0,0.0,191700000,280900000,0.314,280900000,191700000,156300000,2.89,2.86,2.89,419300000,338500000,419300000,3938082844,20,14.02,80700000,1.514,1.0,323800000,0.362,441100000,35400000,1853100000,1892575000,53800000,107300000,0,107300000,1454200000,269900000,1184300000,3196782844,17700000,37900000,-77100000,-25000000,0,-102700000,-54200000,0,170400000,4200000,154800000,154800000,154800000,65800000,0,0.173,135700000,188100000,108400000,0.0,7.624,20.651,20.952,499900000,0,60.55,3.577,3.612,90800000,633400000,893600000,893600000,0,0.085,0.457,0.101,0.215,10200000,135700000,1.0,52795753,53300000,53900000,16.765,1432400000,54400000,1500000,195200000,27.18,379000000
