ticker,dimension,calendardate,datekey,reportperiod,lastupdated,accoci,assets,assetsavg,assetsc,assetsnc,assetturnover,bvps,capex,cashneq,cashnequsd,cor,consolinc,currentratio,de,debt,debtc,debtnc,debtusd,deferredrev,depamor,deposits,divyield,dps,ebit,ebitda,ebitdamargin,ebitdausd,ebitusd,ebt,eps,epsdil,epsusd,equity,equityavg,equityusd,ev,evebit,evebitda,fcf,fcfps,fxusd,gp,grossmargin,intangibles,intexp,invcap,invcapavg,inventory,investments,investmentsc,investmentsnc,liabilities,liabilitiesc,liabilitiesnc,marketcap,ncf,ncfbus,ncfcommon,ncfdebt,ncfdiv,ncff,ncfi,ncfinv,ncfo,ncfx,netinc,netinccmn,netinccmnusd,netincdis,netincnci,netmargin,opex,opinc,payables,payoutratio,pb,pe,pe1,ppnenet,prefdivis,price,ps,ps1,receivables,retearn,revenue,revenueusd,rnd,roa,roe,roic,ros,sbcomp,sgna,sharefactor,sharesbas,shareswa,shareswadil,sps,tangibles,taxassets,taxexp,taxliabilities,tbvps,workingcapital
AZPN,MRY,2011-12-31,2011-06-30,2011-06-30,2018-04-25,9115000,399794000,375072750,253863000,145931000,0.528,1.678,-4829000,149985000,149985000,52345000,10257000,1.462,1.534,24913000,15756000,9157000,24913000,128943000,5336000,0,0.0,0.0,-38582000,-33246000,-0.168,-33246000,-38582000,-43720000,0.11,0.11,0.11,157803000,131760500,157803000,1521336848,-39,-45.76,58501000,0.626,1.0,145809000,0.736,18624000,5138000,82423000,119218750,0,0,0,0,241991000,173675000,68316000,1616863848,25040000,0,-828000,-29551000,0,-34264000,-4829000,0,63330000,803000,10257000,10257000,10257000,0,0,0.052,200385000,-54576000,2099000,0.0,10.246,157.635,156.182,9543000,0,17.18,8.16,8.105,141700000,-381271000,198154000,198154000,50820000,0.027,0.078,-0.324,-0.195,9699000,149812000,1.0,94113146,93488000,95853000,2.12,381170000,65484000,-53977000,672000,4.052,80188000
AZPN,MRY,2012-12-31,2012-06-30,2012-06-30,2018-04-25,8095000,368335000,387234750,261463000,106872000,0.628,1.214,-4752000,165242000,165242000,52277000,-13808000,1.336,2.243,10756000,10756000,0,10756000,187173000,5278000,0,0.0,0.0,-10948000,-5670000,-0.023,-5670000,-10948000,-15152000,-0.15,-0.15,-0.15,113592000,130765750,113592000,1999094585,-182,-352.574,99885000,1.065,1.0,190857000,0.785,19399000,4204000,-1269000,43697000,0,0,0,0,254743000,195719000,59024000,2166228585,15257000,-2617000,-37192000,-39910000,0,-81699000,-7369000,0,104637000,-312000,-13808000,-13808000,-13808000,0,0,-0.057,205864000,-15007000,2566000,0.0,19.07,-156.882,-154.333,8726000,0,23.15,8.91,8.929,86569000,-395079000,243134000,243134000,56218000,-0.036,-0.106,-0.251,-0.045,12406000,149947000,1.0,93573589,93780000,93780000,2.593,348936000,66038000,-1344000,830000,3.729,65744000
AZPN,MRY,2013-12-31,2013-06-30,2013-06-30,2018-04-25,7263000,382748000,357169250,285351000,97397000,0.872,1.088,-5663000,132432000,132432000,50348000,45262000,1.324,2.756,0,0,0,0,231353000,5229000,0,0.0,0.0,57862000,63091000,0.203,63091000,57862000,57438000,0.48,0.47,0.48,101898000,103555000,101898000,2558827643,44,40.558,140899000,1.506,1.0,261039000,0.838,19132000,424000,15723000,-3315500,0,92368000,57015000,35353000,280850000,215461000,65389000,2697869643,-32810000,0,-63534000,-11010000,0,-81771000,-97391000,-93048000,146562000,-210000,45262000,45262000,45262000,0,0,0.145,205439000,55600000,846000,0.0,26.476,59.606,59.979,9571000,0,28.79,8.664,8.653,53685000,-349817000,311387000,311387000,62516000,0.127,0.437,-17.452,0.186,14637000,142928000,1.0,93708567,93586000,95410000,3.327,363616000,58767000,12176000,1697000,3.882,69890000
AZPN,MRY,2014-12-31,2014-06-30,2014-06-30,2018-04-25,9372000,407972000,379243000,329682000,78290000,1.032,0.91,-4696000,199526000,199526000,52688000,85783000,1.237,3.876,0,0,0,0,274882000,5215000,0,0.0,0.0,128570000,133785000,0.342,133785000,128570000,128533000,0.93,0.92,0.93,83676000,88664250,83676000,4090638080,31,30.576,195435000,2.109,1.0,338765000,0.865,19276000,37000,-77334000,-33265000,0,98889000,67619000,31270000,324296000,266504000,57792000,4272121080,67094000,0,-113066000,0,0,-120170000,-13187000,-8091000,200131000,320000,85783000,85783000,85783000,0,0,0.219,209041000,129724000,412000,0.0,51.056,49.801,49.892,8978000,0,46.4,10.913,10.982,41639000,-264034000,391453000,391453000,68410000,0.226,0.968,-3.865,0.328,14056000,140631000,1.0,92071575,92648000,93665000,4.225,388696000,23907000,42750000,2168000,4.229,63178000
AZPN,MRY,2015-12-31,2015-06-30,2015-06-30,2018-04-25,6470000,315361000,338503750,263630000,51731000,1.301,-0.571,-7645000,156249000,156249000,49576000,118407000,0.889,-7.496,0,0,0,0,288887000,6216000,0,0.0,0.0,179501000,185717000,0.422,185717000,179501000,179471000,1.34,1.33,1.34,-48546000,8092250,-48546000,3745280657,20,20.167,184340000,2.085,1.0,390825000,0.887,17507000,30000,-154861000,-104475250,0,62244000,59197000,3047000,363907000,296466000,67441000,3889242657,-43277000,0,-292584000,0,0,-261259000,27466000,35470000,191985000,-1469000,118407000,118407000,118407000,0,0,0.269,211033000,179792000,5240000,0.0,-80.115,32.846,33.993,19065000,0,45.55,8.831,9.143,30721000,-145627000,440401000,440401000,69584000,0.35,14.632,-1.718,0.408,14584000,141449000,1.0,85384032,88398000,89016000,4.982,297854000,17155000,61064000,1775000,3.501,-32836000
AZPN,MRY,2016-12-31,2016-06-30,2016-06-30,2018-04-25,2651000,419738000,350585500,361323000,58415000,1.347,-0.923,-3483000,318336000,318336000,48611000,139951000,0.835,-6.594,140000000,140000000,0,140000000,282078000,6061000,0,0.0,0.0,211851000,217912000,0.461,217912000,211851000,210639000,1.69,1.68,1.69,-75034000,-48926500,-75034000,3337435302,15,15.316,150261000,1.813,1.0,423733000,0.897,28438000,1212000,-219659000,-114746250,0,3006000,3006000,0,494772000,432623000,62149000,3294345302,162087000,-8000000,-174680000,140000000,0,-38659000,47221000,58973000,153744000,-219000,139951000,139951000,139951000,0,0,0.296,212352000,211381000,3559000,0.0,-43.905,23.539,23.811,16545000,0,40.24,6.974,7.062,20476000,-5676000,472344000,472344000,67152000,0.399,-2.86,-1.846,0.449,15727000,145200000,1.0,81867428,82892000,83309000,5.698,391300000,17793000,70688000,439000,4.813,-71300000
AZPN,MRY,2017-12-31,2017-06-30,2017-06-30,2018-04-25,1459000,247942000,262298750,146186000,101756000,1.841,-3.51,-2720000,101954000,101954000,47466000,162196000,0.313,-1.951,140000000,140000000,0,140000000,300359000,6405000,0,0.0,0.0,214133000,220538000,0.457,220538000,214133000,210346000,2.12,2.11,2.12,-260784000,-221685250,-260784000,4172095302,19,18.918,179666000,2.349,1.0,435476000,0.902,72037000,3787000,-253292000,-161768000,0,0,0,0,508726000,467243000,41483000,4116647302,-216382000,-36171000,-362218000,0,0,-362017000,-36698000,2598000,182386000,-53000,162196000,162196000,162196000,0,0,0.336,223460000,212016000,5467000,0.0,-15.786,25.381,26.066,14067000,0,55.26,8.524,8.752,27670000,156520000,482942000,482942000,79530000,0.618,-0.732,-1.324,0.443,18800000,143930000,1.0,74495970,76491000,76978000,6.314,175905000,18853000,48150000,1603000,2.367,-321057000
