ticker,dimension,calendardate,datekey,reportperiod,lastupdated,accoci,assets,assetsavg,assetsc,assetsnc,assetturnover,bvps,capex,cashneq,cashnequsd,cor,consolinc,currentratio,de,debt,debtc,debtnc,debtusd,deferredrev,depamor,deposits,divyield,dps,ebit,ebitda,ebitdamargin,ebitdausd,ebitusd,ebt,eps,epsdil,epsusd,equity,equityavg,equityusd,ev,evebit,evebitda,fcf,fcfps,fxusd,gp,grossmargin,intangibles,intexp,invcap,invcapavg,inventory,investments,investmentsc,investmentsnc,liabilities,liabilitiesc,liabilitiesnc,marketcap,ncf,ncfbus,ncfcommon,ncfdebt,ncfdiv,ncff,ncfi,ncfinv,ncfo,ncfx,netinc,netinccmn,netinccmnusd,netincdis,netincnci,netmargin,opex,opinc,payables,payoutratio,pb,pe,pe1,ppnenet,prefdivis,price,ps,ps1,receivables,retearn,revenue,revenueusd,rnd,roa,roe,roic,ros,sbcomp,sgna,sharefactor,sharesbas,shareswa,shareswadil,sps,tangibles,taxassets,taxexp,taxliabilities,tbvps,workingcapital
B,MRY,2011-12-31,2011-12-31,2011-12-31,2018-04-28,-75054000,1440365000,1460887000,529994000,910371000,0.592,13.163,-33462000,62505000,62505000,615331000,64715000,2.681,0.994,346052000,12904000,333148000,346052000,0,58904000,0,0.014,0.34,91006000,149910000,0.173,149910000,91006000,80735000,1.17,1.16,1.17,722400000,768213250,722400000,1628627057,17,10.864,87562000,1.586,1.0,249747000,0.289,638196000,10271000,888038000,884457500,216520000,0,0,0,717965000,197678000,520287000,1319729057,49055000,18997000,-5487000,-21906000,-18629000,-40195000,-30612000,0,121024000,-1162000,64715000,64715000,64715000,10240000,0,0.075,148168000,101579000,92524000,0.291,1.827,20.393,20.607,210784000,0,24.11,1.526,1.539,200460000,560186000,865078000,865078000,0,0.044,0.084,0.103,0.105,7195000,148168000,1.0,54737829,55214586,55931882,15.668,802169000,76490000,16020000,20662000,14.616,332316000
B,MRY,2012-12-31,2012-12-31,2012-12-31,2018-04-28,-66752000,1868596000,1667531250,618540000,1250056000,0.557,14.641,-36933000,86356000,86356000,655653000,95249000,3.094,1.335,646613000,4494000,642119000,646613000,0,57360000,0,0.018,0.4,119919000,177279000,0.191,177279000,119919000,107681000,1.74,1.72,1.74,800118000,768147250,800118000,1814704258,15,10.236,99444000,1.82,1.0,273127000,0.294,963877000,12238000,1265081000,1120322000,226220000,0,0,0,1068478000,199895000,868583000,1215383258,23851000,-296998000,-11976000,252737000,-21662000,219276000,-332807000,0,136377000,1005000,95249000,95249000,95249000,-15419000,0,0.103,165996000,107131000,99037000,0.23,1.519,12.76,12.908,233097000,0,22.46,1.309,1.321,253202000,633446000,928780000,928780000,0,0.057,0.124,0.107,0.129,7669000,165996000,1.0,54113235,54626453,55224457,17.002,904719000,63867000,12432000,48707000,16.555,418645000
B,MRY,2013-12-31,2013-12-31,2013-12-31,2018-04-28,25944000,2123673000,1878356250,577196000,1546477000,0.581,21.143,-55537000,70856000,70856000,738170000,270527000,1.922,0.861,547424000,57083000,490341000,547424000,0,65052000,0,0.011,0.42,318870000,383922000,0.352,383922000,318870000,305780000,5.02,4.92,5.02,1141414000,982836250,1141414000,2138783287,6,5.571,-45447000,-0.844,1.0,353396000,0.324,1183990000,13090000,1115933000,969650750,211246000,0,0,0,982259000,300318000,681941000,2020935287,-15500000,231678000,-55117000,-107695000,-22422000,-182807000,157444000,0,10090000,-227000,270527000,270527000,270527000,-198206000,0,0.248,230195000,123201000,88721000,0.084,1.771,7.47,7.631,302558000,0,38.31,1.851,1.89,258664000,881169000,1091566000,1091566000,0,0.144,0.275,0.329,0.292,16038000,230195000,1.0,52752161,53860308,54973344,20.267,939683000,20540000,35253000,94506000,17.407,276878000
B,MRY,2014-12-31,2014-12-31,2014-12-31,2018-04-28,-99453000,2073885000,2144784250,588396000,1485489000,0.588,20.254,-56516000,46039000,46039000,829648000,118370000,2.22,0.865,504734000,8890000,495844000,504734000,0,81395000,0,0.012,0.45,175721000,257116000,0.204,257116000,175721000,164329000,2.16,2.12,2.16,1111793000,1147466500,1111793000,2491866029,14,9.692,139637000,2.549,1.0,432358000,0.343,1149643000,11392000,1117847000,1148944000,212044000,0,0,0,962092000,265090000,697002000,2015078029,-24817000,-1181000,3071000,-46904000,-24464000,-92798000,-124249000,0,196153000,-3923000,118370000,118370000,118370000,2171000,0,0.094,252384000,179974000,94803000,0.208,1.812,17.024,17.134,299435000,0,37.01,1.597,1.607,275890000,974514000,1262006000,1262006000,0,0.055,0.103,0.153,0.139,7603000,252384000,1.0,54446853,54791030,55723267,23.033,924242000,41910000,45959000,70147000,16.837,323306000
B,MRY,2015-12-31,2015-12-31,2015-12-31,2018-04-28,-143252000,2061866000,2060556000,611588000,1450278000,0.579,20.621,-42540000,83926000,83926000,782817000,121380000,2.422,0.828,509906000,24195000,485711000,509906000,0,78242000,0,0.014,0.48,168644000,246886000,0.207,246886000,168644000,157946000,2.21,2.19,2.21,1127753000,1137626750,1127753000,2357190413,13,9.548,174935000,3.179,1.0,411158000,0.344,1116314000,10698000,1118982000,1118511500,208611000,0,0,0,934113000,252550000,681563000,1942959413,37887000,-51954000,-40678000,2746000,-26176000,-59171000,-115494000,0,217475000,-4923000,121380000,121380000,121380000,0,0,0.102,242762000,168396000,97035000,0.217,1.723,16.007,16.014,308856000,0,35.39,1.627,1.631,261757000,1069247000,1193975000,1193975000,0,0.059,0.107,0.151,0.141,9258000,242762000,1.0,54901368,55028063,55513219,21.698,945552000,25964000,36566000,62364000,17.289,359038000
B,MRY,2016-12-31,2016-12-31,2016-12-31,2018-04-28,-200828000,2137539000,2127821000,608492000,1529047000,0.578,21.579,-46797000,66447000,66447000,790299000,135601000,2.016,0.83,500954000,32892000,468062000,500954000,0,80154000,0,0.011,0.51,194504000,274658000,0.223,274658000,194504000,182621000,2.5,2.48,2.5,1168358000,1179241500,1168358000,3007410792,15,10.95,170849000,3.153,1.0,440455000,0.358,1155694000,11883000,1114469000,1127162750,227759000,0,0,0,969181000,301883000,667298000,2551880792,-17479000,-128613000,-15909000,-9854000,-27435000,-53312000,-179510000,0,217646000,-2303000,135601000,135601000,135601000,0,0,0.11,248277000,192178000,112024000,0.204,2.184,18.819,18.968,334489000,0,47.42,2.073,2.088,287123000,1177151000,1230754000,1230754000,0,0.064,0.115,0.173,0.158,11493000,248277000,1.0,53814441,54191013,54631313,22.711,981845000,25433000,47020000,66446000,18.134,306609000
B,MRY,2017-12-31,2017-12-31,2017-12-31,2018-04-28,-106399000,2365716000,2298568750,768721000,1596995000,0.625,23.395,-56118000,145290000,145290000,939288000,59415000,2.435,0.877,532596000,6999000,525597000,532596000,0,90150000,0,0.009,0.55,210270000,300420000,0.209,300420000,210270000,195699000,1.1,1.09,1.1,1260321000,1276490250,1260321000,3773462763,17,12.561,147802000,2.733,1.0,497211000,0.346,1197265000,14571000,1239996000,1192864500,241962000,0,0,0,1105395000,315761000,789634000,3391940763,78843000,-8922000,-38383000,30653000,-29551000,-63751000,-68040000,0,203920000,6714000,59415000,59415000,59415000,0,0,0.041,286933000,210278000,127521000,0.5,2.691,57.089,57.518,359298000,0,63.27,2.361,2.382,348943000,1206723000,1436499000,1436499000,0,0.026,0.047,0.176,0.146,12279000,286933000,1.0,53610570,54073407,54605298,26.566,1168451000,12161000,136284000,153275000,21.689,452960000
