ticker,dimension,calendardate,datekey,reportperiod,lastupdated,accoci,assets,assetsavg,assetsc,assetsnc,assetturnover,bvps,capex,cashneq,cashnequsd,cor,consolinc,currentratio,de,debt,debtc,debtnc,debtusd,deferredrev,depamor,deposits,divyield,dps,ebit,ebitda,ebitdamargin,ebitdausd,ebitusd,ebt,eps,epsdil,epsusd,equity,equityavg,equityusd,ev,evebit,evebitda,fcf,fcfps,fxusd,gp,grossmargin,intangibles,intexp,invcap,invcapavg,inventory,investments,investmentsc,investmentsnc,liabilities,liabilitiesc,liabilitiesnc,marketcap,ncf,ncfbus,ncfcommon,ncfdebt,ncfdiv,ncff,ncfi,ncfinv,ncfo,ncfx,netinc,netinccmn,netinccmnusd,netincdis,netincnci,netmargin,opex,opinc,payables,payoutratio,pb,pe,pe1,ppnenet,prefdivis,price,ps,ps1,receivables,retearn,revenue,revenueusd,rnd,roa,roe,roic,ros,sbcomp,sgna,sharefactor,sharesbas,shareswa,shareswadil,sps,tangibles,taxassets,taxexp,taxliabilities,tbvps,workingcapital
BAH,MRY,2011-12-31,2011-03-31,2011-03-31,2018-02-05,-5453000,3024023000,3043123000,1360443000,1663580000,1.837,6.47,-88784000,192631000,192631000,4310221000,84694000,1.571,2.333,994328000,30000000,964328000,994328000,0,80603000,0,0.0,0.0,259956000,340559000,0.061,340559000,259956000,128064000,0.74,0.66,0.74,907250000,708416500,907250000,3296756860,12,9.68,207555000,1.48,1.0,1281075000,0.229,1403787000,131892000,1555798000,1830444500,0,0,0,0,2116773000,866135000,1250638000,2525273860,-115204000,0,251135000,-596042000,0,-324143000,-87400000,0,296339000,0,84694000,84694000,84694000,0,0,0.015,961631000,319444000,406310000,0.0,2.783,29.816,24.338,173430000,0,18.01,0.452,0.452,1111004000,71330000,5591296000,5591296000,0,0.028,0.12,0.142,0.046,32704000,881028000,1.0,140215095,140215095,,39.877,1620236000,41409000,43370000,111705000,11.555,494308000
BAH,MRY,2012-12-31,2012-03-31,2012-03-31,2018-02-05,-8715000,3314791000,3171469500,1653657000,1661134000,1.847,8.322,-76925000,484368000,484368000,4477200000,239955000,1.808,1.797,965425000,42500000,922925000,965425000,0,75205000,0,0.005,0.09,391952000,467157000,0.08,467157000,391952000,343874000,1.83,1.7,1.83,1185185000,1093098750,1185185000,2993060240,7,6.407,283121000,1.988,1.0,1382018000,0.236,1411838000,48078000,1469564000,1522087750,0,0,0,0,2129606000,914446000,1215160000,2425433240,291737000,23332000,3380000,-30000000,-11906000,-14716000,-53593000,0,360046000,0,239955000,239955000,239955000,0,0,0.041,994586000,387432000,443951000,0.049,2.046,10.108,9.306,191079000,0,17.03,0.414,0.414,1077315000,299379000,5859218000,5859218000,0,0.076,0.22,0.258,0.067,14802000,903721000,1.0,142421212,142421212,,41.14,1902953000,54584000,103919000,114775000,13.361,739211000
BAH,MRY,2013-12-31,2013-03-31,2013-03-31,2018-02-05,-13787000,3177528000,3131883500,1424352000,1753176000,1.839,1.555,-33113000,350384000,350384000,4403830000,219058000,1.477,13.011,1715173000,55562000,1659611000,1715173000,0,74009000,0,0.622,8.36,438595000,512604000,0.089,512604000,438595000,368311000,1.56,1.45,1.56,226793000,387674250,226793000,3368533021,7,6.571,431541000,2.96,1.0,1354229000,0.235,1513589000,70284000,2064082000,1883834000,0,0,0,0,2950735000,964646000,1986089000,1959716021,-133984000,-157339000,5306000,716893000,-1172222000,-408186000,-190452000,0,464654000,0,219058000,219058000,219058000,0,0,0.038,907995000,446234000,451065000,5.359,8.641,8.946,8.615,166570000,0,13.44,0.34,0.34,1029586000,124775000,5758059000,5758059000,0,0.07,0.565,0.233,0.076,-2019000,833986000,1.0,145812204,145812204,,39.49,1663939000,10032000,149253000,67304000,11.412,459706000
BAH,MRY,2014-12-31,2014-03-31,2014-03-31,2018-02-05,-6636000,2940818000,3085873250,1255977000,1684841000,1.775,1.153,-20905000,259994000,259994000,4203228000,232188000,1.37,16.134,1658919000,73688000,1585231000,1658919000,0,72327000,0,0.109,2.4,458817000,531144000,0.097,531144000,458817000,380787000,1.62,1.54,1.62,171636000,282163000,171636000,4547516746,9,8.562,311813000,2.094,1.0,1275465000,0.233,1494676000,78030000,1927963000,1995517750,0,0,0,0,2769182000,917104000,1852078000,3276183746,-90390000,3563000,1369000,-61786000,-401940000,-409552000,-13556000,0,332718000,0,232188000,232188000,232188000,0,0,0.042,814854000,460611000,488807000,1.481,19.088,14.11,13.58,129427000,0,22.0,0.598,0.598,916737000,42688000,5478693000,5478693000,0,0.075,0.823,0.23,0.084,-18120000,742527000,1.0,148917443,148917443,,36.79,1446142000,29687000,148599000,65637000,9.711,338873000
BAH,MRY,2015-12-31,2015-03-31,2015-03-31,2018-02-05,-22159000,2863982000,2872147750,1148669000,1715313000,1.837,1.245,-36041000,207217000,207217000,4000376000,232569000,1.353,14.357,1612824000,57063000,1555761000,1612824000,0,62660000,0,0.05,1.46,457750000,520410000,0.099,520410000,457750000,385918000,1.58,1.52,1.58,186498000,193979500,186498000,5772558785,12,11.092,273917000,1.829,1.0,1274394000,0.242,1523613000,71832000,1896982000,1925861000,0,0,0,0,2677484000,848994000,1828490000,4334057785,-52777000,-24534000,-57120000,-39735000,-262204000,-302160000,-60575000,0,309958000,0,232569000,232569000,232569000,0,0,0.044,815572000,458822000,481815000,0.924,23.239,18.636,18.316,111367000,0,28.94,0.822,0.822,857310000,104457000,5274770000,5274770000,0,0.081,1.199,0.238,0.087,-24637000,752912000,1.0,149760117,149760117,,35.221,1340369000,29297000,153349000,58444000,8.95,299675000
BAH,MRY,2016-12-31,2016-03-31,2016-03-31,2018-02-05,-19613000,3010171000,2926120750,1189771000,1820400000,1.847,2.745,-66635000,187529000,187529000,4093109000,294094000,1.266,6.369,1597261000,112813000,1484448000,1597261000,0,61536000,0,0.018,0.54,450277000,511813000,0.095,511813000,450277000,379462000,1.98,1.94,1.98,408488000,316470750,408488000,5925402787,13,11.577,182599000,1.227,1.0,1312629000,0.243,1582571000,70815000,1897419000,1967282000,0,0,0,0,2601683000,939913000,1661770000,4505305787,-19688000,-51118000,-57175000,-22063000,-111817000,-151169000,-117753000,0,249234000,0,294094000,294094000,294094000,0,0,0.054,868045000,444584000,484769000,0.273,11.029,15.319,15.293,130169000,0,30.28,0.833,0.833,892289000,318537000,5405738000,5405738000,0,0.101,0.929,0.229,0.083,-6932000,806509000,1.0,148788170,148788170,,36.332,1427600000,22054000,85368000,1517000,9.595,249858000
BAH,MRY,2017-12-31,2017-03-31,2017-03-31,2018-02-05,-17077000,3373105000,3168734750,1294480000,2078625000,1.832,3.825,-53919000,217417000,217417000,4443059000,252490000,1.175,4.881,1663324000,193150000,1470174000,1663324000,0,59544000,0,0.018,0.62,474198000,533742000,0.092,533742000,474198000,411900000,1.69,1.67,1.69,573591000,530478750,573591000,6521219904,13,12.218,328358000,2.19,1.0,1361225000,0.235,1843070000,62298000,1874541000,1909849000,0,0,0,0,2799514000,1101401000,1698113000,5306853904,29888000,-247627000,-40234000,51058000,-95179000,-51493000,-300896000,0,382277000,0,252490000,252490000,252490000,0,0,0.044,876978000,484247000,504117000,0.367,9.252,21.018,20.941,139167000,0,35.39,0.914,0.914,991810000,478102000,5804284000,5804284000,0,0.08,0.476,0.248,0.082,3074000,817434000,1.0,149953487,149953487,,38.707,1530035000,0,159410000,0,10.203,193079000
