ticker,dimension,calendardate,datekey,reportperiod,lastupdated,accoci,assets,assetsavg,assetsc,assetsnc,assetturnover,bvps,capex,cashneq,cashnequsd,cor,consolinc,currentratio,de,debt,debtc,debtnc,debtusd,deferredrev,depamor,deposits,divyield,dps,ebit,ebitda,ebitdamargin,ebitdausd,ebitusd,ebt,eps,epsdil,epsusd,equity,equityavg,equityusd,ev,evebit,evebitda,fcf,fcfps,fxusd,gp,grossmargin,intangibles,intexp,invcap,invcapavg,inventory,investments,investmentsc,investmentsnc,liabilities,liabilitiesc,liabilitiesnc,marketcap,ncf,ncfbus,ncfcommon,ncfdebt,ncfdiv,ncff,ncfi,ncfinv,ncfo,ncfx,netinc,netinccmn,netinccmnusd,netincdis,netincnci,netmargin,opex,opinc,payables,payoutratio,pb,pe,pe1,ppnenet,prefdivis,price,ps,ps1,receivables,retearn,revenue,revenueusd,rnd,roa,roe,roic,ros,sbcomp,sgna,sharefactor,sharesbas,shareswa,shareswadil,sps,tangibles,taxassets,taxexp,taxliabilities,tbvps,workingcapital
BBG,MRY,2011-12-31,2011-12-31,2011-12-31,2018-02-28,56044000,2687930000,2414253250,246343000,2441587000,0.325,25.992,-956646000,57331000,57331000,187524000,30707000,1.056,1.205,882240000,0,882240000,882240000,0,288421000,0,0.0,0.0,106995000,395416000,0.503,395416000,106995000,48379000,0.66,0.65,0.66,1218838000,1199500750,1218838000,2329365997,21,5.891,-477298000,-10.257,1.0,598100000,0.761,0,58616000,3279641000,2822091000,0,77280000,77280000,0,1469092000,233198000,1235894000,1624401997,-1359000,0,22247000,470000000,0,475939000,-956646000,0,479348000,0,30707000,30707000,30707000,0,0,0.039,476445000,121655000,152454000,0.0,1.333,52.9,51.621,2406764000,0,34.07,2.068,2.018,101500000,292891000,785624000,785624000,3645000,0.013,0.026,0.038,0.136,21953000,66780000,1.0,47678368,46535632,47236663,16.882,2687930000,0,17672000,359990000,57.322,13145000
BBG,MRY,2012-12-31,2012-12-31,2012-12-31,2018-02-28,5332000,2869449000,2942539000,228339000,2641110000,0.238,25.027,-636997000,79445000,79445000,204795000,582000,1.071,1.426,1165731000,9077000,1156654000,1165731000,0,326842000,0,0.0,0.0,97724000,424566000,0.606,424566000,97724000,2218000,0.01,0.01,0.01,1182775000,1208376250,1182775000,2160228707,22,5.088,-248561000,-5.267,1.0,495400000,0.708,0,95506000,3742602000,3854791750,0,29980000,29980000,0,1686674000,213133000,1473541000,856618707,22114000,0,673000,280440000,0,270675000,-636997000,0,388436000,0,582000,582000,582000,0,0,0.001,472191000,23209000,144680000,0.0,0.724,1471.853,1779.0,2611337000,0,17.79,1.223,1.199,112011000,293473000,700195000,700195000,8814000,0.0,0.0,0.025,0.14,18296000,68666000,1.0,48151698,47194668,47353951,14.836,2869449000,0,1636000,325740000,60.715,15206000
BBG,MRY,2013-12-31,2013-12-31,2013-12-31,2018-02-28,669000,2381513000,2715996250,157247000,2224266000,0.209,21.116,-137029000,54595000,54595000,164658000,-192733000,0.816,1.368,983673000,4591000,979082000,983673000,0,279775000,0,0.0,0.0,-222859000,56916000,0.1,56916000,-222859000,-311366000,-4.06,-4.06,-4.06,1005718000,1084009500,1005718000,2511105358,-11,44.119,128236000,2.7,1.0,403435000,0.71,0,88507000,3117872000,3623633500,0,2712000,173000,2539000,1375795000,192719000,1183076000,1311838358,-24850000,0,6385000,-156422000,0,-153086000,-137029000,0,265265000,0,-192733000,-192733000,-192733000,0,0,-0.339,583412000,-179977000,142706000,0.0,1.304,-6.807,-6.596,2202496000,0,26.78,2.309,2.239,97586000,100740000,568093000,568093000,337000,-0.071,-0.178,-0.062,-0.392,17286000,64902000,1.0,48985749,47496857,47496857,11.961,2381513000,0,-118633000,200760000,50.001,-35472000
BBG,MRY,2014-12-31,2014-12-31,2014-12-31,2018-02-28,0,2244484000,2344013750,426105000,1818379000,0.201,21.406,-29305000,165904000,165904000,127078000,15081000,1.61,1.18,828992000,25770000,803222000,828992000,0,235805000,0,0.0,0.0,102613000,338418000,0.717,338418000,102613000,32990000,0.31,0.31,0.31,1029488000,983488000,1029488000,1099810215,10,3.25,232412000,4.841,1.0,345213000,0.731,0,69623000,2642885000,2913574250,0,194976000,145226000,49750000,1214996000,264687000,950309000,565523215,111309000,0,126000,-118546000,0,-121103000,-29305000,0,261717000,0,15081000,15081000,15081000,0,0,0.032,441341000,-96128000,145439000,0.0,0.549,37.499,36.742,1753121000,0,11.39,1.197,1.158,112209000,115821000,472291000,472291000,453000,0.006,0.015,0.035,0.217,11352000,53361000,1.0,49650853,48010730,48435725,9.837,2244484000,0,17909000,215828000,46.669,161418000
BBG,MRY,2015-12-31,2015-12-31,2015-12-31,2018-02-28,0,1506520000,1846645500,274317000,1232203000,0.113,11.358,-202635000,128836000,128836000,58432000,-487771000,1.889,1.742,795092000,440000,794652000,795092000,0,205275000,0,0.0,0.0,-599551000,-394276000,-1.897,-394276000,-599551000,-664856000,-10.1,-10.1,-10.1,549416000,777802500,549416000,907415784,-1,-2.301,-8957000,-0.185,1.0,149460000,0.719,0,65305000,2027545000,2387184250,0,119471000,99809000,19662000,957104000,145231000,811873000,196342784,-37068000,0,0,-25191000,0,-28228000,-202518000,117000,193678000,0,-487771000,-487771000,-487771000,0,0,-2.346,855472000,-706012000,79994000,0.0,0.357,-0.403,-0.389,1170684000,0,3.93,0.944,0.913,43461000,-371950000,207892000,207892000,153000,-0.264,-0.627,-0.251,-2.884,10040000,53890000,1.0,49959996,48303276,48303276,4.304,1506520000,38219000,-177085000,64797000,31.143,129086000
BBG,MRY,2016-12-31,2016-12-31,2016-12-31,2018-02-28,0,1385341000,1376924750,318452000,1066889000,0.13,9.175,-83138000,275841000,275841000,40889000,-170378000,3.746,1.424,712262000,454000,711808000,712262000,0,171641000,0,0.0,0.0,-111005000,60636000,0.339,60636000,-111005000,-170378000,-3.08,-3.08,-3.08,571543000,530055750,571543000,958526280,-8,15.808,38598000,0.697,1.0,137930000,0.771,0,59373000,1736744000,1849600250,0,8398000,8398000,0,813798000,85018000,728780000,420795280,147005000,0,110003000,-440000,0,108407000,-83138000,0,121736000,0,-170378000,-170378000,-170378000,0,0,-0.953,237176000,-99246000,55639000,0.0,0.736,-2.47,-2.269,1062149000,0,6.99,2.353,2.165,32837000,-542328000,178819000,178819000,83000,-0.124,-0.321,-0.06,-0.621,8982000,42169000,1.0,60199611,55384020,55384020,3.229,1385341000,1587000,0,24579000,22.24,233434000
BBG,MRY,2017-12-31,2017-12-31,2017-12-31,2018-02-28,0,1390706000,1361537500,367663000,1023043000,0.186,7.194,-139011000,314466000,314466000,41314000,-138225000,2.469,1.323,618213000,469000,617744000,618213000,0,159964000,0,0.0,0.0,-81917000,78047000,0.309,78047000,-81917000,-139627000,-1.8,-1.8,-1.8,598554000,553763250,598554000,904660253,-11,11.591,-17021000,-0.221,1.0,211525000,0.837,0,57710000,1545519000,1688433500,0,0,0,0,792152000,148934000,643218000,391336253,38625000,0,110710000,-47343000,0,55646000,-139011000,0,121990000,0,-138225000,-138225000,-138225000,0,0,-0.547,277450000,-65925000,100649000,0.0,0.654,-2.831,-2.85,1018880000,0,5.13,1.548,1.559,51415000,-681062000,252839000,252839000,83000,-0.102,-0.25,-0.049,-0.324,6596000,42476000,1.0,76283870,76858815,76858815,3.29,1390706000,0,-1402000,26876000,16.714,218729000
