ticker,dimension,calendardate,datekey,reportperiod,lastupdated,accoci,assets,assetsavg,assetsc,assetsnc,assetturnover,bvps,capex,cashneq,cashnequsd,cor,consolinc,currentratio,de,debt,debtc,debtnc,debtusd,deferredrev,depamor,deposits,divyield,dps,ebit,ebitda,ebitdamargin,ebitdausd,ebitusd,ebt,eps,epsdil,epsusd,equity,equityavg,equityusd,ev,evebit,evebitda,fcf,fcfps,fxusd,gp,grossmargin,intangibles,intexp,invcap,invcapavg,inventory,investments,investmentsc,investmentsnc,liabilities,liabilitiesc,liabilitiesnc,marketcap,ncf,ncfbus,ncfcommon,ncfdebt,ncfdiv,ncff,ncfi,ncfinv,ncfo,ncfx,netinc,netinccmn,netinccmnusd,netincdis,netincnci,netmargin,opex,opinc,payables,payoutratio,pb,pe,pe1,ppnenet,prefdivis,price,ps,ps1,receivables,retearn,revenue,revenueusd,rnd,roa,roe,roic,ros,sbcomp,sgna,sharefactor,sharesbas,shareswa,shareswadil,sps,tangibles,taxassets,taxexp,taxliabilities,tbvps,workingcapital
BEAT,MRY,2011-12-31,2011-12-31,2011-12-31,2018-04-28,-16000,94975000,136947500,72596000,22379000,0.869,3.177,-3954000,18531000,18531000,49076000,-61422000,4.708,0.218,0,0,0,0,872000,12132000,0,0.0,0.0,-61178000,-49046000,-0.412,-49046000,-61178000,-61178000,-2.51,-2.51,-2.51,77997000,118218500,77997000,44304692,0,-0.903,1076000,0.044,1.0,69946000,0.588,5908000,0,55117000,64074250,2009000,27953000,27953000,0,16978000,15419000,1559000,58118692,-174000,0,509000,0,0,509000,-5713000,-1759000,5030000,0,-61422000,-61422000,-61422000,0,0,-0.516,131268000,-61322000,4094000,0.0,0.745,-0.946,-0.944,15041000,0,2.37,0.488,0.486,22592000,-174273000,119022000,119022000,5698000,-0.449,-0.52,-0.955,-0.514,4006000,62832000,1.0,24522655,24425318,24425318,4.873,89067000,0,244000,0,3.628,57177000
BEAT,MRY,2012-12-31,2012-12-31,2012-12-31,2018-04-28,0,90010000,91681250,43422000,46588000,1.216,2.776,-5962000,18298000,18298000,45593000,-12202000,2.348,0.286,0,0,0,0,2195000,9378000,0,0.0,0.0,-13107000,-3729000,-0.033,-3729000,-13107000,-13107000,-0.49,-0.49,-0.49,69998000,73543000,69998000,39464956,-3,-10.583,-219000,-0.009,1.0,65901000,0.591,26110000,0,27112000,42007000,2894000,0,0,0,20012000,18490000,1522000,57351956,-233000,-28155000,440000,0,0,440000,-6416000,27701000,5743000,0,-12202000,-12202000,-12202000,0,0,-0.109,79060000,-13159000,6349000,0.0,0.819,-4.7,-4.653,19851000,0,2.28,0.514,0.51,20307000,-186475000,111494000,111494000,4664000,-0.133,-0.166,-0.312,-0.118,3747000,58248000,1.0,25154367,24933656,24933656,4.472,63900000,0,-905000,0,2.534,24932000
BEAT,MRY,2013-12-31,2013-12-31,2013-12-31,2018-04-28,0,87546000,88807500,44255000,43291000,1.458,2.588,-8169000,22151000,22151000,50431000,-7319000,2.324,0.31,656000,187000,469000,656000,1945000,12318000,0,0.0,0.0,-6881000,5437000,0.042,5437000,-6881000,-7104000,-0.29,-0.29,-0.29,66829000,67246750,66829000,184175502,-26,33.874,3090000,0.121,1.0,79070000,0.611,23781000,223000,23230000,24313750,2554000,0,0,0,20717000,19040000,1677000,204497502,3853000,0,847000,-84000,0,763000,-8169000,0,11259000,0,-7319000,-7319000,-7319000,0,0,-0.057,85951000,-6881000,8718000,0.0,3.06,-27.941,-27.379,18779000,0,7.94,1.579,1.566,17117000,-193794000,129501000,129501000,7338000,-0.082,-0.109,-0.283,-0.053,3303000,62844000,1.0,25755353,25543646,25543646,5.07,63765000,0,215000,0,2.469,25215000
BEAT,MRY,2014-12-31,2014-12-31,2014-12-31,2018-04-28,0,124372000,117058250,49200000,75172000,1.423,2.383,-12781000,20007000,20007000,73114000,-9793000,1.393,0.953,24741000,1418000,23323000,24741000,2248000,12550000,0,0.0,0.0,-4313000,8237000,0.049,8237000,-4313000,-12106000,-0.37,-0.37,-0.37,63676000,63766500,63676000,273976400,-63,33.262,-3970000,-0.15,1.0,93464000,0.561,52316000,7793000,41469000,40564250,2566000,0,0,0,60696000,35321000,25375000,267637400,-2144000,-14100000,0,14875000,0,15926000,-26881000,0,8811000,0,-9793000,-9793000,-9793000,0,0,-0.059,97777000,-4313000,13195000,0.0,4.203,-27.329,-27.108,21703000,0,10.03,1.607,1.592,24546000,-203587000,166578000,166578000,7396000,-0.084,-0.154,-0.106,-0.026,4037000,73936000,1.0,26683689,26444626,26444626,6.299,72056000,0,-2313000,0,2.697,13879000
BEAT,MRY,2015-12-31,2015-12-31,2015-12-31,2018-04-28,-12000,124143000,120916500,47045000,77098000,1.476,2.784,-13600000,18986000,18986000,71956000,7428000,1.969,0.635,23582000,1537000,22045000,23582000,2625000,12488000,0,0.0,0.0,9430000,21918000,0.123,21918000,9430000,7896000,0.27,0.26,0.27,75926000,69670000,75926000,326929581,34,14.916,750000,0.028,1.0,106557000,0.597,49812000,1534000,55039000,52661250,2378000,0,0,0,48217000,23888000,24329000,318402581,-1021000,0,0,-1418000,0,-1771000,-13600000,0,14350000,0,7428000,7428000,7428000,0,0,0.042,97039000,9518000,8496000,0.0,4.194,42.865,43.259,25554000,0,11.68,1.784,1.774,24176000,-196159000,178513000,178513000,7111000,0.061,0.107,0.179,0.053,4952000,75818000,1.0,27260495,27116000,29089000,6.583,74331000,0,468000,0,2.725,23157000
BEAT,MRY,2016-12-31,2016-12-31,2016-12-31,2018-04-28,-34000,198984000,162329000,59560000,139424000,1.283,4.918,-10899000,23052000,23052000,78882000,53437000,1.89,0.432,25449000,1412000,24037000,25449000,3972000,14269000,0,0.0,0.0,17600000,31869000,0.153,31869000,17600000,15770000,1.91,1.75,1.91,138914000,100775750,138914000,636124710,36,19.961,27952000,1.001,1.0,129450000,0.621,74540000,1830000,95334000,70096750,5176000,0,0,0,60070000,31507000,28563000,630965710,4066000,-24970000,0,1241000,0,1427000,-36181000,-312000,38851000,-31000,53437000,53437000,53437000,0,0,0.256,111438000,18012000,12425000,0.0,4.542,11.808,11.702,25823000,0,22.35,3.029,2.995,26855000,-142722000,208332000,208332000,8355000,0.329,0.53,0.251,0.084,6502000,84513000,1.0,28231128,27920000,30489000,7.462,124444000,36636000,-37667000,0,4.405,28053000
BEAT,MRY,2017-12-31,2017-12-31,2017-12-31,2018-04-28,-114000,524562000,363450000,90108000,434454000,0.789,7.716,-13697000,36022000,36022000,114406000,-17143000,1.768,1.096,204865000,6073000,198792000,204865000,4298000,28561000,0,0.0,0.0,-4312000,24249000,0.085,24249000,-4312000,-9209000,-0.53,-0.53,-0.53,250757000,200811250,250757000,1149329728,-266,47.397,10085000,0.332,1.0,172370000,0.601,364812000,4897000,277638000,189057500,5332000,0,0,0,274859000,50955000,223904000,969002728,12970000,-161479000,0,167084000,0,166457000,-177188000,-2012000,23782000,-81000,-15956000,-15956000,-15956000,0,-1187000,-0.056,174133000,-1763000,14529000,0.0,3.864,-60.73,-56.415,49194000,0,29.9,3.379,3.168,38486000,-158678000,286776000,286776000,11101000,-0.044,-0.079,-0.023,-0.015,7680000,118305000,1.0,32408118,30386000,30386000,9.438,159750000,17681000,6747000,0,4.916,39153000
