ticker,dimension,calendardate,datekey,reportperiod,lastupdated,accoci,assets,assetsavg,assetsc,assetsnc,assetturnover,bvps,capex,cashneq,cashnequsd,cor,consolinc,currentratio,de,debt,debtc,debtnc,debtusd,deferredrev,depamor,deposits,divyield,dps,ebit,ebitda,ebitdamargin,ebitdausd,ebitusd,ebt,eps,epsdil,epsusd,equity,equityavg,equityusd,ev,evebit,evebitda,fcf,fcfps,fxusd,gp,grossmargin,intangibles,intexp,invcap,invcapavg,inventory,investments,investmentsc,investmentsnc,liabilities,liabilitiesc,liabilitiesnc,marketcap,ncf,ncfbus,ncfcommon,ncfdebt,ncfdiv,ncff,ncfi,ncfinv,ncfo,ncfx,netinc,netinccmn,netinccmnusd,netincdis,netincnci,netmargin,opex,opinc,payables,payoutratio,pb,pe,pe1,ppnenet,prefdivis,price,ps,ps1,receivables,retearn,revenue,revenueusd,rnd,roa,roe,roic,ros,sbcomp,sgna,sharefactor,sharesbas,shareswa,shareswadil,sps,tangibles,taxassets,taxexp,taxliabilities,tbvps,workingcapital
BEN,MRY,2011-12-31,2011-09-30,2011-09-30,2018-04-26,40400000,13775800000,13036534000,7616768000,6159075000,0.548,12.885,-131700000,5198600000,5198600000,0,1820800000,5.805,0.546,2168500000,84511000,2083926000,2168500000,0,243600000,890200000,0.01,0.333,2764400000,3008000000,0.421,3008000000,2764400000,2727000000,2.89,2.87,2.89,8524700000,8438608750,8524700000,18482182225,6,6.144,1490100000,2.252,1.0,7140000000,1.0,2148200000,37400000,7285436000,7169840000,0,4742000000,1913517000,2849992000,4653300000,1312064000,3341309000,21092175225,1074900000,-33900000,-904600000,-340300000,-216300000,-968200000,435900000,555700000,1621800000,-14600000,1923600000,1923600000,1923600000,0,-102800000,0.269,4480200000,2659800000,265900000,0.115,2.474,10.965,11.031,589700000,0,31.88,2.954,2.954,773200000,8462500000,7140000000,7140000000,0,0.148,0.228,0.386,0.387,74000000,4480200000,1.0,661611519,661611519,,10.792,11627600000,107900000,803400000,403200000,17.575,6304704000
BEN,MRY,2012-12-31,2012-09-30,2012-09-30,2018-04-26,62000000,14751500000,13863527000,,,0.512,14.426,-78400000,6051400000,6051400000,0,1915500000,,0.54,2777200000,,,2777200000,0,212000000,671700000,0.025,1.027,2730800000,2942800000,0.414,2942800000,2730800000,2694100000,2.99,2.98,2.99,9201300000,8728512750,9201300000,23151608832,8,7.867,987800000,1.549,1.0,7101000000,1.0,2141900000,36700000,9335400000,7675451750,0,4868900000,,,4964300000,,,26590251832,852800000,169600000,-748300000,313100000,-663000000,-1084900000,873400000,782200000,1066200000,-1900000,1931400000,1931400000,1931400000,0,-15900000,0.272,4585800000,2515200000,241600000,0.343,2.89,13.767,13.943,582700000,0,41.69,3.745,3.745,850200000,9075600000,7101000000,7101000000,0,0.139,0.221,0.356,0.385,81600000,4585800000,1.0,637808871,637808871,,11.133,12609600000,94900000,762700000,276300000,19.77,
BEN,MRY,2013-12-31,2013-09-30,2013-09-30,2018-04-26,6100000,15390300000,14967975000,,,0.533,15.858,-62200000,6323100000,6323100000,0,2170700000,,0.455,2295100000,,,2295100000,0,231500000,586800000,0.027,1.39,3053000000,3284500000,0.411,3284500000,3053000000,3006100000,3.37,3.37,3.37,10073100000,9555175000,10073100000,28266857157,9,8.606,1973500000,3.107,1.0,7985000000,1.0,2359200000,46900000,9003100000,9149275000,0,4813200000,,,4583000000,,,32109457157,271700000,-5800000,-449700000,-743900000,-882700000,-2018100000,232900000,300900000,2035700000,21200000,2150200000,2150200000,2150200000,0,20500000,0.269,5063700000,2921300000,273700000,0.412,3.188,14.933,15.0,564100000,0,50.55,4.021,4.021,1038900000,10003900000,7985000000,7985000000,0,0.144,0.225,0.334,0.382,113400000,5063700000,1.0,635201922,635201922,,12.571,13031100000,112400000,855900000,272500000,20.515,
BEN,MRY,2014-12-31,2014-09-30,2014-09-30,2018-04-26,-117700000,16357100000,16273925000,,,0.522,18.526,-53100000,7596000000,7596000000,0,2411700000,,0.338,2149000000,,,2149000000,0,222400000,0,0.009,0.48,3429600000,3652000000,0.43,3652000000,3429600000,3382200000,3.79,3.79,3.79,11584100000,11245700000,11584100000,28639747680,8,7.842,2084900000,3.334,1.0,8491400000,1.0,2325900000,47400000,8584200000,8911225000,0,4678200000,,,3909900000,,,34147147680,1272900000,0,-589600000,-180000000,-290400000,-1195300000,390600000,443700000,2138000000,-60400000,2384300000,2384300000,2384300000,0,27400000,0.281,5270200000,3221200000,237500000,0.127,2.948,14.322,14.409,530700000,0,54.61,4.021,4.021,950000000,11639500000,8491400000,8491400000,0,0.147,0.212,0.385,0.404,127700000,5270200000,1.0,625291113,625291113,,13.58,14031200000,98100000,997900000,259300000,22.439,
BEN,MRY,2015-12-31,2015-09-30,2015-09-30,2018-04-26,-314200000,16335700000,16448475000,,,0.483,19.291,-68800000,8368100000,8368100000,0,2104700000,,0.319,2155300000,,,2155300000,0,210200000,0,0.016,0.6,2998600000,3208800000,0.404,3208800000,2998600000,2959000000,3.29,3.29,3.29,11841000000,11825950000,11841000000,16647959760,5,5.188,2183200000,3.557,1.0,7948700000,1.0,2257000000,39600000,7865900000,8197475000,0,4109100000,,,3780300000,,,22870859760,772100000,205000000,-1034300000,-14700000,-666400000,-1612200000,248900000,112700000,2252000000,-116600000,2035300000,2035300000,2035300000,0,69400000,0.256,4921100000,3027600000,232100000,0.182,1.931,11.237,11.325,510100000,0,37.26,2.877,2.877,838000000,12094800000,7948700000,7948700000,0,0.124,0.172,0.366,0.377,140000000,4921100000,1.0,613818029,613818029,,12.95,14078700000,0,923700000,241400000,22.936,
BEN,MRY,2016-12-31,2016-09-30,2016-09-30,2018-04-26,-347400000,16098800000,16035675000,,,0.413,20.718,-97600000,8483300000,8483300000,0,1757700000,,0.294,2083400000,,,2083400000,0,162300000,0,0.02,0.72,2518700000,2681000000,0.405,2681000000,2518700000,2468800000,2.94,2.94,2.94,11935800000,11817375000,11935800000,14414337095,5,5.376,1630100000,2.829,1.0,6618000000,1.0,2211300000,49900000,7487600000,7686775000,0,3930000000,,,3509500000,,,20492637095,115200000,264000000,-1283900000,-93800000,-408700000,-1800700000,192200000,25800000,1727700000,-4000000,1726700000,1726700000,1726700000,0,31000000,0.261,4252300000,2365700000,233300000,0.245,1.717,11.868,12.099,523200000,0,35.57,3.097,3.097,794300000,12226200000,6618000000,6618000000,0,0.108,0.146,0.328,0.381,131500000,4252300000,1.0,576121369,576121369,,11.487,13887500000,0,742100000,161500000,24.105,
BEN,MRY,2017-12-31,2017-09-30,2017-09-30,2018-04-26,-284800000,17534000000,17107650000,,,0.374,22.629,-74900000,8749700000,8749700000,0,1789700000,,0.21,1097600000,,,1097600000,0,152300000,0,0.018,0.8,2507600000,2659900000,0.416,2659900000,2507600000,2456100000,3.01,3.01,3.01,12620000000,12294600000,12620000000,17464889046,6,6.566,1060500000,1.902,1.0,6392200000,1.0,2227700000,51500000,7654200000,7680950000,0,4861000000,,,2656300000,,,24823289046,266400000,239400000,-740400000,-641600000,-441200000,-956000000,52000000,-63300000,1135400000,35000000,1696700000,1696700000,1696700000,0,93000000,0.265,4127900000,2264300000,291500000,0.266,1.967,14.63,14.787,517200000,0,44.51,3.883,3.883,1001900000,12849300000,6392200000,6392200000,0,0.099,0.138,0.326,0.392,123400000,4127900000,1.0,557701394,557701394,,11.462,15306300000,0,759400000,245300000,27.445,
