ticker,dimension,calendardate,datekey,reportperiod,lastupdated,accoci,assets,assetsavg,assetsc,assetsnc,assetturnover,bvps,capex,cashneq,cashnequsd,cor,consolinc,currentratio,de,debt,debtc,debtnc,debtusd,deferredrev,depamor,deposits,divyield,dps,ebit,ebitda,ebitdamargin,ebitdausd,ebitusd,ebt,eps,epsdil,epsusd,equity,equityavg,equityusd,ev,evebit,evebitda,fcf,fcfps,fxusd,gp,grossmargin,intangibles,intexp,invcap,invcapavg,inventory,investments,investmentsc,investmentsnc,liabilities,liabilitiesc,liabilitiesnc,marketcap,ncf,ncfbus,ncfcommon,ncfdebt,ncfdiv,ncff,ncfi,ncfinv,ncfo,ncfx,netinc,netinccmn,netinccmnusd,netincdis,netincnci,netmargin,opex,opinc,payables,payoutratio,pb,pe,pe1,ppnenet,prefdivis,price,ps,ps1,receivables,retearn,revenue,revenueusd,rnd,roa,roe,roic,ros,sbcomp,sgna,sharefactor,sharesbas,shareswa,shareswadil,sps,tangibles,taxassets,taxexp,taxliabilities,tbvps,workingcapital
BFB,MRY,2011-12-31,2011-04-30,2011-04-30,2018-03-07,-131000000,3712000000,3514225000,1976000000,1736000000,0.969,3.784,-30000000,567000000,567000000,1680000000,572000000,2.795,0.802,759000000,255000000,504000000,759000000,0,56000000,0,0.031,0.597,858000000,914000000,0.269,914000000,858000000,829000000,1.044,1.04,1.044,2060000000,1944000000,2060000000,10914202589,12,11.941,497000000,0.913,1.0,1724000000,0.506,1295000000,29000000,1902000000,2019600000,647000000,0,0,0,1652000000,707000000,945000000,10433002589,335000000,233000000,-143000000,55000000,-326000000,-406000000,203000000,0,527000000,11000000,572000000,572000000,572000000,0,0,0.168,945000000,779000000,412000000,0.572,5.065,18.24,18.355,393000000,0,19.163,3.065,3.065,496000000,2710000000,3404000000,3404000000,0,0.163,0.294,0.425,0.252,9000000,940000000,1.0,544444193,544444193,,6.252,2417000000,60000000,257000000,190000000,4.439,1269000000
BFB,MRY,2012-12-31,2012-04-30,2012-04-30,2018-03-07,-230000000,3477000000,3644050000,1749000000,1728000000,0.992,3.885,-61000000,338000000,338000000,1819000000,513000000,4.329,0.681,510000000,7000000,503000000,510000000,0,49000000,0,0.016,0.357,791000000,840000000,0.232,840000000,791000000,760000000,0.956,0.948,0.956,2069000000,2045025000,2069000000,12529398210,15,14.916,455000000,0.854,1.0,1795000000,0.497,1285000000,31000000,1960000000,1948425000,712000000,0,0,0,1408000000,404000000,1004000000,12262798210,-229000000,-7000000,-230000000,-248000000,-192000000,-662000000,-68000000,0,516000000,-15000000,513000000,513000000,513000000,0,0,0.142,1008000000,787000000,386000000,0.373,5.927,23.904,24.086,399000000,0,23.027,3.393,3.393,475000000,3031000000,3614000000,3614000000,0,0.141,0.251,0.406,0.219,9000000,1005000000,1.0,532547693,532547693,,6.786,2192000000,42000000,247000000,169000000,4.116,1345000000
BFB,MRY,2013-12-31,2013-04-30,2013-04-30,2018-03-07,-211000000,3626000000,3711300000,1821000000,1805000000,1.02,3.048,-96000000,204000000,204000000,1829000000,591000000,3.85,1.227,1002000000,5000000,997000000,1002000000,0,51000000,0,0.071,1.991,901000000,952000000,0.252,952000000,901000000,865000000,1.108,1.1,1.108,1628000000,1893400000,1628000000,15934013138,17,16.737,441000000,0.826,1.0,1955000000,0.517,1285000000,36000000,2666000000,2353500000,827000000,0,0,0,1998000000,473000000,1525000000,15059913138,-134000000,-1000000,-16000000,486000000,-1063000000,-576000000,-97000000,0,537000000,2000000,591000000,591000000,591000000,0,0,0.156,1058000000,897000000,451000000,1.797,9.251,25.482,25.451,450000000,0,28.2,3.98,3.98,548000000,2500000000,3784000000,3784000000,0,0.159,0.312,0.383,0.238,11000000,1058000000,1.0,534039473,534039473,,7.086,2341000000,43000000,274000000,197000000,4.384,1348000000
BFB,MRY,2014-12-31,2014-04-30,2014-04-30,2018-03-07,-188000000,4103000000,3916000000,2177000000,1926000000,1.008,3.811,-126000000,437000000,437000000,1868000000,659000000,3.881,1.019,1005000000,8000000,997000000,1005000000,0,50000000,0,0.012,0.436,973000000,1023000000,0.259,1023000000,973000000,947000000,1.232,1.224,1.232,2032000000,1856250000,2032000000,19854976316,20,19.409,523000000,0.981,1.0,2078000000,0.527,1297000000,26000000,2813000000,2790750000,882000000,0,0,0,2071000000,561000000,1510000000,19135976316,233000000,-1000000,-68000000,3000000,-233000000,-288000000,-127000000,0,649000000,-1000000,659000000,659000000,659000000,0,0,0.167,1122000000,956000000,474000000,0.354,9.417,29.038,29.13,526000000,0,35.888,4.849,4.849,569000000,2894000000,3946000000,3946000000,0,0.168,0.355,0.349,0.247,13000000,1122000000,1.0,533213785,533213785,,7.4,2806000000,51000000,288000000,181000000,5.262,1616000000
BFB,MRY,2015-12-31,2015-04-30,2015-04-30,2018-03-07,-300000000,4188000000,4195750000,2254000000,1934000000,0.747,3.619,-121000000,370000000,370000000,951000000,684000000,2.353,1.198,1183000000,440000000,743000000,1183000000,0,51000000,0,0.013,0.484,1029000000,1080000000,0.345,1080000000,1029000000,1002000000,1.296,1.28,1.296,1905000000,2018750000,1905000000,19756482715,19,18.293,487000000,0.925,1.0,2183000000,0.697,1218000000,27000000,2825000000,2916000000,953000000,0,0,0,2283000000,958000000,1325000000,19000482715,-67000000,-4000000,-476000000,183000000,-256000000,-531000000,-125000000,0,608000000,-19000000,684000000,684000000,684000000,0,0,0.218,1134000000,1049000000,497000000,0.373,9.974,27.778,27.849,586000000,0,36.092,6.063,6.063,583000000,3300000000,3134000000,3134000000,0,0.163,0.339,0.353,0.328,15000000,1134000000,1.0,526445825,526445825,,5.953,2970000000,34000000,318000000,128000000,5.642,1296000000
BFB,MRY,2016-12-31,2016-04-30,2016-04-30,2018-03-07,-350000000,4183000000,4292250000,2233000000,1950000000,0.72,3.123,-110000000,263000000,263000000,945000000,1067000000,2.823,1.678,1501000000,271000000,1230000000,1501000000,0,56000000,0,0.014,0.524,1535000000,1591000000,0.515,1591000000,1535000000,1489000000,2.104,2.088,2.104,1562000000,1521750000,1562000000,20689687701,13,13.004,414000000,0.828,1.0,2144000000,0.694,1185000000,46000000,3445000000,3444750000,1054000000,0,0,0,2621000000,791000000,1830000000,19268687701,-107000000,543000000,-1124000000,315000000,-266000000,-1060000000,433000000,0,524000000,-4000000,1067000000,1067000000,1067000000,0,0,0.345,1105000000,1039000000,501000000,0.249,12.336,18.059,18.312,629000000,0,38.528,6.238,6.238,559000000,4065000000,3089000000,3089000000,0,0.249,0.701,0.446,0.497,15000000,1105000000,1.0,500121670,500121670,,6.176,2998000000,17000000,422000000,120000000,5.995,1442000000
BFB,MRY,2017-12-31,2017-04-30,2017-04-30,2018-03-07,-390000000,4625000000,4675000000,2351000000,2274000000,0.64,2.855,-115000000,182000000,182000000,973000000,669000000,2.424,2.376,2149000000,460000000,1689000000,2149000000,0,58000000,0,0.011,0.418,992000000,1050000000,0.351,1050000000,992000000,933000000,1.376,1.368,1.376,1370000000,1291750000,1370000000,20195174802,20,19.233,524000000,1.092,1.0,2021000000,0.675,1394000000,59000000,4228000000,4269750000,1270000000,0,0,0,3255000000,970000000,2285000000,18166174802,-81000000,-307000000,-571000000,590000000,-274000000,-285000000,-422000000,0,639000000,-13000000,669000000,669000000,669000000,0,0,0.223,1050000000,971000000,501000000,0.304,13.26,27.154,27.512,713000000,0,37.856,6.068,6.068,557000000,4470000000,2994000000,2994000000,0,0.143,0.518,0.232,0.331,14000000,1050000000,1.0,479875708,479875708,,6.239,3231000000,16000000,264000000,161000000,6.733,1381000000
