ticker,dimension,calendardate,datekey,reportperiod,lastupdated,accoci,assets,assetsavg,assetsc,assetsnc,assetturnover,bvps,capex,cashneq,cashnequsd,cor,consolinc,currentratio,de,debt,debtc,debtnc,debtusd,deferredrev,depamor,deposits,divyield,dps,ebit,ebitda,ebitdamargin,ebitdausd,ebitusd,ebt,eps,epsdil,epsusd,equity,equityavg,equityusd,ev,evebit,evebitda,fcf,fcfps,fxusd,gp,grossmargin,intangibles,intexp,invcap,invcapavg,inventory,investments,investmentsc,investmentsnc,liabilities,liabilitiesc,liabilitiesnc,marketcap,ncf,ncfbus,ncfcommon,ncfdebt,ncfdiv,ncff,ncfi,ncfinv,ncfo,ncfx,netinc,netinccmn,netinccmnusd,netincdis,netincnci,netmargin,opex,opinc,payables,payoutratio,pb,pe,pe1,ppnenet,prefdivis,price,ps,ps1,receivables,retearn,revenue,revenueusd,rnd,roa,roe,roic,ros,sbcomp,sgna,sharefactor,sharesbas,shareswa,shareswadil,sps,tangibles,taxassets,taxexp,taxliabilities,tbvps,workingcapital
BHP,MRY,2011-12-31,2011-06-30,2011-06-30,2017-09-29,0,102920000000,95886000000,25280000000,77640000000,0.748,16.902,-11326000000,10084000000,10084000000,0,23946000000,1.281,0.796,16274000000,3807000000,12467000000,16274000000,688000000,5039000000,0,0.019,1.82,31518000000,36557000000,0.51,36557000000,31518000000,30957000000,4.29,4.27,4.29,56762000000,52643500000,56762000000,321886559106,10,8.805,18754000000,5.584,1.0,71739000000,1.0,1456000000,561000000,87916000000,83562000000,6517000000,1866000000,264000000,1602000000,45165000000,19738000000,25427000000,317801559106,-2402000000,-4807000000,-9828000000,-577000000,-5054000000,-16018000000,-16464000000,-120000000,30080000000,27000000,23648000000,23648000000,23648000000,0,298000000,0.33,40454000000,31285000000,10278000000,0.424,5.599,13.439,22.058,67945000000,0,94.63,4.43,4.43,10290000000,53131000000,71739000000,71739000000,0,0.247,0.449,0.377,0.439,266000000,0,1.0,3358359496,3358359496,,21.361,101464000000,4266000000,7309000000,6376000000,30.212,5542000000
BHP,MRY,2012-12-31,2012-06-30,2012-06-30,2017-09-29,0,129273000000,116096500000,20451000000,108822000000,0.607,20.51,-19340000000,4781000000,4781000000,0,16617000000,0.928,0.944,28847000000,3731000000,25116000000,28847000000,579000000,6431000000,0,0.034,2.2,23456000000,29887000000,0.424,29887000000,23456000000,22788000000,2.91,2.89,2.91,65870000000,61316000000,65870000000,215911051061,9,7.224,5919000000,1.843,1.0,70477000000,1.0,5112000000,668000000,126193000000,107054500000,6657000000,2163000000,282000000,1881000000,62188000000,22034000000,40154000000,209721051061,-5187000000,-12550000000,-62000000,8644000000,-5877000000,2039000000,-32485000000,-376000000,25259000000,-30000000,15473000000,15473000000,15473000000,0,1144000000,0.22,48644000000,21833000000,12533000000,0.756,3.184,13.554,22.44,95247000000,0,65.3,2.976,2.976,9179000000,62236000000,70477000000,70477000000,0,0.133,0.252,0.219,0.333,270000000,0,1.0,3211654687,3211654687,,21.944,124161000000,4662000000,7315000000,8098000000,38.66,-1583000000
BHP,MRY,2013-12-31,2013-06-30,2013-06-30,2017-09-29,0,139178000000,134225500000,18953000000,120225000000,0.401,22.003,-19125000000,5677000000,5677000000,0,12820000000,0.941,0.904,33979000000,5298000000,28681000000,33979000000,522000000,6067000000,0,0.04,2.28,19068000000,25135000000,0.467,25135000000,19068000000,17919000000,2.11,2.1,2.11,70667000000,68268500000,70667000000,209252109114,10,8.325,1029000000,0.32,1.0,53860000000,1.0,5496000000,1149000000,141845000000,134019000000,6440000000,5555000000,161000000,5394000000,63887000000,20139000000,43748000000,185186109114,1230000000,502000000,12000000,7241000000,-6167000000,-198000000,-18726000000,1382000000,20154000000,-17000000,11223000000,11223000000,11223000000,1312000000,1597000000,0.208,36829000000,17031000000,11146000000,1.081,2.621,16.501,27.327,100565000000,0,57.66,3.438,3.438,8308000000,66982000000,53860000000,53860000000,0,0.084,0.164,0.142,0.354,210000000,0,1.0,3211691105,3211691105,,16.77,133682000000,6336000000,6696000000,7470000000,41.624,-1186000000
BHP,MRY,2014-12-31,2014-06-30,2014-06-30,2017-09-29,0,151413000000,145295500000,22296000000,129117000000,0.391,24.642,-15512000000,8803000000,8803000000,0,15224000000,1.234,0.834,34908000000,4278000000,30630000000,34908000000,485000000,7716000000,0,0.034,2.36,21526000000,29242000000,0.515,29242000000,21526000000,20612000000,2.6,2.59,2.6,79143000000,74905000000,79143000000,249744256137,11,8.541,9852000000,3.068,1.0,56762000000,1.0,5439000000,914000000,154015000000,147930000000,6476000000,6100000000,87000000,6013000000,66031000000,18064000000,47967000000,219840256137,3062000000,812000000,14000000,-1011000000,-6387000000,-6468000000,-15834000000,-29000000,25364000000,23000000,13832000000,13832000000,13832000000,-269000000,1392000000,0.244,36523000000,20239000000,10258000000,0.908,2.778,15.894,26.327,108787000000,0,68.45,3.873,3.873,8608000000,74548000000,56762000000,56762000000,0,0.095,0.185,0.146,0.379,0,0,1.0,3211691105,3211691105,,17.674,145974000000,6714000000,6780000000,7985000000,45.451,4232000000
BHP,MRY,2015-12-31,2015-06-30,2015-06-30,2017-09-29,0,124580000000,137996500000,16369000000,108211000000,0.323,20.166,-12093000000,6753000000,6753000000,0,2878000000,1.274,0.834,32452000000,3452000000,29000000000,32452000000,434000000,9158000000,0,0.061,2.48,6190000000,15348000000,0.344,15348000000,6190000000,5576000000,0.36,0.36,0.36,64768000000,71955500000,64768000000,156852944885,25,10.22,7203000000,2.243,1.0,44636000000,1.0,4292000000,614000000,133134000000,143574500000,4758000000,4954000000,83000000,4871000000,54035000000,12853000000,41182000000,130747944885,-1548000000,-916000000,9000000,-728000000,-6498000000,-8276000000,-13154000000,117000000,19296000000,-5000000,1910000000,1910000000,1910000000,0,968000000,0.043,37010000000,7626000000,7418000000,6.889,2.019,68.454,113.083,94072000000,0,40.71,2.929,2.929,5820000000,60044000000,44636000000,44636000000,0,0.014,0.027,0.043,0.139,0,0,1.0,3211691105,3211691105,,13.898,120288000000,3519000000,3666000000,4749000000,37.453,3516000000
BHP,MRY,2016-12-31,2016-06-30,2016-06-30,2017-09-29,0,118953000000,121766500000,17714000000,101239000000,0.254,16.904,-7281000000,10319000000,10319000000,0,-6207000000,1.435,1.085,38204000000,4658000000,33546000000,38204000000,355000000,8661000000,0,0.055,1.56,-6413000000,2248000000,0.073,2248000000,-6413000000,-7437000000,-1.2,-1.2,-1.2,54290000000,59529000000,54290000000,117424897959,-18,52.235,3344000000,1.041,1.0,30912000000,1.0,4119000000,1024000000,130379000000,131756500000,4175000000,5376000000,121000000,5255000000,58882000000,12340000000,46542000000,91725897958,3664000000,166000000,0,4607000000,-4130000000,284000000,-7245000000,40000000,10625000000,-1000000,-6385000000,-6385000000,-6385000000,0,178000000,-0.207,35487000000,-4575000000,5402000000,-1.3,1.69,-14.366,-23.8,83975000000,0,28.56,2.967,2.967,4022000000,49542000000,30912000000,30912000000,0,-0.052,-0.107,-0.049,-0.207,0,0,1.0,3211691105,3211691105,,9.625,114834000000,6714000000,-1052000000,4775000000,35.755,5374000000
BHP,MRY,2017-12-31,2017-06-30,2017-06-30,2017-09-29,0,117006000000,117979500000,21056000000,95950000000,0.325,17.828,-4608000000,14153000000,14153000000,0,6222000000,1.853,0.948,31974000000,1635000000,30339000000,31974000000,462000000,7719000000,0,0.03,1.08,11421000000,19140000000,0.5,19140000000,11421000000,9990000000,1.11,1.1,1.11,57258000000,55774000000,57258000000,142189086427,12,7.429,12196000000,3.797,1.0,38285000000,1.0,3968000000,1431000000,119493000000,124936000000,4768000000,3801000000,72000000,3729000000,54280000000,11366000000,42914000000,114304086427,3510000000,186000000,0,-5507000000,-2921000000,-9133000000,-4161000000,-234000000,16804000000,322000000,5890000000,5890000000,5890000000,0,332000000,0.154,27540000000,10745000000,5556000000,0.973,1.996,19.406,32.063,80497000000,0,35.59,2.986,2.986,3639000000,52618000000,38285000000,38285000000,0,0.05,0.106,0.091,0.298,0,0,1.0,3211691105,3211691105,,11.921,113038000000,5983000000,4100000000,5884000000,35.196,9690000000
