ticker,dimension,calendardate,datekey,reportperiod,lastupdated,accoci,assets,assetsavg,assetsc,assetsnc,assetturnover,bvps,capex,cashneq,cashnequsd,cor,consolinc,currentratio,de,debt,debtc,debtnc,debtusd,deferredrev,depamor,deposits,divyield,dps,ebit,ebitda,ebitdamargin,ebitdausd,ebitusd,ebt,eps,epsdil,epsusd,equity,equityavg,equityusd,ev,evebit,evebitda,fcf,fcfps,fxusd,gp,grossmargin,intangibles,intexp,invcap,invcapavg,inventory,investments,investmentsc,investmentsnc,liabilities,liabilitiesc,liabilitiesnc,marketcap,ncf,ncfbus,ncfcommon,ncfdebt,ncfdiv,ncff,ncfi,ncfinv,ncfo,ncfx,netinc,netinccmn,netinccmnusd,netincdis,netincnci,netmargin,opex,opinc,payables,payoutratio,pb,pe,pe1,ppnenet,prefdivis,price,ps,ps1,receivables,retearn,revenue,revenueusd,rnd,roa,roe,roic,ros,sbcomp,sgna,sharefactor,sharesbas,shareswa,shareswadil,sps,tangibles,taxassets,taxexp,taxliabilities,tbvps,workingcapital
BIG,MRY,2011-12-31,2012-01-28,2012-01-28,2018-04-03,-15519000,1641310000,1740617750,1006656000,634654000,2.989,12.549,-130426000,68547000,68547000,3131862000,207064000,1.721,0.994,69015000,3115000,65900000,69015000,0,82851000,0,0.0,0.0,345251000,428102000,0.082,428102000,345251000,341721000,3.03,2.98,3.03,823233000,849200250,823233000,2852505040,8,6.663,188045000,2.866,1.0,2070407000,0.398,12282000,3530000,1044676000,1081851750,825195000,0,0,0,818077000,584820000,233257000,2624119040,-108992000,1835000,-353548000,47283000,0,-306255000,-120712000,0,318471000,-496000,207064000,207064000,207064000,171000,0,0.04,1724812000,345595000,350117000,0.0,3.188,12.673,13.201,572767000,0,40.0,0.504,0.504,0,1718941000,5202269000,5202269000,0,0.119,0.244,0.319,0.066,22292000,1634532000,1.0,65602976,65602976,,79.299,1629028000,49333000,134657000,55456000,24.832,421836000
BIG,MRY,2012-12-31,2013-02-02,2013-02-02,2018-04-03,-13330000,1753626000,1805244500,1090630000,662996000,2.887,13.095,-130361000,60581000,60581000,3157632000,177121000,1.732,1.313,174269000,3069000,171200000,174269000,0,95602000,0,0.0,0.0,298376000,393978000,0.076,393978000,298376000,294192000,2.96,2.93,2.96,758142000,722592000,758142000,2272205965,7,5.767,150772000,2.604,1.0,2054686000,0.394,13522000,4184000,1224158000,1260995000,918023000,0,0,0,995484000,629634000,365850000,1872293965,-7966000,0,-270750000,103979000,0,-158274000,-130357000,0,281133000,-468000,177121000,177121000,177121000,13396000,0,0.034,1742916000,311770000,393652000,0.0,2.47,10.571,10.926,593562000,0,32.34,0.359,0.359,0,1896062000,5212318000,5212318000,0,0.098,0.245,0.237,0.057,9735000,1639770000,1.0,57894062,57894062,,90.032,1740104000,37696000,117071000,59566000,30.057,460996000
BIG,MRY,2013-12-31,2014-02-01,2014-02-01,2018-04-03,-13511000,1739599000,1853104750,1121061000,618538000,2.765,15.44,-97526000,68629000,68629000,3117386000,125295000,1.941,0.93,77000000,0,77000000,77000000,0,102196000,0,0.0,0.0,214103000,316299000,0.062,316299000,214103000,210810000,2.18,2.16,2.18,901427000,832063750,901427000,1823397369,8,5.765,100808000,1.727,1.0,2007369000,0.392,0,3293000,1170523000,1290958000,914965000,0,0,0,838172000,577447000,260725000,1564054369,8048000,0,4670000,-95289000,0,-91196000,-97495000,0,198334000,-1595000,125295000,125295000,125295000,15995000,0,0.024,1777259000,230110000,365772000,0.0,1.735,12.483,12.289,569682000,0,26.79,0.305,0.305,0,2021357000,5124755000,5124755000,0,0.068,0.151,0.166,0.042,13060000,1664031000,1.0,58382022,58382022,,87.78,1739599000,64887000,85515000,32367000,29.797,543614000
BIG,MRY,2014-12-31,2015-01-31,2015-01-31,2018-04-03,-14656000,1635891000,1717814000,999275000,636616000,3.014,14.771,-90677000,52261000,52261000,3133124000,114276000,1.7,1.072,62100000,0,62100000,62100000,0,105849000,0,0.011,0.51,202103000,307952000,0.059,307952000,202103000,199515000,2.08,2.06,2.08,789550000,790574250,789550000,2674907138,13,8.686,227885000,4.263,1.0,2043954000,0.395,0,2588000,1057901000,1139454000,851669000,0,0,0,846341000,587829000,258512000,2453995138,-16368000,0,-208065000,-17265000,-27828000,-249320000,-90749000,0,318562000,5139000,114276000,114276000,114276000,22385000,0,0.022,1819466000,224488000,358932000,0.245,3.108,21.474,22.072,550555000,0,45.91,0.474,0.474,0,2107100000,5177078000,5177078000,0,0.067,0.145,0.177,0.039,6758000,1699764000,1.0,53452301,53452301,,96.854,1635891000,46293000,85239000,20204000,30.605,411446000
BIG,MRY,2015-12-31,2016-01-30,2016-01-30,2018-04-03,-15977000,1640370000,1710710500,994432000,645938000,3.034,14.539,-113216000,54144000,54144000,3123396000,142873000,1.466,1.277,62300000,0,62300000,62300000,0,108054000,0,0.02,0.76,230398000,338452000,0.065,338452000,230398000,226715000,2.83,2.8,2.83,720470000,698090000,720470000,2195021198,9,6.485,229136000,4.624,1.0,2067186000,0.398,0,3683000,970078000,1162272250,849982000,0,0,0,919900000,678448000,241452000,1921662198,1883000,0,-185584000,-4233000,-38530000,-227276000,-113193000,0,342352000,0,142873000,142873000,142873000,135000,0,0.028,1831454000,235732000,382277000,0.269,2.667,13.45,13.703,559924000,0,38.78,0.37,0.37,0,2210239000,5190582000,5190582000,0,0.084,0.205,0.198,0.044,12149000,1708717000,1.0,49552919,49552919,,104.748,1640370000,47739000,83842000,42725000,33.103,315984000
BIG,MRY,2016-12-31,2017-01-28,2017-01-28,2018-04-03,0,1607707000,1671557750,994379000,613328000,3.111,14.601,-84721000,51164000,51164000,3101020000,152828000,1.465,1.471,106400000,0,106400000,106400000,0,108315000,0,0.017,0.84,249377000,357692000,0.069,357692000,249377000,244286000,3.37,3.32,3.37,650630000,589819250,650630000,2471886359,9,6.911,227204000,5.099,1.0,2099419000,0.404,0,5091000,984348000,1146957500,858689000,0,0,0,957077000,678595000,278482000,2168729359,-2980000,0,-232648000,39586000,-38466000,-230204000,-84701000,0,311925000,0,152828000,152828000,152828000,-45000,0,0.029,1851446000,247973000,400495000,0.249,3.333,14.191,14.442,525851000,0,48.67,0.417,0.417,0,2323318000,5200439000,5200439000,0,0.091,0.259,0.217,0.048,31918000,1731006000,1.0,44559880,44559880,,116.707,1607707000,46469000,91458000,47118000,36.08,315784000
BIG,MRY,2017-12-31,2018-02-03,2018-02-03,2018-04-03,0,1651726000,1672253500,1021973000,629753000,3.152,15.93,-156497000,51176000,51176000,3128538000,189832000,1.733,1.467,199800000,0,199800000,199800000,0,106004000,0,0.017,1.0,302065000,408069000,0.077,408069000,302065000,295354000,4.43,4.38,4.43,669587000,618523500,669587000,2740859851,9,6.717,93871000,2.233,1.0,2142442000,0.406,0,6711000,1210742000,1199549250,872790000,0,0,0,982139000,589608000,392531000,2426971851,12000,0,-154045000,104872000,-44671000,-93848000,-156508000,0,250368000,0,189832000,189832000,189832000,0,0,0.036,1841089000,301353000,351226000,0.226,3.625,12.785,13.034,565977000,0,57.74,0.46,0.46,0,2468258000,5270980000,5270980000,0,0.114,0.307,0.252,0.057,27825000,1723996000,1.0,42032765,42032765,,125.402,1651726000,13986000,105522000,22597000,39.296,432365000
