ticker,dimension,calendardate,datekey,reportperiod,lastupdated,accoci,assets,assetsavg,assetsc,assetsnc,assetturnover,bvps,capex,cashneq,cashnequsd,cor,consolinc,currentratio,de,debt,debtc,debtnc,debtusd,deferredrev,depamor,deposits,divyield,dps,ebit,ebitda,ebitdamargin,ebitdausd,ebitusd,ebt,eps,epsdil,epsusd,equity,equityavg,equityusd,ev,evebit,evebitda,fcf,fcfps,fxusd,gp,grossmargin,intangibles,intexp,invcap,invcapavg,inventory,investments,investmentsc,investmentsnc,liabilities,liabilitiesc,liabilitiesnc,marketcap,ncf,ncfbus,ncfcommon,ncfdebt,ncfdiv,ncff,ncfi,ncfinv,ncfo,ncfx,netinc,netinccmn,netinccmnusd,netincdis,netincnci,netmargin,opex,opinc,payables,payoutratio,pb,pe,pe1,ppnenet,prefdivis,price,ps,ps1,receivables,retearn,revenue,revenueusd,rnd,roa,roe,roic,ros,sbcomp,sgna,sharefactor,sharesbas,shareswa,shareswadil,sps,tangibles,taxassets,taxexp,taxliabilities,tbvps,workingcapital
BKE,MRY,2011-12-31,2012-01-28,2012-01-28,2018-04-04,-699000,531539000,510728500,320127000,211412000,2.081,7.658,-36618000,166511000,166511000,594291000,151456000,2.915,0.464,0,0,0,0,0,32769000,0,0.066,2.85,240481000,273250000,0.257,273250000,240481000,240481000,3.23,3.2,3.23,363147000,359572500,363147000,2007838202,8,7.348,172655000,3.641,1.0,468655000,0.441,0,0,255197000,297004250,104209000,69983000,29998000,39985000,168392000,109831000,58561000,2055794202,50041000,0,533000,0,-144563000,-141659000,-17573000,19026000,209273000,0,151456000,151456000,151456000,0,0,0.142,232335000,236320000,27416000,0.882,5.661,13.574,13.421,169034000,0,43.35,1.934,1.934,4584000,263039000,1062946000,1062946000,0,0.297,0.421,0.81,0.226,6403000,232335000,1.0,47423165,47423165,,22.414,531539000,0,89025000,8150000,11.208,210296000
BKE,MRY,2012-12-31,2013-02-02,2013-02-02,2018-04-04,-934000,477974000,549554500,276873000,201101000,2.045,6.028,-29157000,117608000,117608000,624692000,164305000,2.147,0.65,0,0,0,0,0,33834000,0,0.108,5.1,261699000,295533000,0.263,295533000,261699000,261699000,3.47,3.44,3.47,289649000,387441250,289649000,2046729727,7,6.926,191784000,3.991,1.0,499315000,0.444,0,0,231410000,276521000,103853000,62149000,26414000,35735000,188325000,128956000,59369000,2259765727,-48903000,0,846000,0,-254633000,-248178000,-21666000,7361000,220941000,0,164305000,164305000,164305000,0,0,0.146,241140000,258175000,34124000,1.47,7.802,13.753,13.553,163103000,0,47.03,2.01,2.01,3470000,172711000,1124007000,1124007000,0,0.299,0.424,0.946,0.233,8388000,241140000,1.0,48049452,48049452,,23.393,477974000,0,97394000,20307000,9.948,147917000
BKE,MRY,2013-12-31,2014-02-01,2014-02-01,2018-04-04,-838000,546293000,520762750,342137000,204156000,2.166,7.489,-28800000,164868000,164868000,628856000,162584000,2.773,0.509,0,0,0,0,0,32631000,0,0.041,1.8,260456000,293087000,0.26,293087000,260456000,260456000,3.41,3.39,3.41,361930000,348142750,361930000,2011192332,7,6.862,145226000,3.005,1.0,499145000,0.443,0,0,258044000,280430500,124141000,63633000,20197000,43436000,184363000,123381000,60982000,2142033332,47260000,0,0,0,-97144000,-96745000,-30021000,-1333000,174026000,0,162584000,162584000,162584000,0,0,0.144,242151000,256994000,37147000,0.528,5.918,13.175,12.997,158569000,0,44.32,1.899,1.899,4318000,238151000,1128001000,1128001000,0,0.312,0.467,0.929,0.231,5066000,242151000,1.0,48331077,48331077,,23.339,546293000,0,97872000,16187000,11.303,218756000
BKE,MRY,2014-12-31,2015-01-31,2015-01-31,2018-04-04,-429000,542993000,570944250,324589000,218404000,2.02,7.344,-45454000,133708000,133708000,645810000,162564000,2.655,0.528,0,0,0,0,0,31679000,0,0.018,0.89,259696000,291375000,0.253,291375000,259696000,259696000,3.39,3.38,3.39,355278000,397892750,355278000,2274938115,8,7.808,150314000,3.107,1.0,507332000,0.44,0,0,287014000,297912250,129921000,69555000,25857000,43698000,187715000,122271000,65444000,2457205115,-31160000,0,70000,0,-176604000,-176309000,-50619000,-5273000,195768000,0,162564000,162564000,162564000,0,0,0.141,250359000,256973000,35714000,0.263,6.916,15.115,14.982,172663000,0,50.79,2.131,2.131,8567000,224111000,1153142000,1153142000,0,0.285,0.409,0.872,0.225,6013000,250359000,1.0,48379703,48379703,,23.835,542993000,0,97132000,15661000,11.224,202318000
BKE,MRY,2015-12-31,2016-01-30,2016-01-30,2018-04-04,-331000,572773000,568040250,362897000,209876000,1.971,8.516,-34379000,161185000,161185000,638215000,147283000,3.372,0.388,0,0,0,0,0,32142000,0,0.068,1.94,234824000,266966000,0.238,266966000,234824000,234824000,3.06,3.06,3.06,412643000,401446500,412643000,1255603407,5,4.703,124943000,2.579,1.0,481401000,0.43,0,0,303962000,327302250,149566000,70291000,36465000,33826000,160130000,107626000,52504000,1377033407,27477000,0,-3219000,0,-93768000,-96987000,-34858000,-579000,159322000,0,147283000,147283000,147283000,0,0,0.132,251813000,229588000,33862000,0.634,3.337,9.35,9.288,172781000,0,28.42,1.23,1.23,9651000,277626000,1119616000,1119616000,0,0.259,0.367,0.717,0.21,6197000,251813000,1.0,48452970,48452970,,23.107,572773000,0,87541000,11141000,11.821,255271000
BKE,MRY,2016-12-31,2017-01-28,2017-01-28,2018-04-04,-82000,579847000,576551000,386457000,193390000,1.691,8.855,-31345000,196536000,196536000,577705000,97961000,3.919,0.347,0,0,0,0,0,32787000,0,0.085,1.75,156271000,189058000,0.194,189058000,156271000,156271000,2.04,2.03,2.04,430539000,432480000,430539000,836192129,5,4.423,117521000,2.417,1.0,397168000,0.407,0,0,284695000,314625500,125694000,68086000,49994000,18092000,149308000,98616000,50692000,999198129,35351000,0,0,0,-84850000,-84850000,-28665000,2600000,148866000,0,97961000,97961000,97961000,0,0,0.1,244408000,152760000,25079000,0.858,2.321,10.2,10.074,168995000,0,20.55,1.025,1.025,8210000,290737000,974873000,974873000,0,0.17,0.227,0.497,0.16,5330000,244408000,1.0,48622780,48622780,,20.05,579847000,0,58310000,10737000,11.925,287841000
BKE,MRY,2017-12-31,2018-02-03,2018-02-03,2018-04-04,-89000,538116000,570881250,360584000,177532000,1.6,8.011,-13199000,165086000,165086000,533357000,89707000,3.683,0.375,0,0,0,0,0,30745000,0,0.153,3.0,139485000,170230000,0.186,170230000,139485000,139485000,1.86,1.85,1.86,391248000,427632750,391248000,752042088,5,4.418,106522000,2.181,1.0,380023000,0.416,0,0,275124000,284268250,118007000,72286000,50833000,21453000,146868000,97906000,48962000,957289088,-31450000,0,0,0,-133874000,-133874000,-17297000,-4190000,119721000,0,89707000,89707000,89707000,0,0,0.098,245945000,134078000,29387000,1.613,2.447,10.671,10.538,149546000,0,19.6,1.048,1.048,8588000,246570000,913380000,913380000,0,0.157,0.21,0.491,0.153,4883000,245945000,1.0,48841280,48841280,,18.701,538116000,0,49778000,12364000,11.018,262678000
