ticker,dimension,calendardate,datekey,reportperiod,lastupdated,accoci,assets,assetsavg,assetsc,assetsnc,assetturnover,bvps,capex,cashneq,cashnequsd,cor,consolinc,currentratio,de,debt,debtc,debtnc,debtusd,deferredrev,depamor,deposits,divyield,dps,ebit,ebitda,ebitdamargin,ebitdausd,ebitusd,ebt,eps,epsdil,epsusd,equity,equityavg,equityusd,ev,evebit,evebitda,fcf,fcfps,fxusd,gp,grossmargin,intangibles,intexp,invcap,invcapavg,inventory,investments,investmentsc,investmentsnc,liabilities,liabilitiesc,liabilitiesnc,marketcap,ncf,ncfbus,ncfcommon,ncfdebt,ncfdiv,ncff,ncfi,ncfinv,ncfo,ncfx,netinc,netinccmn,netinccmnusd,netincdis,netincnci,netmargin,opex,opinc,payables,payoutratio,pb,pe,pe1,ppnenet,prefdivis,price,ps,ps1,receivables,retearn,revenue,revenueusd,rnd,roa,roe,roic,ros,sbcomp,sgna,sharefactor,sharesbas,shareswa,shareswadil,sps,tangibles,taxassets,taxexp,taxliabilities,tbvps,workingcapital
BKS,MRY,2011-12-31,2011-04-30,2011-04-30,2018-03-01,-11630000,3596466000,3918051500,1747021000,1849445000,1.786,14.389,-110502000,59429000,59429000,5205712000,-73957000,1.007,3.386,313100000,0,313100000,313100000,0,244734000,0,0.068,0.75,-65222000,179512000,0.026,179512000,-65222000,-122572000,-1.31,-1.31,-1.31,819910000,836802250,819910000,940046003,-14,5.237,88570000,1.565,1.0,1792853000,0.256,1090691000,57350000,1024769000,1218525000,1375362000,0,0,0,2776556000,1734677000,1041879000,662123003,-1536000,-7508000,15397000,-47300000,-44783000,-80832000,-119776000,-300000,199072000,0,-73920000,-73920000,-73920000,0,0,-0.011,1858112000,-65259000,949010000,-0.573,0.808,-8.957,-8.389,704651000,0,10.99,0.095,0.089,150294000,562379000,6998565000,6998565000,0,-0.019,-0.088,-0.054,-0.009,20978000,1629384000,1.0,60247771,56588000,56588000,123.676,2505775000,0,-48652000,280132000,43.976,12344000
BKS,MRY,2012-12-31,2012-04-28,2012-04-28,2018-03-01,-16635000,3774699000,4011070250,2007243000,1767456000,1.777,14.805,-145552000,54131000,54131000,5218383000,-68867000,1.117,3.429,324200000,0,324200000,324200000,0,238048000,0,0.0,0.0,-61303000,176745000,0.025,176745000,-61303000,-96607000,-1.41,-1.41,-1.41,852271000,798548750,852271000,897678192,-14,5.079,-169664000,-2.959,1.0,1910816000,0.268,1083739000,35304000,1164325000,1102022500,1561841000,0,0,0,2922428000,1796704000,1125724000,823475192,-5298000,-14528000,-2993000,11100000,-7081000,192220000,-173406000,0,-24112000,0,-68867000,-68867000,-68867000,0,0,-0.01,1972119000,-61303000,863223000,0.0,0.966,-11.957,-9.702,622655000,0,13.68,0.116,0.11,169947000,586188000,7129199000,7129199000,0,-0.017,-0.086,-0.056,-0.009,20775000,1739452000,1.0,60195555,57337000,57337000,124.339,2690960000,0,-27740000,242748000,46.746,210539000
BKS,MRY,2013-12-31,2013-04-27,2013-04-27,2018-03-01,-16692000,3732536000,4155505500,2047135000,1685401000,1.646,12.204,-165835000,160470000,160470000,5156499000,-157806000,1.193,4.23,77000000,0,77000000,77000000,0,232604000,0,0.0,0.0,-220004000,12600000,0.002,12600000,-220004000,-255349000,-3.02,-3.02,-3.02,713743000,802245750,713743000,873307120,-3,69.31,-48444000,-0.832,1.0,1682506000,0.246,1043427000,35345000,890169000,979985750,1410769000,0,0,0,3018793000,1715470000,1303323000,1086950120,106339000,0,-2173000,-198494000,-15767000,164628000,-175680000,0,117391000,0,-157806000,-157806000,-157806000,0,0,-0.023,1902510000,-220004000,805194000,0.0,1.523,-6.888,-6.01,584909000,0,18.15,0.159,0.155,149369000,410349000,6839005000,6839005000,0,-0.038,-0.197,-0.224,-0.032,20187000,1675376000,1.0,59887059,58247000,58247000,117.414,2689109000,209893000,-97543000,231215000,45.98,331665000
BKS,MRY,2014-12-31,2014-05-03,2014-05-03,2018-03-01,-11773000,3537449000,3921064500,1980438000,1557011000,1.182,11.14,-96728000,340171000,340171000,3214396000,-47268000,1.15,4.37,127250000,127250000,0,127250000,0,174750000,0,0.0,0.0,-5135000,169615000,0.037,169615000,-5135000,-34257000,-1.12,-1.12,-1.12,658696000,651171250,658696000,636496725,-123,3.753,178956000,3.035,1.0,1418949000,0.306,1021765000,29122000,581118000,648416500,1284976000,0,0,0,2878753000,1721645000,1157108000,998829725,179701000,0,-4223000,7675000,0,-11756000,-93326000,0,275684000,0,-47268000,-47268000,-47268000,-31872000,0,-0.01,1455956000,-37007000,735112000,0.0,1.516,-21.131,-14.893,490713000,0,16.68,0.216,0.212,143981000,344021000,4633345000,4633345000,0,-0.012,-0.073,-0.008,-0.001,11154000,1287163000,1.0,59881878,58971000,58971000,78.57,2515684000,144730000,13011000,211925000,42.547,258793000
BKS,MRY,2015-12-31,2015-05-02,2015-05-02,2018-03-01,-16533000,3112431000,3644286000,1612240000,1500191000,1.665,18.819,-94805000,14646000,14646000,4196998000,36596000,1.095,1.617,0,0,0,0,0,149143000,0,0.0,0.0,133173000,282316000,0.047,282316000,133173000,115283000,0.21,0.21,0.21,1189358000,911453000,1189358000,1123721992,8,3.98,-95535000,-1.57,1.0,1872499000,0.309,530850000,17890000,1093942000,1085614000,995738000,0,0,0,1923073000,1472993000,450080000,1450403992,-265811000,0,-9325000,-70089000,0,-169750000,-94805000,0,-730000,0,36596000,36596000,36596000,0,0,0.006,1739326000,133173000,484574000,0.0,1.219,39.633,108.095,341735000,0,22.7,0.239,0.228,60265000,357512000,6069497000,6069497000,0,0.01,0.04,0.123,0.022,16875000,1545152000,1.0,63894449,60842000,60928000,99.758,2581581000,0,78687000,15795000,40.848,139247000
BKS,MRY,2016-12-31,2016-04-30,2016-04-30,2018-03-01,151000,2012782000,2494607250,1178390000,834392000,1.669,8.191,-94274000,13838000,13838000,2836547000,-24446000,0.987,2.335,47200000,0,47200000,47200000,0,139138000,0,0.823,9.669,-24490000,114648000,0.028,114648000,-24490000,-33260000,-0.49,-0.49,-0.49,603510000,790449000,603510000,814092412,-33,7.101,101413000,1.401,1.0,1327297000,0.319,522180000,8770000,330093000,540553000,933723000,0,0,0,1409272000,1193871000,215401000,877649412,-60522000,0,-29419000,47200000,-46056000,-47758000,-94274000,0,195687000,0,-24446000,-24446000,-24446000,39146000,0,-0.006,1312641000,14656000,480574000,-19.733,1.454,-35.902,-23.98,298580000,0,11.75,0.211,0.204,124917000,-24349000,4163844000,4163844000,0,-0.01,-0.031,-0.045,-0.006,14201000,1176778000,1.0,74693567,72410000,72542000,57.504,1490602000,0,-8814000,54017000,20.231,-15481000
BKS,MRY,2017-12-31,2017-04-29,2017-04-29,2018-03-01,315000,1932921000,2051948500,1128012000,804909000,1.898,7.97,-96258000,11993000,11993000,2682356000,22023000,1.018,2.366,64900000,0,64900000,64900000,0,119837000,0,0.07,0.6,54308000,174145000,0.045,174145000,54308000,46799000,0.3,0.3,0.3,574311000,564931000,574311000,626174921,11,3.596,48985000,0.679,1.0,1212202000,0.311,517586000,7509000,359975000,370344000,946909000,0,0,0,1358610000,1108267000,250343000,619602921,-1845000,0,-25663000,17700000,-43887000,-50830000,-96258000,0,145243000,0,22023000,22023000,22023000,0,0,0.006,1157894000,54308000,473686000,2.0,1.079,28.134,28.5,276122000,0,8.55,0.159,0.158,67294000,-46425000,3894558000,3894558000,0,0.011,0.039,0.147,0.014,6299000,1040007000,1.0,72468178,72188000,72328000,53.95,1415335000,0,24776000,86132000,19.642,19745000
