ticker,dimension,calendardate,datekey,reportperiod,lastupdated,accoci,assets,assetsavg,assetsc,assetsnc,assetturnover,bvps,capex,cashneq,cashnequsd,cor,consolinc,currentratio,de,debt,debtc,debtnc,debtusd,deferredrev,depamor,deposits,divyield,dps,ebit,ebitda,ebitdamargin,ebitdausd,ebitusd,ebt,eps,epsdil,epsusd,equity,equityavg,equityusd,ev,evebit,evebitda,fcf,fcfps,fxusd,gp,grossmargin,intangibles,intexp,invcap,invcapavg,inventory,investments,investmentsc,investmentsnc,liabilities,liabilitiesc,liabilitiesnc,marketcap,ncf,ncfbus,ncfcommon,ncfdebt,ncfdiv,ncff,ncfi,ncfinv,ncfo,ncfx,netinc,netinccmn,netinccmnusd,netincdis,netincnci,netmargin,opex,opinc,payables,payoutratio,pb,pe,pe1,ppnenet,prefdivis,price,ps,ps1,receivables,retearn,revenue,revenueusd,rnd,roa,roe,roic,ros,sbcomp,sgna,sharefactor,sharesbas,shareswa,shareswadil,sps,tangibles,taxassets,taxexp,taxliabilities,tbvps,workingcapital
BOBE,MRY,2011-12-31,2011-04-29,2011-04-29,2017-12-06,0,1094321000,1090082000,119605000,974716000,1.538,21.915,-37580000,57730000,57730000,509849000,54163000,0.699,0.648,149287000,13571000,135716000,149287000,16289000,83148000,0,0.025,0.78,88540000,171688000,0.102,171688000,88540000,79673000,1.79,1.78,1.79,664110000,649908250,664110000,1070216485,12,6.233,118857000,3.922,1.0,1167057000,0.696,42264000,8867000,972502000,1005554500,23526000,27620000,0,27620000,430211000,171112000,259099000,950346485,40195000,0,-12197000,-40905000,-23651000,-76349000,-39893000,-2229000,156437000,0,54163000,54163000,54163000,0,0,0.032,1078517000,88540000,30418000,0.436,1.431,17.546,17.52,900878000,0,31.36,0.567,0.567,26043000,818561000,1676906000,1676906000,0,0.05,0.083,0.088,0.053,7402000,724675000,1.0,30304416,30304416,,55.335,1052057000,10860000,25510000,100532000,34.716,-51507000
BOBE,MRY,2012-12-31,2012-04-27,2012-04-27,2017-12-06,0,1065777000,1070279750,103647000,962130000,1.203,22.408,-62562000,35946000,35946000,419596000,72942000,0.532,0.614,135716000,38571000,97145000,135716000,15476000,60264000,0,0.025,0.95,109232000,169496000,0.132,169496000,109232000,101348000,2.48,2.44,2.48,660236000,665218750,660236000,1214641007,11,7.166,90288000,3.064,1.0,867614000,0.674,41444000,7884000,929214000,930912000,23388000,28132000,0,28132000,405541000,194889000,210652000,1126868007,-21784000,0,-58513000,-14571000,-28262000,-100649000,-73985000,-469000,152850000,0,72942000,72942000,72942000,-2757000,0,0.057,761139000,106475000,26085000,0.383,1.707,15.449,15.593,883295000,0,38.67,0.875,0.885,30113000,866799000,1287210000,1287210000,0,0.068,0.11,0.117,0.085,5196000,522859000,1.0,29140626,29464000,29925000,43.688,1024333000,11738000,28406000,91442000,34.766,-91242000
BOBE,MRY,2013-12-31,2013-04-26,2013-04-26,2017-12-06,0,1020953000,1060932250,150458000,870495000,1.254,21.507,-102688000,9010000,9010000,422847000,-821000,0.441,0.717,202249000,201433000,816000,202249000,12915000,69319000,0,0.025,1.08,4580000,73899000,0.056,73899000,4580000,-6905000,-0.03,-0.03,-0.03,594775000,613302250,594775000,1370843809,299,18.55,41775000,1.488,1.0,907379000,0.682,23061000,11485000,850247000,889781500,22491000,29723000,0,29723000,426178000,340884000,85294000,1185434809,-26936000,-52285000,-57025000,60567000,-30214000,-24578000,-146821000,-314000,144463000,0,-821000,-821000,-821000,83374000,0,-0.001,819425000,87954000,23058000,-36.0,1.993,-1443.891,-1417.333,788477000,0,42.52,0.891,0.897,47773000,847819000,1330226000,1330226000,0,-0.001,-0.001,0.005,0.003,8606000,558915000,1.0,27879464,28066000,28488000,47.396,997892000,79767000,-6084000,62293000,36.084,-190426000
BOBE,MRY,2014-12-31,2014-04-25,2014-04-25,2017-12-06,0,1065752000,1064352750,116017000,949735000,1.248,15.638,-182969000,7826000,7826000,450953000,33685000,0.193,1.738,459733000,458898000,835000,459733000,12967000,79456000,0,0.026,1.21,35842000,115298000,0.087,115298000,35842000,33828000,1.27,1.26,1.27,389219000,493907750,389219000,1523644392,42,13.215,-15129000,-0.572,1.0,877599000,0.661,22904000,2014000,892239000,895737500,25243000,16243000,0,16243000,676533000,602516000,74017000,1155393392,-1184000,0,-211562000,255401000,-31694000,9043000,-178067000,0,167840000,0,33685000,33685000,33685000,-2717000,0,0.025,844474000,33125000,29064000,0.953,2.968,34.3,36.85,852870000,0,46.8,0.87,0.932,30688000,849235000,1328552000,1328552000,0,0.032,0.068,0.04,0.027,7105000,555811000,1.0,24687893,26450000,26704000,50.229,1042848000,44480000,143000,55631000,41.898,-486499000
BOBE,MRY,2015-12-31,2015-04-24,2015-04-24,2017-12-06,0,1018980000,1044883000,108078000,910902000,1.291,16.173,-64481000,6358000,6358000,457039000,16553000,0.706,1.682,451085000,409000,450676000,451085000,13714000,80074000,0,0.027,1.24,17686000,97760000,0.072,97760000,17686000,9037000,0.7,0.7,0.7,379991000,375307000,379991000,1515001495,85,15.497,38624000,1.644,1.0,892151000,0.661,19986000,8649000,1290629000,1334261000,24620000,18544000,0,18544000,638989000,153092000,485897000,1070834495,-1468000,0,534000,-9925000,-29056000,-39957000,-64616000,0,103105000,0,16553000,16553000,16553000,0,0,0.012,874465000,17686000,30019000,1.771,2.818,64.691,64.7,805215000,0,45.29,0.794,0.788,26100000,836362000,1349190000,1349190000,0,0.016,0.044,0.013,0.013,2967000,593668000,1.0,23643950,23489000,23649000,57.439,998994000,28558000,-7516000,23530000,42.519,-45014000
BOBE,MRY,2016-12-31,2016-04-29,2016-04-29,2017-12-06,0,800374000,928560000,107738000,692636000,0.417,10.927,191552000,11609000,11609000,172973000,24222000,0.651,2.698,339057000,3419000,335638000,339057000,0,79607000,0,0.029,1.3,41088000,120695000,0.311,120695000,41088000,30661000,1.14,1.13,1.14,216444000,263289500,216444000,1390093162,33,11.517,315188000,14.773,1.0,214643000,0.554,19829000,10427000,942436000,1190636500,17093000,20886000,0,20886000,583930000,165557000,418373000,901730162,6538000,0,-171299000,-114545000,-27861000,-313358000,196260000,0,123636000,0,24222000,24222000,24222000,-8014000,0,0.062,181569000,33074000,15841000,1.14,4.166,37.228,39.947,129252000,0,45.54,2.326,2.507,24613000,832323000,387616000,387616000,0,0.026,0.092,0.035,0.106,6127000,108138000,1.0,19800838,21336000,21494000,18.167,780545000,29002000,6439000,14596000,39.404,-57819000
BOBE,MRY,2017-12-31,2017-04-28,2017-04-28,2017-12-06,0,449244000,703339000,269229000,180015000,0.561,16.709,491293000,210886000,210886000,170820000,126467000,2.988,0.355,2695000,428000,2267000,2695000,0,60090000,0,0.02,1.36,139557000,199647000,0.506,199647000,139557000,130341000,6.37,6.28,6.37,331648000,244952250,331648000,1647711704,11,8.253,564851000,28.472,1.0,224022000,0.567,19673000,9216000,131270000,749721500,17210000,0,0,0,117596000,90110000,27486000,1320090704,197990000,0,518000,-338942000,-26915000,-367191000,491623000,0,73558000,0,126467000,126467000,126467000,-109431000,0,0.32,193896000,30126000,13424000,0.214,3.98,10.438,10.477,130740000,0,66.74,3.343,3.353,28071000,931315000,394842000,394842000,0,0.18,0.516,0.186,0.353,17197000,96207000,1.0,19779603,19839000,20132000,19.902,429571000,8026000,3874000,34633000,21.643,179119000
