ticker,dimension,calendardate,datekey,reportperiod,lastupdated,accoci,assets,assetsavg,assetsc,assetsnc,assetturnover,bvps,capex,cashneq,cashnequsd,cor,consolinc,currentratio,de,debt,debtc,debtnc,debtusd,deferredrev,depamor,deposits,divyield,dps,ebit,ebitda,ebitdamargin,ebitdausd,ebitusd,ebt,eps,epsdil,epsusd,equity,equityavg,equityusd,ev,evebit,evebitda,fcf,fcfps,fxusd,gp,grossmargin,intangibles,intexp,invcap,invcapavg,inventory,investments,investmentsc,investmentsnc,liabilities,liabilitiesc,liabilitiesnc,marketcap,ncf,ncfbus,ncfcommon,ncfdebt,ncfdiv,ncff,ncfi,ncfinv,ncfo,ncfx,netinc,netinccmn,netinccmnusd,netincdis,netincnci,netmargin,opex,opinc,payables,payoutratio,pb,pe,pe1,ppnenet,prefdivis,price,ps,ps1,receivables,retearn,revenue,revenueusd,rnd,roa,roe,roic,ros,sbcomp,sgna,sharefactor,sharesbas,shareswa,shareswadil,sps,tangibles,taxassets,taxexp,taxliabilities,tbvps,workingcapital
BOKF,MRY,2011-12-31,2011-12-31,2011-12-31,2018-04-28,128979000,25493946000,24624854000,,,0.05,40.734,0,986365000,986365000,0,289824000,,8.256,2769748000,,,2769748000,0,49967000,18762580000,0.021,1.13,444386000,494353000,0.403,494353000,444386000,444386000,4.18,4.17,4.18,2750468000,2681727500,2750468000,5767281002,12,11.666,327788000,4.836,1.0,1227633000,1.0,432603000,0,26844726000,25968092750,0,21899788000,,,22707294000,,,3735591002,-283039000,0,-11905000,-933377000,-76423000,953317000,-1564144000,-1690171000,327788000,0,285875000,285875000,285875000,0,3949000,0.233,779298000,448335000,653371000,0.27,1.358,13.067,13.141,262735000,0,54.93,3.043,3.033,198408000,1953332000,1227633000,1227633000,0,0.012,0.107,0.017,0.362,8737000,656005000,1.0,68006390,67787676,68038763,18.11,25061343000,0,158511000,0,371.152,
BOKF,MRY,2012-12-31,2012-12-31,2012-12-31,2018-04-28,149920000,28148631000,26681622750,,,0.052,43.74,0,1286239000,1286239000,0,354124000,,8.504,3053854000,,,3053854000,0,54935000,21179060000,0.045,2.47,539931000,594866000,0.43,594866000,539931000,539931000,5.15,5.13,5.15,2957860000,2913467500,2957860000,6876682178,12,11.56,591550000,8.74,1.0,1383227000,1.0,490983000,0,29425263000,28752789750,0,24455375000,,,25154950000,,,3715008178,299874000,-23615000,-5908000,149342000,-166982000,2076671000,-2368347000,-2420883000,591550000,0,351191000,351191000,351191000,0,2933000,0.254,840363000,542864000,297453000,0.48,1.256,10.578,10.575,265920000,0,54.46,2.686,2.665,325237000,2137541000,1383227000,1383227000,0,0.013,0.121,0.019,0.39,7910000,728244000,1.0,68215354,67684043,67964940,20.437,27657648000,0,188740000,0,408.997,
BOKF,MRY,2013-12-31,2013-12-31,2013-12-31,2018-04-28,-25623000,27015432000,27359289250,,,0.048,44.35,0,1087213000,1087213000,0,318931000,,7.934,3069690000,,,3069690000,0,53261000,20269327000,0.023,1.54,479707000,532968000,0.403,532968000,479707000,479707000,4.61,4.59,4.61,3020049000,2995222000,3020049000,7360709570,15,13.811,736320000,10.83,1.0,1322649000,1.0,537656000,0,28460253000,29569444500,0,23809310000,,,23960459000,,,4561992570,-199026000,-7500000,16566000,-176629000,-104722000,-1372375000,437029000,427416000,736320000,0,316609000,316609000,316609000,0,2322000,0.239,840620000,482029000,45740000,0.334,1.511,14.409,14.386,277849000,0,66.32,3.449,3.409,134300000,2349428000,1322649000,1322649000,0,0.012,0.106,0.016,0.363,4859000,750000000,1.0,68787584,67988897,68205519,19.454,26477776000,0,163098000,0,388.831,
BOKF,MRY,2014-12-31,2014-12-31,2014-12-31,2018-04-28,56673000,29089698000,28350800500,,,0.045,48.219,0,2475842000,2475842000,0,295479000,,7.799,3726277000,,,3726277000,0,36707000,21140859000,0.027,1.62,436586000,473293000,0.368,473293000,436586000,436586000,4.23,4.22,4.23,3302179000,3216928500,3302179000,6541031379,14,13.82,-36630000,-0.536,1.0,1287152000,1.0,584132000,0,29756001000,29679853750,0,24284662000,,,25753492000,,,4163023379,1388629000,-21898000,-7865000,769215000,-111026000,1859279000,-434020000,-378075000,-36630000,0,292435000,292435000,292435000,0,3044000,0.227,847522000,439630000,290540000,0.383,1.261,14.236,14.194,273833000,0,60.04,3.234,3.19,206667000,2530837000,1287152000,1287152000,0,0.01,0.091,0.015,0.339,1422000,753995000,1.0,69337498,68394194,68544770,18.82,28505566000,0,144151000,0,416.242,
BOKF,MRY,2015-12-31,2015-12-31,2015-12-31,2018-04-28,21587000,31476128000,30767143500,,,0.043,48.678,0,2643599000,2643599000,0,292259000,,8.732,6277865000,,,6277865000,0,37918000,21088158000,0.028,1.69,427949000,465867000,0.351,465867000,427949000,427949000,4.22,4.21,4.22,3230556000,3335143750,3230556000,7208627123,16,15.474,295935000,4.378,1.0,1327834000,1.0,647975000,0,34462419000,33142247250,0,26060726000,,,28208489000,,,4048562123,167757000,-18098000,-222829000,2575306000,-115281000,1873126000,-2001304000,-1913560000,295935000,0,288565000,288565000,288565000,0,3694000,0.217,896191000,431643000,16897000,0.4,1.253,14.03,14.168,306490000,0,59.79,3.049,3.044,203673000,2704121000,1327834000,1327834000,0,0.009,0.087,0.013,0.322,12083000,795169000,1.0,67713031,67594689,67691658,19.644,30828153000,0,139384000,0,464.523,
BOKF,MRY,2016-12-31,2016-12-31,2016-12-31,2018-04-28,-10967000,32772281000,32233976750,,,0.042,50.603,0,2537497000,2537497000,0,232281000,,8.998,5717302000,,,5717302000,0,47016000,22748095000,0.021,1.73,339045000,386061000,0.285,386061000,339045000,339045000,3.53,3.53,3.53,3274854000,3340888250,3274854000,10147988100,29,26.286,-91949000,-1.413,1.0,1356248000,1.0,742903000,0,35209183000,35685875250,0,26913240000,,,29465924000,,,5473204100,-106102000,56017000,-54337000,-582360000,-113455000,271854000,-286007000,-341144000,-91949000,0,232668000,232668000,232668000,0,-387000,0.172,1017590000,338658000,6508000,0.49,1.671,23.524,23.524,325849000,0,83.04,4.036,3.985,780140000,2823334000,1356248000,1356248000,0,0.007,0.07,0.01,0.25,10471000,863933000,1.0,65910454,65085627,65143898,20.838,32029378000,0,106377000,0,494.921,
BOKF,MRY,2017-12-31,2017-12-31,2017-12-31,2018-04-28,-36174000,32272160000,32542534750,,,0.047,53.946,0,2317054000,2317054000,0,335685000,,8.226,5854537000,,,5854537000,0,54466000,22061305000,0.019,1.77,517237000,571703000,0.37,571703000,517237000,517237000,5.11,5.11,5.11,3495367000,3437098500,3495367000,10345476483,20,18.096,214931000,3.32,1.0,1543795000,1.0,728955000,0,35080688000,35363121250,0,26710356000,,,28753826000,,,6042970483,-220443000,0,-3035000,-496028000,-116041000,-1174930000,739556000,716310000,214931000,0,334644000,334644000,334644000,0,1041000,0.217,1025517000,518278000,151198000,0.346,1.729,18.058,18.067,317335000,0,92.32,3.914,3.872,518877000,3048487000,1543795000,1543795000,0,0.01,0.097,0.015,0.335,23602000,902488000,1.0,65456786,64745364,64806284,23.844,31543205000,0,182593000,0,486.828,
