ticker,dimension,calendardate,datekey,reportperiod,lastupdated,accoci,assets,assetsavg,assetsc,assetsnc,assetturnover,bvps,capex,cashneq,cashnequsd,cor,consolinc,currentratio,de,debt,debtc,debtnc,debtusd,deferredrev,depamor,deposits,divyield,dps,ebit,ebitda,ebitdamargin,ebitdausd,ebitusd,ebt,eps,epsdil,epsusd,equity,equityavg,equityusd,ev,evebit,evebitda,fcf,fcfps,fxusd,gp,grossmargin,intangibles,intexp,invcap,invcapavg,inventory,investments,investmentsc,investmentsnc,liabilities,liabilitiesc,liabilitiesnc,marketcap,ncf,ncfbus,ncfcommon,ncfdebt,ncfdiv,ncff,ncfi,ncfinv,ncfo,ncfx,netinc,netinccmn,netinccmnusd,netincdis,netincnci,netmargin,opex,opinc,payables,payoutratio,pb,pe,pe1,ppnenet,prefdivis,price,ps,ps1,receivables,retearn,revenue,revenueusd,rnd,roa,roe,roic,ros,sbcomp,sgna,sharefactor,sharesbas,shareswa,shareswadil,sps,tangibles,taxassets,taxexp,taxliabilities,tbvps,workingcapital
BONT,MRY,2011-12-31,2012-01-28,2012-01-28,2017-12-14,-74356000,1618203000,1689032750,782808000,835395000,1.708,6.68,-64454000,14272000,14272000,1847369000,-12128000,1.826,11.296,883379000,12431000,870948000,883379000,0,95033000,0,0.049,0.2,75360000,170393000,0.059,170393000,75360000,-14147000,-0.67,-0.67,-0.67,131607000,119760750,131607000,1122359389,14,6.587,35343000,1.794,1.0,1037292000,0.36,119165000,89507000,1939500000,2044327000,699504000,0,0,0,1486596000,428645000,1057951000,80382389,-2067000,0,398000,-25421000,-2872000,-37410000,-64454000,0,99797000,0,-12128000,-12128000,-12128000,0,0,-0.004,1039530000,-2238000,205492000,-0.299,0.611,-6.628,-6.09,677133000,0,4.08,0.028,0.028,0,51749000,2884661000,2884661000,0,-0.007,-0.101,0.037,0.026,5261000,936060000,1.0,19701566,19701566,,146.418,1499038000,12385000,-2019000,16231000,76.087,354163000
BONT,MRY,2012-12-31,2013-02-02,2013-02-02,2017-12-14,-73242000,1634209000,1667110750,836927000,797282000,1.751,5.501,-65502000,7926000,7926000,1873890000,-21553000,1.699,13.775,901153000,79811000,821342000,901153000,0,88276000,0,0.015,0.2,61514000,149790000,0.051,149790000,61514000,-21325000,-1.16,-1.16,-1.16,110606000,72753000,110606000,1277774067,20,8.53,7768000,0.386,1.0,1045521000,0.358,110563000,82839000,1924223000,2007493500,758400000,0,0,0,1523603000,492650000,1030953000,263375067,-6346000,0,538000,-10000,-4855000,-14114000,-65502000,0,73270000,0,-21553000,-21553000,-21553000,0,0,-0.007,1034947000,10574000,193898000,-0.172,2.381,-12.22,-11.293,652822000,0,13.1,0.09,0.09,0,26302000,2919411000,2919411000,0,-0.013,-0.296,0.031,0.021,4454000,936175000,1.0,20104967,20104967,,145.208,1523646000,15010000,228000,20995000,75.785,344277000
BONT,MRY,2013-12-31,2014-02-01,2014-02-01,2017-12-14,-50448000,1577229000,1642930750,793076000,784153000,1.686,6.251,-76001000,7058000,7058000,1768672000,-3556000,1.919,11.326,864509000,11160000,853349000,864509000,0,85872000,0,0.019,0.2,64947000,150819000,0.054,150819000,64947000,-3640000,-0.19,-0.19,-0.19,127956000,77832250,127956000,1204492830,18,7.986,44066000,2.153,1.0,1001396000,0.362,102800000,68587000,1918573000,1993694500,709733000,0,0,0,1449273000,413307000,1035966000,220064830,-868000,0,595000,-29310000,-2952000,-44934000,-76001000,0,120067000,0,-3556000,-3556000,-3556000,0,0,-0.001,996008000,5388000,200465000,-1.053,1.72,-61.885,-56.579,640004000,0,10.75,0.079,0.079,0,18811000,2770068000,2770068000,0,-0.002,-0.046,0.033,0.023,3586000,899363000,1.0,20471147,20471147,,135.316,1474429000,15765000,-84000,22744000,72.025,379769000
BONT,MRY,2014-12-31,2015-01-31,2015-01-31,2017-12-14,-80405000,1592733000,1640468500,837103000,755630000,1.68,4.29,-85358000,8753000,8753000,1772953000,-6974000,2.059,17.172,906728000,10749000,895979000,906728000,0,90118000,0,0.036,0.2,56381000,146499000,0.053,146499000,56381000,-5355000,-0.36,-0.36,-0.36,87648000,72999500,87648000,1133267431,20,7.736,-38729000,-1.896,1.0,983284000,0.357,90151000,61736000,1994056000,2013605000,734956000,0,0,0,1505085000,406501000,1098584000,111967431,1695000,0,22000,46364000,-3956000,40424000,-85358000,0,46629000,0,-6974000,-6974000,-6974000,0,0,-0.003,993409000,-10125000,208882000,-0.556,1.277,-16.055,-15.222,641996000,0,5.48,0.041,0.041,0,7873000,2756237000,2756237000,0,-0.004,-0.096,0.028,0.02,2502000,907036000,1.0,20432013,20432013,,134.898,1502582000,0,1619000,0,73.541,430602000
BONT,MRY,2015-12-31,2016-01-30,2016-01-30,2017-12-14,-76122000,1550626000,1636995000,815832000,734794000,1.66,1.652,679000,6879000,6879000,1775715000,-57053000,2.371,43.41,988063000,5394000,982669000,988063000,0,91783000,0,0.088,0.15,3618000,95401000,0.035,95401000,3618000,-58928000,-2.9,-2.9,-2.9,34916000,21773250,34916000,1153248348,318,12.088,18501000,0.876,1.0,941976000,0.347,82062000,62546000,2105618000,2024160250,711699000,0,0,0,1515710000,344130000,1171580000,35920348,-1874000,0,454000,-16596000,-4029000,-22075000,2379000,0,17822000,0,-57053000,-57053000,-57053000,0,0,-0.021,1003956000,-61980000,162831000,-0.052,1.029,-0.63,-0.586,635334000,0,1.7,0.013,0.013,0,-52218000,2717691000,2717691000,0,-0.035,-2.62,0.002,0.001,3021000,905652000,1.0,21129617,21129617,,128.62,1468564000,0,-1875000,0,69.503,471702000
BONT,MRY,2016-12-31,2017-01-28,2017-01-28,2017-12-14,-72909000,1505063000,1559204750,829748000,675315000,1.668,-1.055,-54520000,6736000,6736000,1677726000,-63419000,2.25,-67.067,989319000,6685000,982634000,989319000,0,92194000,0,0.0,0.0,1819000,94013000,0.036,94013000,1819000,-65005000,-3.18,-3.18,-3.18,-22781000,-32797500,-22781000,1132646119,622,12.048,4444000,0.206,1.0,922866000,0.355,73111000,66824000,2045688000,2054956500,724454000,0,0,0,1527844000,368847000,1158997000,27419119,-143000,0,0,1209000,0,-4587000,-54520000,0,58964000,0,-63419000,-63419000,-63419000,0,0,-0.024,994054000,-71188000,185900000,0.0,-1.204,-0.432,-0.399,584803000,0,1.27,0.011,0.011,0,-115637000,2600592000,2600592000,0,-0.041,1.934,0.001,0.001,2700000,880628000,1.0,21589858,21589858,,120.454,1431952000,0,-1586000,0,66.325,460901000
