ticker,dimension,calendardate,datekey,reportperiod,lastupdated,accoci,assets,assetsavg,assetsc,assetsnc,assetturnover,bvps,capex,cashneq,cashnequsd,cor,consolinc,currentratio,de,debt,debtc,debtnc,debtusd,deferredrev,depamor,deposits,divyield,dps,ebit,ebitda,ebitdamargin,ebitdausd,ebitusd,ebt,eps,epsdil,epsusd,equity,equityavg,equityusd,ev,evebit,evebitda,fcf,fcfps,fxusd,gp,grossmargin,intangibles,intexp,invcap,invcapavg,inventory,investments,investmentsc,investmentsnc,liabilities,liabilitiesc,liabilitiesnc,marketcap,ncf,ncfbus,ncfcommon,ncfdebt,ncfdiv,ncff,ncfi,ncfinv,ncfo,ncfx,netinc,netinccmn,netinccmnusd,netincdis,netincnci,netmargin,opex,opinc,payables,payoutratio,pb,pe,pe1,ppnenet,prefdivis,price,ps,ps1,receivables,retearn,revenue,revenueusd,rnd,roa,roe,roic,ros,sbcomp,sgna,sharefactor,sharesbas,shareswa,shareswadil,sps,tangibles,taxassets,taxexp,taxliabilities,tbvps,workingcapital
BP,MRY,2011-12-31,2011-12-31,2011-12-31,2018-03-29,0,292907000000,282584500000,89778000000,203129000000,1.367,5.936,-14474000000,14177000000,14177000000,317576000000,25609000000,1.076,1.616,44208000000,9039000000,35169000000,44208000000,0,11357000000,0,0.039,1.68,39018000000,50375000000,0.13,50375000000,39018000000,37831000000,8.001,7.904,8.001,111568000000,103277500000,111568000000,160676137139,4,3.19,7744000000,0.412,1.0,68640000000,0.178,0,1187000000,239482000000,227846000000,26073000000,1356000000,532000000,824000000,180322000000,83456000000,96866000000,133896137139,-4551000000,-12482000000,74000000,4720000000,-4072000000,477000000,-26753000000,203000000,22218000000,-493000000,25212000000,25212000000,25212000000,0,397000000,0.065,28893000000,39747000000,55214000000,0.21,1.2,5.311,5.342,181742000000,0,42.74,0.347,2.08,49327000000,,386216000000,386216000000,1520000000,0.089,0.244,0.171,0.101,-88000000,13958000000,0.167,18796461292,18796461292,,20.547,292907000000,846000000,12619000000,17163000000,15.583,6322000000
BP,MRY,2012-12-31,2012-12-31,2012-12-31,2018-03-29,0,300466000000,296686500000,92069000000,208397000000,1.308,6.247,-13230000000,19635000000,19635000000,334858000000,11251000000,1.206,1.524,48800000000,10033000000,38767000000,48800000000,0,12687000000,0,0.048,1.98,18969000000,31656000000,0.082,31656000000,18969000000,17897000000,3.473,3.45,3.473,118546000000,115057000000,118546000000,161841398309,8,5.113,7249000000,0.382,1.0,53216000000,0.137,0,1072000000,253302000000,246392000000,28203000000,1208000000,566000000,642000000,180714000000,76329000000,104385000000,131695398309,5458000000,-90000000,122000000,3244000000,-5294000000,-2010000000,-13075000000,245000000,20479000000,64000000,11017000000,11017000000,11017000000,0,234000000,0.028,33794000000,19422000000,48965000000,0.57,1.111,11.954,11.99,176469000000,0,41.64,0.339,2.036,43572000000,,388074000000,388074000000,1475000000,0.037,0.096,0.077,0.049,156000000,13357000000,0.167,18975902659,18975902659,,20.451,300466000000,1330000000,6880000000,17746000000,15.834,15740000000
BP,MRY,2013-12-31,2013-12-31,2013-12-31,2018-03-29,0,305690000000,303078000000,96840000000,208850000000,1.307,6.757,-6405000000,22520000000,22520000000,332925000000,23758000000,1.33,1.356,48192000000,7381000000,40811000000,48192000000,0,13510000000,0,0.045,2.19,30982000000,44492000000,0.112,44492000000,30982000000,29914000000,7.432,7.387,7.432,129302000000,123924000000,129302000000,184283579200,5,4.142,14695000000,0.768,1.0,63292000000,0.16,0,1068000000,258550000000,255926000000,29231000000,1446000000,683000000,763000000,175283000000,72812000000,102471000000,155034579200,2885000000,-1628000000,-5358000000,836000000,-5441000000,-10400000000,-7855000000,178000000,21100000000,40000000,23451000000,23451000000,23451000000,0,307000000,0.059,31523000000,31769000000,51915000000,0.295,1.199,6.611,6.541,195310000000,0,48.61,0.391,2.348,45816000000,,396217000000,396217000000,3441000000,0.077,0.189,0.121,0.078,297000000,12611000000,0.167,19135751315,19135751315,,20.706,305690000000,1497000000,6463000000,19384000000,15.975,24028000000
BP,MRY,2014-12-31,2014-12-31,2014-12-31,2018-03-29,0,284305000000,294997500000,87262000000,197043000000,1.216,5.456,-20726000000,29763000000,29763000000,312240000000,4003000000,1.372,1.54,52854000000,6877000000,45977000000,52854000000,0,15163000000,0,0.061,2.34,5875000000,21038000000,0.059,21038000000,5875000000,4727000000,1.233,1.225,1.233,111441000000,120371500000,111441000000,155451800878,26,7.389,12028000000,0.589,1.0,46438000000,0.129,0,1148000000,243781000000,251165500000,18373000000,1321000000,662000000,659000000,171663000000,63615000000,108048000000,129779800878,7243000000,1025000000,-4589000000,5419000000,-5850000000,-5266000000,-19574000000,127000000,32754000000,-671000000,3780000000,3780000000,3780000000,0,223000000,0.011,40026000000,6412000000,43705000000,1.898,1.165,34.333,30.916,183851000000,0,38.12,0.362,2.171,35825000000,,358678000000,358678000000,3632000000,0.013,0.031,0.023,0.016,379000000,12266000000,0.167,20426632529,20426632529,,17.559,284305000000,3146000000,947000000,15904000000,13.918,23647000000
BP,MRY,2015-12-31,2015-12-31,2015-12-31,2018-03-29,0,261832000000,273068500000,70024000000,191808000000,0.828,4.859,-19136000000,26389000000,26389000000,202866000000,-6400000000,1.282,1.681,53168000000,6944000000,46224000000,53168000000,0,15219000000,0,0.077,2.4,-8306000000,6913000000,0.031,6913000000,-8306000000,-9653000000,-2.123,-2.123,-2.123,97216000000,104328500000,97216000000,127324142958,-15,18.418,-3000000,0.0,1.0,23116000000,0.102,0,1347000000,233984000000,238882500000,14142000000,1020000000,491000000,529000000,163445000000,54627000000,108818000000,104233142958,-3374000000,172000000,0,2220000000,-6659000000,-4535000000,-17300000000,110000000,19133000000,-672000000,-6482000000,-6482000000,-6482000000,0,82000000,-0.029,31034000000,-7918000000,34859000000,-1.13,1.072,-16.08,-14.724,178881000000,0,31.26,0.461,2.767,24539000000,,225982000000,225982000000,2353000000,-0.024,-0.062,-0.035,-0.037,321000000,11553000000,0.167,20005961293,20005961293,,11.296,261832000000,2144000000,-3171000000,10679000000,13.088,15397000000
BP,MRY,2016-12-31,2016-12-31,2016-12-31,2018-03-29,0,263316000000,262574000000,67813000000,195503000000,0.711,4.739,-16080000000,23484000000,23484000000,161979000000,172000000,1.162,1.747,58300000000,6634000000,51666000000,58300000000,0,14505000000,0,0.064,2.4,-677000000,13828000000,0.074,13828000000,-677000000,-2352000000,0.037,0.036,0.037,95286000000,96251000000,95286000000,152059148715,-224,10.996,-5389000000,-0.268,1.0,24627000000,0.132,0,1675000000,239778000000,236881000000,17655000000,835000000,303000000,532000000,166473000000,58354000000,108119000000,125280148715,-2905000000,508000000,0,5808000000,-4611000000,1977000000,-14753000000,68000000,10691000000,-820000000,115000000,115000000,115000000,0,57000000,0.001,25057000000,-430000000,51861000000,64.865,1.315,1089.393,1010.27,182868000000,0,37.38,0.671,4.028,22149000000,,186606000000,186606000000,1721000000,0.0,0.001,-0.003,-0.004,779000000,10495000000,0.167,20108770973,20108770973,,9.28,263316000000,5935000000,-2467000000,8904000000,13.095,9459000000
BP,MRY,2017-12-31,2017-12-31,2017-12-31,2018-03-29,0,276515000000,269915500000,74968000000,201547000000,0.906,4.679,-14904000000,25586000000,25586000000,205720000000,3468000000,1.158,1.788,63230000000,7739000000,55491000000,63230000000,0,15584000000,0,0.043,1.79,9175000000,24759000000,0.101,24759000000,9175000000,7101000000,1.032,1.026,1.032,98491000000,96888500000,98491000000,182272070089,19,7.362,4027000000,0.191,1.0,38862000000,0.159,0,2074000000,249433000000,244605500000,19011000000,961000000,315000000,646000000,176111000000,64726000000,111385000000,147456070089,2102000000,-800000000,-343000000,2278000000,-6153000000,-3296000000,-14077000000,349000000,18931000000,544000000,3389000000,3389000000,3389000000,0,79000000,0.014,29388000000,9474000000,58098000000,1.734,1.497,43.51,40.727,185607000000,0,42.03,0.603,3.617,26283000000,,244582000000,244582000000,2080000000,0.013,0.035,0.038,0.038,661000000,10508000000,0.167,21049696078,21049696078,,11.619,276515000000,5230000000,3712000000,9668000000,13.136,10242000000
