ticker,dimension,calendardate,datekey,reportperiod,lastupdated,accoci,assets,assetsavg,assetsc,assetsnc,assetturnover,bvps,capex,cashneq,cashnequsd,cor,consolinc,currentratio,de,debt,debtc,debtnc,debtusd,deferredrev,depamor,deposits,divyield,dps,ebit,ebitda,ebitdamargin,ebitdausd,ebitusd,ebt,eps,epsdil,epsusd,equity,equityavg,equityusd,ev,evebit,evebitda,fcf,fcfps,fxusd,gp,grossmargin,intangibles,intexp,invcap,invcapavg,inventory,investments,investmentsc,investmentsnc,liabilities,liabilitiesc,liabilitiesnc,marketcap,ncf,ncfbus,ncfcommon,ncfdebt,ncfdiv,ncff,ncfi,ncfinv,ncfo,ncfx,netinc,netinccmn,netinccmnusd,netincdis,netincnci,netmargin,opex,opinc,payables,payoutratio,pb,pe,pe1,ppnenet,prefdivis,price,ps,ps1,receivables,retearn,revenue,revenueusd,rnd,roa,roe,roic,ros,sbcomp,sgna,sharefactor,sharesbas,shareswa,shareswadil,sps,tangibles,taxassets,taxexp,taxliabilities,tbvps,workingcapital
BRCD,MRY,2011-12-31,2011-10-29,2011-10-29,2017-09-01,-11996000,3474308000,3639310500,844201000,2630107000,0.59,4.241,-96797000,414976000,414976000,863908000,50610000,1.492,0.725,789443000,40539000,748904000,789443000,270445000,206352000,0,0.0,0.0,177266000,383618000,0.179,383618000,177266000,79428000,0.11,0.1,0.11,2014138000,2131626750,2014138000,2578759186,14,6.722,352435000,0.743,1.0,1283534000,0.598,1845664000,97838000,1437124000,1566157000,74172000,0,0,0,1460170000,565987000,894183000,2212770186,80218000,3905000,-113546000,-162709000,0,-277110000,-91326000,1566000,449232000,-578000,50610000,50610000,50610000,0,0,0.024,1093258000,190276000,109471000,0.0,1.099,43.722,41.0,532384000,0,4.51,1.03,0.996,249141000,40856000,2147442000,2147442000,354401000,0.014,0.024,0.113,0.083,82764000,678019000,1.0,490636405,474259000,497030000,4.528,1628644000,263632000,28818000,63593000,3.429,278214000
BRCD,MRY,2012-12-31,2012-10-27,2012-10-27,2017-09-01,-9864000,3581261000,3517634250,1155579000,2425682000,0.636,4.868,-72797000,713226000,713226000,854751000,195181000,1.893,0.602,601180000,1977000,599203000,601180000,293190000,192218000,0,0.0,0.0,276889000,469107000,0.21,469107000,276889000,224401000,0.43,0.41,0.43,2235820000,2181053750,2235820000,2479375148,8,5.285,518073000,1.135,1.0,1383019000,0.618,1733354000,52488000,1125393000,1254823000,68179000,0,0,0,1345441000,610468000,734973000,2431088148,299024000,35000,-31418000,-191866000,0,-218143000,-71810000,952000,590870000,-1893000,195181000,195181000,195181000,0,0,0.087,1105290000,277729000,117350000,0.0,1.087,12.456,12.326,518940000,0,5.3,1.086,1.081,233139000,236037000,2237770000,2237770000,363090000,0.055,0.089,0.221,0.124,72028000,683085000,1.0,458695877,456629000,472343000,4.901,1847907000,227714000,29220000,55387000,4.023,545111000
BRCD,MRY,2013-12-31,2013-10-26,2013-10-26,2017-09-01,-13444000,3621391000,3606531750,1422803000,2198588000,0.616,5.278,-52371000,986997000,986997000,813985000,208623000,2.538,0.543,596208000,0,596208000,596208000,303122000,184114000,0,0.0,0.0,385722000,569836000,0.256,569836000,385722000,330461000,0.46,0.45,0.46,2346813000,2277229500,2346813000,3271229308,8,5.741,398658000,0.885,1.0,1408879000,0.634,1685695000,55261000,984244000,1063978000,45344000,0,0,0,1274578000,560663000,713915000,3462431308,273771000,-44629000,-146229000,-6369000,0,-149409000,-27000000,70000000,451029000,-849000,208623000,208623000,208623000,0,0,0.094,1100396000,308483000,88218000,0.0,1.475,16.597,17.022,472940000,0,7.83,1.558,1.587,249598000,444660000,2222864000,2222864000,378521000,0.058,0.092,0.363,0.174,70429000,642155000,1.0,442200678,450516000,463705000,4.934,1935696000,99603000,121838000,38680000,4.353,862140000
BRCD,MRY,2014-12-31,2014-11-01,2014-11-01,2017-09-01,-18814000,3733675000,3630577750,1658005000,2075670000,0.609,5.576,-54734000,1255017000,1255017000,745474000,237971000,2.823,0.55,595450000,0,595450000,595450000,311739000,100647000,0,0.007,0.07,390378000,491025000,0.222,491025000,390378000,353621000,0.55,0.53,0.55,2408061000,2356184500,2408061000,4083243702,10,8.316,486863000,1.119,1.0,1465793000,0.663,1594381000,36757000,892419000,961994500,38718000,0,0,0,1325614000,587308000,738306000,4635393702,268020000,-6905000,-251386000,-2485000,-30384000,-219692000,-50814000,10825000,541597000,-3071000,237971000,237971000,237971000,0,0,0.108,1084565000,381228000,93705000,0.127,1.925,19.479,19.509,445433000,0,10.73,2.096,2.112,224913000,652247000,2211267000,2211267000,345549000,0.066,0.101,0.406,0.177,20351000,639456000,1.0,432003141,435258000,446859000,5.08,2139294000,92692000,115650000,66800000,4.954,1070697000
BRCD,MRY,2015-12-31,2015-10-31,2015-10-31,2017-09-01,-25002000,4036153000,4016080750,1852199000,2183954000,0.564,6.108,-68743000,1440882000,1440882000,735387000,340362000,3.294,0.593,794077000,298000,793779000,794077000,316687000,84807000,0,0.015,0.16,494629000,579436000,0.256,579436000,494629000,439051000,0.81,0.79,0.81,2533535000,2479264000,2533535000,3792075151,7,6.544,378756000,0.901,1.0,1528073000,0.675,1692784000,55578000,1134200000,1156929750,40524000,0,0,0,1502618000,562364000,940254000,4320116151,185865000,-95452000,-241135000,175985000,-67470000,-83677000,-172356000,-411000,447499000,-5601000,340362000,340362000,340362000,0,0,0.15,1035393000,492680000,98143000,0.198,1.705,12.693,12.864,439224000,0,10.42,1.909,1.935,235883000,925139000,2263460000,2263460000,356720000,0.085,0.137,0.428,0.219,39585000,672853000,1.0,414598479,420331000,430556000,5.385,2343369000,79488000,98689000,71034000,5.65,1289835000
BRCD,MRY,2016-12-31,2016-10-29,2016-10-29,2017-09-01,-27413000,4939811000,4428861000,1673010000,3266801000,0.53,6.34,-77049000,1257075000,1257075000,829271000,213927000,2.408,0.942,1578755000,76692000,1502063000,1578755000,311991000,124346000,0,0.023,0.2,311253000,435599000,0.186,435599000,311253000,261926000,0.52,0.51,0.52,2542913000,2505875250,2542913000,3923875090,12,9.008,332891000,0.814,1.0,1516339000,0.646,2744962000,49327000,1821877000,1490883250,69355000,0,0,0,2394236000,694652000,1699584000,3483561090,-183807000,-564888000,-792071000,765803000,-83760000,-97839000,-493774000,148163000,409940000,-2134000,213815000,213815000,213815000,0,112000,0.091,1209246000,307093000,128685000,0.385,1.37,16.292,16.712,455326000,0,8.69,1.485,1.515,284344000,1055194000,2345610000,2345610000,413236000,0.048,0.085,0.209,0.133,116696000,752030000,1.0,400870091,409058000,417093000,5.734,2194849000,12736000,48111000,102100000,5.472,978358000
