ticker,dimension,calendardate,datekey,reportperiod,lastupdated,accoci,assets,assetsavg,assetsc,assetsnc,assetturnover,bvps,capex,cashneq,cashnequsd,cor,consolinc,currentratio,de,debt,debtc,debtnc,debtusd,deferredrev,depamor,deposits,divyield,dps,ebit,ebitda,ebitdamargin,ebitdausd,ebitusd,ebt,eps,epsdil,epsusd,equity,equityavg,equityusd,ev,evebit,evebitda,fcf,fcfps,fxusd,gp,grossmargin,intangibles,intexp,invcap,invcapavg,inventory,investments,investmentsc,investmentsnc,liabilities,liabilitiesc,liabilitiesnc,marketcap,ncf,ncfbus,ncfcommon,ncfdebt,ncfdiv,ncff,ncfi,ncfinv,ncfo,ncfx,netinc,netinccmn,netinccmnusd,netincdis,netincnci,netmargin,opex,opinc,payables,payoutratio,pb,pe,pe1,ppnenet,prefdivis,price,ps,ps1,receivables,retearn,revenue,revenueusd,rnd,roa,roe,roic,ros,sbcomp,sgna,sharefactor,sharesbas,shareswa,shareswadil,sps,tangibles,taxassets,taxexp,taxliabilities,tbvps,workingcapital
BRS,MRY,2011-12-31,2011-03-31,2011-03-31,2018-02-08,-130117000,2675354000,2606395000,628761000,2046593000,0.473,41.853,-145518000,116361000,116361000,862341000,133295000,3.492,0.762,707461000,8979000,698482000,707461000,9613000,89377000,0,0.0,0.0,185606000,274983000,0.223,274983000,185606000,139419000,3.67,3.6,3.67,1518775000,1444514000,1518775000,2341084522,12,8.514,5837000,0.161,1.0,370467000,0.301,32047000,46187000,3054363000,3016551000,196207000,208634000,0,208634000,1156579000,180044000,976535000,1716439522,38568000,1291000,1953000,-16431000,0,-15463000,-112842000,0,151355000,15518000,132315000,132315000,132315000,0,980000,0.107,200844000,169623000,56972000,0.0,1.13,12.972,12.888,1767882000,0,47.3,1.392,1.392,262519000,951660000,1232808000,1232808000,0,0.051,0.092,0.062,0.151,12089000,120145000,1.0,36288362,36288362,,33.973,2643307000,0,7104000,180080000,72.842,448717000
BRS,MRY,2012-12-31,2012-03-31,2012-03-31,2018-02-08,-159239000,2740363000,2726839000,736473000,2003890000,0.492,42.654,-326420000,261550000,261550000,947650000,65241000,3.697,0.801,757245000,14375000,742870000,757245000,14576000,96144000,0,0.013,0.6,115861000,212005000,0.158,212005000,115861000,77731000,1.76,1.73,1.76,1521824000,1525371250,1521824000,2290819105,19,10.805,-95073000,-2.665,1.0,394153000,0.294,29644000,38130000,3007209000,3102074000,157825000,205100000,0,205100000,1218539000,199205000,1019334000,1702941105,145189000,-2378000,-19792000,45703000,-21616000,4324000,-88755000,0,231347000,-1727000,63530000,63530000,63530000,0,1711000,0.047,289066000,105087000,56084000,0.341,1.119,26.805,27.119,1722775000,0,47.73,1.269,1.269,286220000,993435000,1341803000,1341803000,0,0.023,0.042,0.037,0.086,11156000,135333000,1.0,35678632,35678632,,37.608,2710719000,0,14201000,178242000,75.976,537268000
BRS,MRY,2013-12-31,2013-03-31,2013-03-31,2018-02-08,-199683000,2950692000,2881774250,675758000,2274934000,0.523,44.672,-571425000,215623000,215623000,1057794000,131675000,2.818,0.832,787269000,22323000,764946000,787269000,21646000,96284000,0,0.012,0.8,206762000,303046000,0.201,303046000,206762000,165104000,3.61,3.57,3.61,1610957000,1587292250,1610957000,3046594531,14,10.053,-304661000,-8.448,1.0,450679000,0.299,28897000,41658000,3253616000,3132199500,153969000,272123000,0,272123000,1339735000,239825000,1099910000,2377917531,-45927000,-51179000,14070000,1184000,-28734000,-13043000,-307757000,0,266764000,8109000,130102000,130102000,130102000,0,1573000,0.086,251605000,199074000,69821000,0.222,1.476,18.277,18.266,1921072000,0,65.94,1.576,1.576,262781000,1094803000,1508473000,1508473000,0,0.045,0.082,0.066,0.137,11369000,163389000,1.0,36061837,36061837,,41.83,2921795000,0,35002000,170718000,81.022,435933000
BRS,MRY,2014-12-31,2014-03-31,2014-03-31,2018-02-08,-156506000,3398257000,3224867500,721607000,2676650000,0.518,48.43,-628613000,204341000,204341000,1186132000,187779000,1.576,0.935,841302000,14207000,827095000,841302000,31157000,95977000,0,0.013,1.0,287167000,383144000,0.229,383144000,287167000,243949000,5.15,5.09,5.15,1756586000,1726976250,1756586000,3257523279,11,8.502,-396519000,-10.932,1.0,483450000,0.29,56680000,43218000,3520713000,3478996250,137463000,262615000,0,262615000,1641671000,457825000,1183846000,2739158279,-11282000,72360000,-62263000,5049000,-36320000,10167000,-266302000,0,232094000,12759000,186737000,186737000,186737000,0,1042000,0.112,309182000,174268000,89818000,0.194,1.559,14.669,14.664,2268751000,0,75.52,1.641,1.641,297443000,1245220000,1669582000,1669582000,0,0.058,0.108,0.083,0.172,9710000,199814000,1.0,36270634,36270634,,46.031,3341577000,0,57212000,204781000,92.129,263782000
BRS,MRY,2015-12-31,2015-03-31,2015-03-31,2018-02-08,-270329000,3230720000,3307394250,637851000,2592869000,0.562,46.576,-601834000,104146000,104146000,1299557000,88707000,1.466,0.996,864422000,18730000,845692000,864422000,36784000,114293000,0,0.024,1.28,136420000,250713000,0.135,250713000,136420000,107066000,2.4,2.37,2.4,1618786000,1713465500,1618786000,2589280264,18,10.328,-348608000,-10.03,1.0,559112000,0.301,75628000,29354000,3480362000,3516606500,147169000,216376000,0,216376000,1611934000,435006000,1176928000,1892458264,-100195000,-16118000,-75659000,-5881000,-45078000,-128297000,-203093000,0,253226000,-22031000,84300000,84300000,84300000,0,4407000,0.045,411467000,147645000,84193000,0.533,1.169,22.449,22.688,2157101000,0,54.45,1.018,1.018,258618000,1284442000,1858669000,1858669000,0,0.025,0.049,0.039,0.073,14803000,254158000,1.0,34755891,34755891,,53.478,3155092000,0,22766000,204620000,90.779,202845000
BRS,MRY,2016-12-31,2016-03-31,2016-03-31,2018-02-08,-289819000,3262945000,3264694250,593096000,2669849000,0.525,43.199,-372375000,104310000,104310000,1309365000,-77149000,1.519,1.161,1131972000,60394000,1071578000,1131972000,24206000,136812000,0,0.058,1.09,-40396000,96416000,0.056,96416000,-40396000,-74524000,-2.12,-2.12,-2.12,1509892000,1552644750,1509892000,1752381637,-43,18.175,-256349000,-7.334,1.0,406148000,0.237,29990000,34128000,3870249000,3786310250,142503000,194952000,0,194952000,1753053000,390368000,1362685000,661286637,164000,-4410000,0,246660000,-38076000,191614000,-316750000,0,116026000,9274000,-72442000,-73940000,-73940000,0,-4707000,-0.043,447254000,-41106000,96966000,-0.514,0.438,-8.944,-8.925,2283252000,1498000,18.92,0.385,0.385,249317000,1172273000,1715513000,1715513000,0,-0.023,-0.048,-0.011,-0.024,21181000,224645000,1.0,34951725,34951725,,49.082,3232955000,0,-2082000,209530000,92.498,202728000
BRS,MRY,2017-12-31,2017-03-31,2017-03-31,2018-02-08,-328277000,3113847000,3165294500,507871000,2605976000,0.442,36.877,-134820000,96656000,96656000,1154297000,-176890000,1.22,1.406,1282019000,131063000,1150956000,1282019000,19911000,118748000,0,0.018,0.28,-88029000,30719000,0.022,30719000,-88029000,-137948000,-4.87,-4.87,-4.87,1294232000,1384194750,1294232000,1724315494,-19,56.132,-124118000,-3.537,1.0,246205000,0.176,19798000,49919000,3863058000,3851372000,124911000,210162000,0,210162000,1819615000,416354000,1403261000,533806494,-7654000,0,0,129929000,-9831000,107516000,-116349000,0,10702000,-9523000,-170536000,-170536000,-170536000,0,-6354000,-0.122,344892000,-98687000,98215000,-0.057,0.412,-3.13,-3.123,2254364000,0,15.21,0.381,0.381,206915000,991906000,1400502000,1400502000,0,-0.054,-0.123,-0.023,-0.063,12352000,195367000,1.0,35095759,35095759,,39.905,3094049000,0,32588000,180459000,88.16,91517000
