ticker,dimension,calendardate,datekey,reportperiod,lastupdated,accoci,assets,assetsavg,assetsc,assetsnc,assetturnover,bvps,capex,cashneq,cashnequsd,cor,consolinc,currentratio,de,debt,debtc,debtnc,debtusd,deferredrev,depamor,deposits,divyield,dps,ebit,ebitda,ebitdamargin,ebitdausd,ebitusd,ebt,eps,epsdil,epsusd,equity,equityavg,equityusd,ev,evebit,evebitda,fcf,fcfps,fxusd,gp,grossmargin,intangibles,intexp,invcap,invcapavg,inventory,investments,investmentsc,investmentsnc,liabilities,liabilitiesc,liabilitiesnc,marketcap,ncf,ncfbus,ncfcommon,ncfdebt,ncfdiv,ncff,ncfi,ncfinv,ncfo,ncfx,netinc,netinccmn,netinccmnusd,netincdis,netincnci,netmargin,opex,opinc,payables,payoutratio,pb,pe,pe1,ppnenet,prefdivis,price,ps,ps1,receivables,retearn,revenue,revenueusd,rnd,roa,roe,roic,ros,sbcomp,sgna,sharefactor,sharesbas,shareswa,shareswadil,sps,tangibles,taxassets,taxexp,taxliabilities,tbvps,workingcapital
BRT,MRY,2011-12-31,2011-09-30,2011-09-30,2018-05-08,278000,191012000,186967750,,,0.096,9.172,-2421000,44025000,44025000,3340000,4924000,,0.428,51817000,,,51817000,0,963000,2518000,0.0,0.0,8486000,9449000,0.528,9449000,8486000,6374000,0.45,0.45,0.45,129063000,125910500,129063000,111813214,13,11.833,-979000,-0.07,1.0,14541000,0.813,0,2112000,198804000,206168750,0,82149000,,,55283000,,,87520214,-14472000,-3035000,-1225000,-3140000,0,-2178000,-13736000,-8179000,1442000,0,6374000,6374000,6374000,-1346000,-1450000,0.356,8382000,6159000,948000,0.0,0.678,13.731,13.822,59277000,0,6.22,4.895,4.884,0,-77015000,17881000,17881000,0,0.034,0.051,0.041,0.475,845000,6728000,1.0,14070774,14041569,14041569,1.273,191012000,0,0,0,13.575,
BRT,MRY,2012-12-31,2012-09-30,2012-09-30,2018-05-08,356000,385956000,303338750,,,0.033,9.494,-118382000,133497000,133497000,6042000,1550000,,1.79,206684000,,,206684000,25848000,2753000,2108000,0.0,0.0,8208000,10961000,1.108,10961000,8208000,4430000,0.32,0.32,0.32,133449000,132378750,133449000,181222378,22,16.533,-125866000,-8.967,1.0,3851000,0.389,0,3778000,459143000,355846750,0,37833000,,,238938000,,,91365378,33856000,4206000,-880000,154867000,0,178318000,-136978000,44972000,-7484000,0,4430000,4430000,4430000,-7477000,-2880000,0.448,7570000,-3719000,4298000,0.0,0.685,20.624,20.313,190317000,0,6.5,9.235,9.222,0,-72585000,9893000,9893000,0,0.015,0.033,0.023,0.83,758000,2739000,1.0,14056212,14035972,14035972,0.705,385956000,0,0,0,27.459,
BRT,MRY,2013-12-31,2013-09-30,2013-09-30,2018-05-08,-6000,549491000,480972250,,,0.067,9.799,-185453000,89544000,89544000,16409000,2089000,,2.768,350616000,,,350616000,25848000,8713000,0,0.0,0.0,16991000,25704000,0.803,25704000,16991000,5013000,0.35,0.35,0.35,138791000,134517500,138791000,355512899,20,13.831,-184687000,-13.064,1.0,15594000,0.487,0,11978000,810563000,702465000,0,0,,,384233000,,,101547899,-20976000,0,0,143932000,0,157702000,-179444000,14311000,766000,0,5013000,5013000,5013000,-9026000,-2924000,0.157,16564000,-970000,7769000,0.0,0.732,20.257,20.486,402896000,0,7.17,3.173,3.167,0,-67572000,32003000,32003000,0,0.01,0.037,0.024,0.531,691000,5862000,1.0,14162887,14137091,14137091,2.264,549491000,0,0,0,38.797,
BRT,MRY,2014-12-31,2014-09-30,2014-09-30,2018-05-08,-8000,734620000,670610250,,,0.092,9.098,-205220000,55571000,55571000,32984000,-16166000,,4.349,519806000,,,519806000,30990000,17535000,0,0.0,0.0,6980000,24515000,0.397,24515000,6980000,-9454000,-0.66,-0.66,-0.66,130140000,133500000,130140000,541695277,77,22.096,-210055000,-14.725,1.0,28829000,0.466,0,16434000,1198855000,1068351750,0,0,,,565981000,,,107274277,-33724000,0,0,169190000,0,190435000,-219324000,28512000,-4835000,0,-9454000,-9454000,-9454000,3949000,-6712000,-0.153,24612000,4217000,15185000,0.0,0.824,-11.347,-11.364,635612000,0,7.5,1.735,1.731,0,-77026000,61813000,61813000,0,-0.014,-0.071,0.007,0.113,805000,6324000,1.0,14303237,14265589,14265589,4.333,734620000,0,0,0,51.359,
BRT,MRY,2015-12-31,2015-09-30,2015-09-30,2018-05-08,-58000,820869000,774457000,,,0.105,8.699,-84295000,22074000,22074000,42612000,-1605000,,5.387,507385000,,,507385000,0,22957000,0,0.0,0.0,16909000,39866000,0.492,39866000,16909000,-2388000,-0.17,-0.17,-0.17,122655000,121468250,122655000,626676487,37,15.72,-75888000,-5.369,1.0,38486000,0.475,0,19297000,1306180000,1281392250,0,0,,,660695000,,,99976487,-7625000,0,-2422000,58151000,0,51356000,-67388000,-2679000,8407000,0,-2388000,-2388000,-2388000,6329000,783000,-0.029,29470000,9016000,14780000,0.0,0.815,-41.866,-41.706,615586000,0,7.09,1.233,1.236,0,-79414000,81098000,81098000,0,-0.003,-0.02,0.013,0.209,906000,6683000,1.0,14101056,14133352,14133352,5.738,820869000,0,0,0,58.215,
BRT,MRY,2016-12-31,2016-09-30,2016-09-30,2018-05-08,-1602000,874899000,824119250,,,0.12,10.882,-302628000,34782000,34782000,47519000,45158000,,4.45,652507000,,,652507000,0,25994000,0,0.0,0.0,55867000,81861000,0.831,81861000,55867000,31989000,2.23,2.23,2.23,151290000,141334000,151290000,648276616,11,7.919,-292548000,-20.871,1.0,51002000,0.518,0,23878000,1492624000,1398176750,0,19798000,,,673223000,,,111253616,11843000,19242000,-2115000,138618000,0,137546000,-135783000,0,10080000,0,31289000,31289000,31289000,-12679000,13869000,0.318,36261000,14741000,20716000,0.0,0.735,3.556,3.587,793572000,0,8.0,1.129,1.138,0,-48125000,98521000,98521000,0,0.038,0.221,0.04,0.567,1005000,8536000,1.0,13906702,14017279,14017279,7.029,874899000,0,700000,0,62.93,
BRT,MRY,2017-12-31,2017-09-30,2017-09-30,2018-05-08,1000000,993897000,923218750,,,0.115,11.837,-228354000,18534000,18534000,51279000,35628000,,4.562,734844000,,,734844000,0,31754000,0,0.017,0.18,43331000,75085000,0.71,75085000,43331000,15160000,0.97,0.97,0.97,165996000,166548750,165996000,863112332,19,11.495,-215263000,-15.383,1.0,54492000,0.515,0,28171000,1710207000,1566247500,0,26915000,,,757192000,,,150348332,-15016000,-21470000,-193000,53687000,0,48770000,-76877000,14000000,13091000,0,13600000,13600000,13600000,0,22028000,0.129,39887000,14605000,22348000,0.186,0.906,11.055,11.052,911250000,0,10.72,1.421,1.418,0,-37047000,105771000,105771000,0,0.015,0.082,0.028,0.41,1219000,9396000,1.0,14025031,13993638,14018843,7.559,993897000,0,1560000,0,70.871,
