ticker,dimension,calendardate,datekey,reportperiod,lastupdated,accoci,assets,assetsavg,assetsc,assetsnc,assetturnover,bvps,capex,cashneq,cashnequsd,cor,consolinc,currentratio,de,debt,debtc,debtnc,debtusd,deferredrev,depamor,deposits,divyield,dps,ebit,ebitda,ebitdamargin,ebitdausd,ebitusd,ebt,eps,epsdil,epsusd,equity,equityavg,equityusd,ev,evebit,evebitda,fcf,fcfps,fxusd,gp,grossmargin,intangibles,intexp,invcap,invcapavg,inventory,investments,investmentsc,investmentsnc,liabilities,liabilitiesc,liabilitiesnc,marketcap,ncf,ncfbus,ncfcommon,ncfdebt,ncfdiv,ncff,ncfi,ncfinv,ncfo,ncfx,netinc,netinccmn,netinccmnusd,netincdis,netincnci,netmargin,opex,opinc,payables,payoutratio,pb,pe,pe1,ppnenet,prefdivis,price,ps,ps1,receivables,retearn,revenue,revenueusd,rnd,roa,roe,roic,ros,sbcomp,sgna,sharefactor,sharesbas,shareswa,shareswadil,sps,tangibles,taxassets,taxexp,taxliabilities,tbvps,workingcapital
BT,MRY,2011-12-31,2011-03-31,2011-03-31,2017-12-03,0,3931000000,5108000000,3683000000,19609000000,3.93,0.236,-2630000000,351000000,563734977,0,1504000000,0.524,7.563,9856000000,485000000,9371000000,15829549670,0,2979000000,0,0.034,0.51,4918000000,7897000000,0.393,12683233943,7898714009,1715000000,0.97,0.92,1.558,1925000000,-362500000,3091708920,40844733939,5,3.22,2145000000,0.263,0.623,20076000000,1.0,3389000000,3203000000,3016000000,3274000000,121000000,19000000,0,225000000,14558000000,7031000000,7527000000,24518890903,-1116000000,71000000,8000000,-2111000000,-543000000,-3499000000,-2183000000,347000000,4775000000,-3000000,1502000000,1502000000,2412335998,0,2000000,0.075,17498000000,2578000000,6945000000,0.327,7.931,10.164,9.654,14623000000,0,15.04,0.76,3.802,3618000000,770000000,20076000000,32243713391,0,0.294,-4.143,1.502,0.245,0,0,0.2,8151227029,8151227029,,3.956,542000000,461000000,213000000,1433000000,0.066,-3348000000
BT,MRY,2012-12-31,2012-03-31,2012-03-31,2017-12-03,0,4531000000,4231000000,3638000000,19417000000,4.466,0.16,-2560000000,331000000,527211101,0,2003000000,0.393,10.233,10486000000,2887000000,7599000000,16701920258,0,2972000000,0,0.034,0.61,5228000000,8200000000,0.434,13060818817,8327068387,2444000000,1.29,1.22,2.055,1308000000,1616500000,2083359879,45136886004,5,3.456,998000000,0.122,0.628,18897000000,1.0,3127000000,2784000000,2304000000,2660000000,104000000,513000000,0,221000000,13385000000,9255000000,4130000000,29474836936,0,19000000,21000000,494000000,-590000000,-510000000,-3048000000,-515000000,3558000000,-2000000,2002000000,2002000000,3188751130,0,1000000,0.106,15978000000,2919000000,6837000000,0.297,14.148,9.243,8.799,14388000000,0,18.08,0.979,4.896,3476000000,100000000,18897000000,30098816243,0,0.473,1.238,1.965,0.277,0,0,0.2,8151227029,8151227029,,3.693,1404000000,765000000,442000000,1166000000,0.172,-5617000000
BT,MRY,2013-12-31,2013-03-31,2013-03-31,2017-12-03,0,4674000000,4602500000,3854000000,20205000000,3.915,-0.032,-2438000000,924000000,1404385512,0,2091000000,0.507,-66.935,10013000000,1736000000,8277000000,15218736083,0,2843000000,0,0.033,0.69,5144000000,7987000000,0.443,12139423259,7818353981,2501000000,1.33,1.27,2.021,-262000000,523000000,-398213208,50181027039,6,4.134,2857000000,0.35,0.658,18017000000,1.0,3258000000,2643000000,2901000000,2602500000,103000000,531000000,0,92000000,17537000000,7604000000,9933000000,34259607202,600000000,222000000,-193000000,-727000000,-683000000,-2271000000,-2424000000,-15000000,5295000000,-4000000,2091000000,2091000000,3178106177,0,0,0.116,15031000000,2986000000,6457000000,0.341,-86.033,10.78,10.396,14153000000,0,21.015,1.251,6.255,3114000000,-1690000000,18017000000,27383997604,0,0.454,3.998,1.977,0.286,0,0,0.2,8151227029,8151227029,,3.359,1416000000,1454000000,410000000,1309000000,0.174,-3750000000
BT,MRY,2014-12-31,2014-03-31,2014-03-31,2017-12-03,0,5706000000,5190000000,3602000000,19192000000,3.524,-0.073,-2346000000,695000000,1156669656,0,2018000000,0.469,-30.073,9814000000,1873000000,7941000000,16333174117,0,2695000000,0,0.024,0.77,3150000000,5845000000,0.32,9727675027,5242459595,2312000000,1.28,1.22,2.13,-592000000,-427000000,-985249549,65731405473,12,6.757,2797000000,0.343,0.601,18287000000,1.0,3195000000,838000000,3943000000,3422000000,82000000,1774000000,0,52000000,17803000000,7687000000,10116000000,52045584580,-196000000,-22000000,-227000000,436000000,-778000000,-1392000000,-3600000000,-1238000000,5143000000,-39000000,2018000000,2018000000,3358502686,0,0,0.11,15142000000,3145000000,6159000000,0.361,-52.825,15.497,14.986,13840000000,0,31.925,1.71,8.55,3121000000,-1680000000,18287000000,30434558293,0,0.389,-4.726,0.921,0.172,0,0,0.2,8151227029,8151227029,,3.734,2511000000,1486000000,294000000,1144000000,0.308,-4085000000
BT,MRY,2015-12-31,2015-03-31,2015-03-31,2017-12-03,0,7838000000,6772000000,3941000000,19708000000,2.655,0.084,-2310000000,848000000,1259017639,0,2135000000,0.481,27.417,10176000000,2314000000,7862000000,15108211675,0,2538000000,0,0.029,0.93,3521000000,6059000000,0.337,8995740422,5227595647,2645000000,1.32,1.3,1.96,681000000,44500000,1011074307,68531145482,13,7.618,2787000000,0.342,0.674,17979000000,1.0,3288000000,876000000,5684000000,4813500000,94000000,3523000000,0,70000000,18671000000,8194000000,10477000000,53121546548,-296000000,10000000,881000000,-692000000,-924000000,-1028000000,-4056000000,-1766000000,5097000000,19000000,2135000000,2135000000,3169814458,0,0,0.119,14499000000,3480000000,6277000000,0.475,52.54,16.759,16.627,13498000000,0,32.585,1.99,9.95,3272000000,-2124000000,17979000000,26693252526,0,0.315,47.978,0.731,0.196,0,0,0.2,8151227029,8151227029,,3.275,4550000000,1624000000,510000000,1170000000,0.558,-4253000000
BT,MRY,2016-12-31,2016-03-31,2016-03-31,2017-12-03,0,8548000000,8193000000,4974000000,34418000000,2.324,1.208,-2431000000,996000000,1428647246,0,2588000000,0.427,2.097,14761000000,3736000000,11025000000,21172953814,0,2631000000,0,0.031,0.98,3778000000,6409000000,0.337,9192972088,5419105718,3029000000,1.49,1.48,2.137,10112000000,5396500000,14504498947,68357124205,12,7.436,2976000000,0.355,0.697,19042000000,1.0,15675000000,749000000,-5013000000,335500000,189000000,2918000000,0,70000000,21203000000,11651000000,9552000000,53722626048,76000000,-3362000000,-225000000,4840000000,-1075000000,42000000,-5117000000,666000000,5407000000,-24000000,2588000000,2588000000,3712187824,0,0,0.136,15307000000,3735000000,8524000000,0.459,3.704,14.472,15.01,15971000000,0,32.08,1.967,9.834,4196000000,-430000000,19042000000,27313555079,0,0.316,0.48,11.261,0.198,0,0,0.2,8373227252,8373227252,,3.262,-7127000000,1312000000,441000000,1533000000,-0.851,-6677000000
BT,MRY,2017-12-31,2017-03-31,2017-03-31,2017-12-03,0,6875000000,7711500000,4363000000,35497000000,3.12,0.836,-3119000000,528000000,659340659,0,1908000000,0.399,2.773,12713000000,2632000000,10081000000,15875374625,0,3572000000,0,0.049,0.98,3171000000,6743000000,0.28,8420329670,3959790209,2354000000,0.96,0.95,1.199,8335000000,9223500000,10408341658,60093965324,15,7.137,3606000000,0.362,0.801,24062000000,1.0,15293000000,817000000,-7158000000,-6085500000,227000000,1520000000,0,75000000,23112000000,10925000000,12187000000,40051937022,14000000,53000000,-136000000,-2240000000,-1435000000,-4502000000,-1658000000,1401000000,6725000000,38000000,1908000000,1908000000,2382617382,0,0,0.079,20895000000,3167000000,8735000000,0.817,3.848,16.81,16.758,16498000000,0,20.09,1.333,6.665,4195000000,-650000000,24062000000,30047452547,0,0.247,0.207,-0.521,0.132,0,0,0.2,9968127681,9968127681,,3.014,-8418000000,1790000000,446000000,1437000000,-0.844,-6562000000
