ticker,dimension,calendardate,datekey,reportperiod,lastupdated,accoci,assets,assetsavg,assetsc,assetsnc,assetturnover,bvps,capex,cashneq,cashnequsd,cor,consolinc,currentratio,de,debt,debtc,debtnc,debtusd,deferredrev,depamor,deposits,divyield,dps,ebit,ebitda,ebitdamargin,ebitdausd,ebitusd,ebt,eps,epsdil,epsusd,equity,equityavg,equityusd,ev,evebit,evebitda,fcf,fcfps,fxusd,gp,grossmargin,intangibles,intexp,invcap,invcapavg,inventory,investments,investmentsc,investmentsnc,liabilities,liabilitiesc,liabilitiesnc,marketcap,ncf,ncfbus,ncfcommon,ncfdebt,ncfdiv,ncff,ncfi,ncfinv,ncfo,ncfx,netinc,netinccmn,netinccmnusd,netincdis,netincnci,netmargin,opex,opinc,payables,payoutratio,pb,pe,pe1,ppnenet,prefdivis,price,ps,ps1,receivables,retearn,revenue,revenueusd,rnd,roa,roe,roic,ros,sbcomp,sgna,sharefactor,sharesbas,shareswa,shareswadil,sps,tangibles,taxassets,taxexp,taxliabilities,tbvps,workingcapital
BZC,MRY,2011-12-31,2011-03-31,2011-03-31,2016-12-25,-147000,78148000,76858750,47756000,30392000,1.017,3.546,-715000,6381000,6381000,47248000,5026000,3.105,1.337,11500000,0,11500000,11500000,0,2271000,0,0.0,0.0,9244000,11515000,0.147,11515000,9244000,8550000,0.53,0.53,0.53,33433000,30419000,33433000,90623128,9,7.87,10389000,1.104,1.0,30952000,0.396,402000,694000,67485000,71443750,14751000,0,0,0,44715000,15380000,29335000,80901128,3010000,0,0,-6572000,0,-6572000,-1522000,0,11104000,0,5026000,5026000,5026000,0,0,0.064,21495000,9457000,8041000,0.0,2.42,16.097,16.189,12151000,0,8.58,1.035,1.033,18522000,-54837000,78200000,78200000,6923000,0.065,0.165,0.129,0.118,454000,14361000,1.0,9429036,9414000,9443000,8.307,77746000,16125000,3524000,287000,8.245,32376000
BZC,MRY,2012-12-31,2012-03-31,2012-03-31,2016-12-25,-74000,79851000,79996750,55680000,24171000,1.062,4.021,-726000,12683000,12683000,49728000,3776000,3.368,1.093,10679000,2464000,8215000,10679000,0,1709000,0,0.0,0.0,6913000,8622000,0.102,8622000,6913000,6517000,0.4,0.39,0.4,38152000,36301500,38152000,82626949,11,9.583,9583000,1.012,1.0,35214000,0.415,402000,396000,60913000,62413000,13974000,0,0,0,41699000,16532000,25167000,79715949,6302000,0,0,-821000,0,-627000,-3380000,0,10309000,0,3776000,3776000,3776000,0,0,0.044,28192000,7022000,5779000,0.0,2.089,21.111,21.0,11420000,0,8.4,0.938,0.937,19403000,-51061000,84942000,84942000,12531000,0.047,0.104,0.111,0.081,675000,15661000,1.0,9489994,9473000,9593000,8.967,79449000,13428000,2741000,343000,8.374,39148000
BZC,MRY,2013-12-31,2013-03-31,2013-03-31,2016-12-25,-184000,73413000,71636250,48696000,24717000,1.116,4.517,-458000,6688000,6688000,47143000,4076000,3.321,0.704,0,0,0,0,0,1475000,0,0.0,0.0,8097000,9572000,0.12,9572000,8097000,7870000,0.43,0.43,0.43,43072000,40540750,43072000,68727839,8,7.18,7036000,0.74,1.0,32813000,0.41,402000,227000,51661000,51185500,17790000,0,0,0,30341000,14662000,15679000,78560839,-5995000,0,0,-10679000,0,-10518000,-2971000,0,7494000,0,4076000,4076000,4076000,0,0,0.051,24623000,8190000,5526000,0.0,1.824,19.274,19.186,10486000,0,8.25,0.983,0.981,15955000,-46985000,79956000,79956000,9377000,0.057,0.101,0.158,0.101,813000,15246000,1.0,9522526,9511000,9573000,8.407,73011000,11046000,3794000,741000,7.657,34034000
BZC,MRY,2014-12-31,2014-03-31,2014-03-31,2016-12-25,3000,79793000,75744750,55597000,24196000,1.135,5.206,-997000,6021000,6021000,54802000,5641000,3.499,0.581,0,0,0,0,0,1699000,0,0.0,0.0,9000000,10699000,0.125,10699000,9000000,8951000,0.58,0.58,0.58,50484000,46928750,50484000,92808832,10,8.675,-26000,-0.003,1.0,31131000,0.362,402000,49000,57481000,55482500,18909000,0,0,0,29309000,15889000,13420000,96217832,-667000,0,0,-33000,0,879000,-2517000,0,971000,0,5641000,5641000,5641000,0,0,0.066,22042000,9089000,7442000,0.0,1.906,17.057,17.034,10132000,0,9.88,1.12,1.109,24191000,-41344000,85933000,85933000,8162000,0.074,0.12,0.162,0.105,672000,13880000,1.0,9738647,9643000,9757000,8.911,79391000,8805000,3310000,358000,8.187,39708000
BZC,MRY,2015-12-31,2015-03-31,2015-03-31,2016-12-25,37000,96978000,85648750,74741000,22237000,1.048,6.839,-735000,22806000,22806000,54918000,14907000,4.092,0.445,0,0,0,0,0,2050000,0,0.0,0.0,14516000,16566000,0.185,16566000,14516000,14484000,1.52,1.5,1.52,67115000,57948750,67115000,84974036,5,5.129,16166000,1.653,1.0,34864000,0.388,402000,32000,55503000,54803750,19427000,0,0,0,29863000,18267000,11596000,100710036,16785000,0,0,0,0,662000,-778000,0,16901000,0,14907000,14907000,14907000,0,0,0.166,21959000,12905000,6521000,0.0,1.501,6.756,6.75,9498000,0,10.26,1.122,1.117,22334000,-26437000,89782000,89782000,6607000,0.174,0.257,0.265,0.162,1043000,15352000,1.0,9815793,9778000,9946000,9.182,96576000,12314000,-423000,2924000,9.841,56474000
