ticker,dimension,calendardate,datekey,reportperiod,lastupdated,accoci,assets,assetsavg,assetsc,assetsnc,assetturnover,bvps,capex,cashneq,cashnequsd,cor,consolinc,currentratio,de,debt,debtc,debtnc,debtusd,deferredrev,depamor,deposits,divyield,dps,ebit,ebitda,ebitdamargin,ebitdausd,ebitusd,ebt,eps,epsdil,epsusd,equity,equityavg,equityusd,ev,evebit,evebitda,fcf,fcfps,fxusd,gp,grossmargin,intangibles,intexp,invcap,invcapavg,inventory,investments,investmentsc,investmentsnc,liabilities,liabilitiesc,liabilitiesnc,marketcap,ncf,ncfbus,ncfcommon,ncfdebt,ncfdiv,ncff,ncfi,ncfinv,ncfo,ncfx,netinc,netinccmn,netinccmnusd,netincdis,netincnci,netmargin,opex,opinc,payables,payoutratio,pb,pe,pe1,ppnenet,prefdivis,price,ps,ps1,receivables,retearn,revenue,revenueusd,rnd,roa,roe,roic,ros,sbcomp,sgna,sharefactor,sharesbas,shareswa,shareswadil,sps,tangibles,taxassets,taxexp,taxliabilities,tbvps,workingcapital
CACI,MRY,2011-12-31,2011-06-30,2011-06-30,2018-05-04,-3115000,2320131000,2228119500,782078000,1538053000,1.606,43.249,-14388000,164817000,164817000,2528660000,145152000,1.789,0.772,409937000,7500000,402437000,409937000,0,56067000,0,0.0,0.0,250467000,306534000,0.086,306534000,250467000,227323000,4.76,4.61,4.76,1309616000,1248359500,1309616000,2210107470,8,7.21,216768000,7.159,1.0,1049120000,0.293,1374387000,23144000,753643000,731276000,0,0,0,0,1010515000,437221000,573294000,1899520470,-89726000,-135653000,-27454000,-138425000,0,-172870000,-149243000,0,231156000,1231000,144218000,144218000,144218000,0,934000,0.04,797719000,251401000,98893000,0.0,1.45,13.171,13.252,62755000,0,63.08,0.531,0.534,581699000,938495000,3577780000,3577780000,0,0.065,0.116,0.343,0.07,17915000,741652000,1.0,30112880,30281000,31300000,118.153,945744000,16080000,83105000,68123000,31.232,344857000
CACI,MRY,2012-12-31,2012-06-30,2012-06-30,2018-05-04,-7834000,2388222000,2393468750,685792000,1702430000,1.577,43.005,-18284000,15740000,15740000,2598890000,168211000,1.414,1.051,534807000,7500000,527307000,534807000,0,55962000,0,0.0,0.0,299092000,355054000,0.094,355054000,299092000,274991000,6.18,5.96,6.18,1164445000,1182671250,1164445000,1989528976,6,5.603,252939000,9.341,1.0,1175583000,0.311,1521769000,24101000,900591000,955975000,0,0,0,0,1223777000,484929000,738848000,1465200976,-149077000,-185926000,-305002000,116251000,0,-215481000,-204368000,0,271223000,-451000,167454000,167454000,167454000,0,757000,0.044,875734000,299849000,149549000,0.0,1.258,8.75,8.903,67449000,0,55.02,0.388,0.395,638784000,1105949000,3774473000,3774473000,0,0.07,0.142,0.313,0.079,15499000,819772000,1.0,26630334,27077000,28111000,139.398,866453000,16747000,107537000,86414000,32.0,200863000
CACI,MRY,2013-12-31,2013-06-30,2013-06-30,2018-05-04,-9815000,2497071000,2487450500,723781000,1773290000,1.48,52.48,-15439000,64337000,64337000,2535606000,152676000,0.975,1.068,596307000,295517000,300790000,596307000,0,54078000,0,0.0,0.0,269854000,323932000,0.088,323932000,269854000,244036000,6.59,6.35,6.59,1207572000,1147453000,1207572000,2092819844,7,6.461,233892000,10.165,1.0,1146384000,0.311,1581153000,25818000,705394000,1004558250,0,0,0,0,1289499000,742494000,547005000,1464576844,48597000,-107859000,-109974000,46888000,0,-73025000,-127417000,0,249331000,-292000,151689000,151689000,151689000,0,987000,0.041,875543000,270841000,133073000,0.0,1.213,9.655,9.634,65510000,0,63.49,0.398,0.397,625946000,1257638000,3681990000,3681990000,0,0.061,0.132,0.269,0.073,8832000,821465000,1.0,23067835,23010000,23885000,160.017,915918000,18953000,92347000,119885000,39.805,-18713000
CACI,MRY,2014-12-31,2014-06-30,2014-06-30,2018-05-04,-382000,3359138000,3204863250,735849000,2623289000,1.112,58.012,-15279000,64461000,64461000,2426520000,135919000,1.741,1.471,1280291000,41563000,1238728000,1280291000,0,65181000,0,0.0,0.0,256800000,321981000,0.09,321981000,256800000,218642000,5.78,5.38,5.78,1359166000,1302590750,1359166000,2915788850,11,9.056,188191000,8.032,1.0,1138042000,0.319,2418979000,38158000,1733402000,1545414000,0,0,0,0,1999972000,422587000,1577385000,1649630850,124000,-835500000,-126000,660850000,0,646675000,-851655000,0,203470000,1634000,135316000,135316000,135316000,0,603000,0.038,880639000,257403000,55811000,0.0,1.214,12.191,12.147,68485000,0,70.21,0.463,0.461,624294000,1392954000,3564562000,3564562000,0,0.042,0.104,0.166,0.072,11557000,815458000,1.0,23495668,23429000,25155000,152.143,940159000,22694000,83326000,197847000,40.128,313262000
CACI,MRY,2015-12-31,2015-06-30,2015-06-30,2018-05-04,-14960000,3242030000,3282753750,666110000,2575920000,1.009,61.812,-17444000,35364000,35364000,2193585000,126296000,1.667,1.19,1063564000,38965000,1024599000,1063564000,0,66083000,0,0.0,0.0,236280000,302363000,0.091,302363000,236280000,201522000,5.27,5.17,5.27,1480272000,1424521750,1480272000,2999895696,12,9.922,209418000,8.745,1.0,1119867000,0.338,2384998000,34758000,1485551000,1547084750,0,0,0,0,1761758000,399681000,1362077000,1955732696,-29097000,-14972000,578000,-213451000,0,-222508000,-31396000,391000,226862000,-2055000,126195000,126195000,126195000,0,101000,0.038,883486000,236381000,56840000,0.0,1.321,15.498,15.349,63689000,0,80.89,0.59,0.585,604343000,1519149000,3313452000,3313452000,0,0.038,0.089,0.153,0.071,14072000,817403000,1.0,24177682,23948000,24388000,138.36,857032000,0,75327000,200237000,35.787,266429000
CACI,MRY,2016-12-31,2016-06-30,2016-06-30,2018-05-04,-41083000,3987341000,3606276500,921838000,3065503000,1.038,66.248,-20835000,49082000,49082000,2487633000,142799000,1.631,1.481,1456044000,53965000,1402079000,1456044000,0,64752000,0,0.0,0.0,264750000,329502000,0.088,329502000,264750000,223612000,5.89,5.76,5.89,1607313000,1558288500,1607313000,3649273948,13,11.075,221742000,9.139,1.0,1256420000,0.336,2860715000,41138000,1968412000,1689004750,0,0,0,0,2380028000,565176000,1814852000,2198684948,13718000,-587821000,-144000,389245000,0,381507000,-607587000,0,242577000,-2779000,142799000,142799000,142799000,0,0,0.038,991670000,264750000,95270000,0.0,1.368,15.397,15.35,81362000,0,90.41,0.587,0.586,812147000,1661948000,3744053000,3744053000,0,0.04,0.092,0.157,0.071,17919000,926918000,1.0,24319046,24262000,24802000,154.318,1126626000,0,80813000,248458000,46.436,356662000
CACI,MRY,2017-12-31,2017-06-30,2017-06-30,2018-05-04,-29116000,3911082000,3902457500,879902000,3031180000,1.116,73.51,-43268000,65539000,65539000,2934804000,163671000,1.67,1.18,1231563000,53965000,1177598000,1231563000,0,71760000,0,0.0,0.0,297261000,369021000,0.085,369021000,297261000,248619000,6.71,6.53,6.71,1793721000,1718321000,1793721000,4284772166,14,11.611,237982000,9.753,1.0,1419813000,0.326,2812806000,48642000,1737556000,1821728000,0,0,0,0,2117361000,526744000,1590617000,3058202166,16457000,12011000,-70000,-228965000,0,-239986000,-24804000,4681000,281250000,-3000,163671000,163671000,163671000,0,0,0.038,1122552000,297261000,62874000,0.0,1.705,18.685,18.636,91749000,0,125.05,0.702,0.701,765227000,1825619000,4354617000,4354617000,0,0.042,0.095,0.163,0.068,21945000,1050792000,1.0,24455835,24401000,25069000,178.461,1098276000,0,84948000,273320000,45.009,353158000
