ticker,dimension,calendardate,datekey,reportperiod,lastupdated,accoci,assets,assetsavg,assetsc,assetsnc,assetturnover,bvps,capex,cashneq,cashnequsd,cor,consolinc,currentratio,de,debt,debtc,debtnc,debtusd,deferredrev,depamor,deposits,divyield,dps,ebit,ebitda,ebitdamargin,ebitdausd,ebitusd,ebt,eps,epsdil,epsusd,equity,equityavg,equityusd,ev,evebit,evebitda,fcf,fcfps,fxusd,gp,grossmargin,intangibles,intexp,invcap,invcapavg,inventory,investments,investmentsc,investmentsnc,liabilities,liabilitiesc,liabilitiesnc,marketcap,ncf,ncfbus,ncfcommon,ncfdebt,ncfdiv,ncff,ncfi,ncfinv,ncfo,ncfx,netinc,netinccmn,netinccmnusd,netincdis,netincnci,netmargin,opex,opinc,payables,payoutratio,pb,pe,pe1,ppnenet,prefdivis,price,ps,ps1,receivables,retearn,revenue,revenueusd,rnd,roa,roe,roic,ros,sbcomp,sgna,sharefactor,sharesbas,shareswa,shareswadil,sps,tangibles,taxassets,taxexp,taxliabilities,tbvps,workingcapital
CAE,MRY,2011-12-31,2011-03-31,2011-03-31,2017-06-28,-9800000,2817300000,2704300000,1049200000,1768100000,0.603,3.562,-109800000,276400000,284849783,1082000000,160900000,1.295,2.061,660200000,86200000,574000000,680382877,0,109700000,0,0.011,0.15,286400000,396100000,0.243,408209115,295155492,222000000,0.62,0.62,0.639,914400000,857400000,942353988,3585537940,12,8.784,116500000,0.454,0.97,548800000,0.337,375800000,64400000,2015200000,1947900000,124300000,0,0,0,1884400000,810100000,1074300000,3411676020,-32500000,-73200000,2800000,-22200000,-37900000,-27900000,-230900000,0,226300000,-4000000,160300000,160300000,165200507,0,600000,0.098,266200000,282600000,551900000,0.235,3.62,20.652,20.815,1211000000,0,13.3,2.03,2.031,296800000,466400000,1630800000,1680654948,44500000,0.059,0.187,0.147,0.176,16200000,239900000,1.0,256516994,256700000,257300000,6.547,2441500000,79500000,61700000,77400000,9.511,239100000
CAE,MRY,2012-12-31,2012-03-31,2012-03-31,2017-06-28,-6000000,3028900000,2923100000,1115600000,1913300000,0.623,4.013,-131300000,254700000,255709797,1221100000,182000000,1.351,1.918,707700000,119300000,588400000,710505787,0,125800000,0,0.016,0.16,307000000,432800000,0.238,434515903,308217149,237800000,0.7,0.7,0.703,1031100000,972750000,1035187957,2829370051,9,6.512,102600000,0.399,0.996,600100000,0.33,527900000,69200000,2128200000,2071700000,146900000,172900000,0,172900000,1977500000,825800000,1151700000,2628749453,10900000,-153600000,4400000,140300000,-33400000,115500000,-340000000,0,233900000,1500000,180300000,180300000,181014827,0,1700000,0.099,298000000,302100000,556200000,0.228,2.539,14.522,14.557,993200000,0,10.23,1.438,1.438,302300000,563400000,1821200000,1828420432,62800000,0.062,0.185,0.148,0.169,4700000,256400000,1.0,256964756,256964756,,7.115,2501000000,112400000,57500000,99400000,9.733,289800000
CAE,MRY,2013-12-31,2013-03-31,2013-03-31,2017-06-28,-12000000,3691300000,3360100000,1307600000,2383700000,0.606,4.316,-87500000,260000000,255587034,1450400000,140700000,1.443,2.283,1073400000,70600000,1002800000,1055181240,0,142700000,0,0.019,0.19,240400000,383100000,0.188,376597664,236319703,165900000,0.53,0.53,0.521,1114600000,1072850000,1095681955,3047190530,12,8.091,67000000,0.259,1.017,584800000,0.287,794400000,74500000,2803900000,2466050000,176200000,196900000,0,196900000,2544900000,906400000,1638500000,2523261702,5300000,-273400000,3900000,355200000,-37100000,284500000,-433700000,-1400000,154500000,0,137700000,137700000,135362825,0,3000000,0.068,370900000,213900000,644200000,0.365,2.303,18.641,18.752,1142800000,0,9.77,1.261,1.261,401400000,633000000,2035200000,2000656662,60100000,0.041,0.128,0.097,0.118,-4200000,264500000,1.0,258266295,258266295,,7.746,2896900000,173200000,28200000,139900000,11.217,401200000
CAE,MRY,2014-12-31,2014-03-31,2014-03-31,2017-06-28,129500000,4236700000,3964000000,1350800000,2885900000,0.524,5.545,-141600000,312300000,282466968,1512800000,191100000,1.401,1.911,1168500000,50600000,1117900000,1056876890,0,164600000,0,0.016,0.21,299500000,464100000,0.223,419765994,270889712,219000000,0.73,0.73,0.66,1441600000,1278100000,1303888511,4302006477,15,10.249,134300000,0.517,1.106,565100000,0.272,870700000,80500000,3257700000,3030800000,219500000,234600000,0,234600000,2754500000,964500000,1790000000,3426523997,56400000,11300000,22200000,-12100000,-40100000,-48600000,-193300000,4200000,275900000,22400000,190000000,190000000,171849900,-1700000,1100000,0.091,305800000,259300000,685000000,0.318,2.628,19.939,19.962,1341200000,0,13.18,1.823,1.823,453900000,775100000,2077900000,1879404784,67700000,0.048,0.149,0.099,0.144,9700000,259300000,1.0,259979059,259979059,,7.229,3366000000,56600000,29000000,174400000,12.947,386300000
CAE,MRY,2015-12-31,2015-03-31,2015-03-31,2017-06-28,177300000,4656900000,4446800000,1562500000,3094400000,0.505,6.199,-136600000,330200000,260494940,1642600000,204700000,1.504,1.817,1279800000,55500000,1224300000,1009634841,0,189100000,0,0.022,0.26,340300000,529400000,0.236,417643917,268462835,259600000,0.76,0.76,0.6,1635200000,1538400000,1290010074,3875631838,14,9.28,132000000,0.5,1.268,603700000,0.269,844700000,80700000,3722700000,3490200000,237300000,318000000,0,318000000,2970500000,1039100000,1931400000,3075575025,25600000,15400000,12700000,-39400000,-46300000,-73000000,-178800000,-300000,268600000,8800000,201800000,201800000,159200118,-600000,2900000,0.09,308400000,295300000,732700000,0.434,2.384,19.319,19.447,1461200000,0,11.66,1.736,1.736,468000000,879800000,2246300000,1772107161,64100000,0.045,0.131,0.098,0.151,7500000,264600000,1.0,263771443,263771443,,6.718,3812200000,77100000,57800000,186700000,14.453,523400000
CAE,MRY,2016-12-31,2016-03-31,2016-03-31,2017-06-28,220700000,4996700000,4826800000,1749600000,3247100000,0.521,7.076,-116000000,485600000,373431028,1816700000,230300000,1.467,1.618,1272900000,119300000,1153600000,978872232,172000000,217800000,0,0.021,0.24,334800000,552600000,0.22,424954666,257464391,250100000,0.85,0.85,0.654,1888700000,1761950000,1452428301,3859480725,14,9.082,229800000,0.861,1.3,695900000,0.277,929200000,84700000,3661900000,3692300000,278300000,345100000,0,345100000,3056400000,1192900000,1863500000,3090737550,155400000,62800000,8200000,-42500000,-56700000,-91000000,-105100000,3400000,345800000,5700000,229700000,229700000,176641489,9600000,600000,0.091,403800000,292100000,660800000,0.367,2.128,17.497,17.716,1473100000,0,11.58,1.6,1.6,500000000,1048000000,2512600000,1932213347,87600000,0.048,0.13,0.091,0.133,8300000,311500000,1.0,266903070,266903070,,7.239,4067500000,81300000,20400000,224400000,15.24,556700000
CAE,MRY,2017-12-31,2017-03-31,2017-03-31,2017-06-28,193700000,5354800000,5175750000,1919700000,3435100000,0.523,7.495,-216300000,504700000,378449310,1893300000,256600000,1.507,1.62,1255400000,51900000,1203500000,941361727,266600000,211900000,0,0.017,0.26,370700000,582600000,0.215,436862627,277969406,286700000,0.94,0.93,0.705,2020800000,1954750000,1515296940,4737434755,17,10.844,248000000,0.92,1.334,811200000,0.3,944000000,84000000,3887600000,3774750000,416300000,378400000,0,378400000,3273800000,1273900000,1999900000,4122716336,19100000,11000000,-29000000,-72200000,-80600000,-181100000,-259200000,-10600000,464300000,-4900000,251500000,251500000,188587282,500000,5100000,0.093,498200000,313000000,695200000,0.369,2.721,21.861,21.692,1582600000,0,15.29,2.033,2.033,548400000,1192300000,2704500000,2027969406,111000000,0.049,0.129,0.098,0.137,29200000,364400000,1.0,269634816,269634816,,7.521,4410800000,68400000,35200000,248200000,16.358,645800000
