ticker,dimension,calendardate,datekey,reportperiod,lastupdated,accoci,assets,assetsavg,assetsc,assetsnc,assetturnover,bvps,capex,cashneq,cashnequsd,cor,consolinc,currentratio,de,debt,debtc,debtnc,debtusd,deferredrev,depamor,deposits,divyield,dps,ebit,ebitda,ebitdamargin,ebitdausd,ebitusd,ebt,eps,epsdil,epsusd,equity,equityavg,equityusd,ev,evebit,evebitda,fcf,fcfps,fxusd,gp,grossmargin,intangibles,intexp,invcap,invcapavg,inventory,investments,investmentsc,investmentsnc,liabilities,liabilitiesc,liabilitiesnc,marketcap,ncf,ncfbus,ncfcommon,ncfdebt,ncfdiv,ncff,ncfi,ncfinv,ncfo,ncfx,netinc,netinccmn,netinccmnusd,netincdis,netincnci,netmargin,opex,opinc,payables,payoutratio,pb,pe,pe1,ppnenet,prefdivis,price,ps,ps1,receivables,retearn,revenue,revenueusd,rnd,roa,roe,roic,ros,sbcomp,sgna,sharefactor,sharesbas,shareswa,shareswadil,sps,tangibles,taxassets,taxexp,taxliabilities,tbvps,workingcapital
CAJ,MRY,2011-12-31,2011-12-31,2011-12-31,2018-03-29,-481773000000,3930727000000,3957273500000,2153305000000,1777422000000,0.899,2076.678,-234856000000,773227000000,10018794431,1820670000000,254109000000,2.409,0.477,11711000000,8343000000,3368000000,151740823,0,261343000000,0,0.031,1.383,370033000000,631376000000,0.177,8180814111,4794561700,369045000000,204.49,204.48,2.65,2551132000000,2598457000000,33055321496,44108055721,9,5.392,234706000000,191.056,77.178,1736763000000,0.488,138030000000,988000000,2137333000000,2120971500000,476704000000,177307000000,125517000000,51790000000,1217060000000,893848000000,323212000000,54101708215,-67352000000,29000000,-99766000000,-1479000000,-152784000000,-257513000000,-256543000000,-34710000000,469562000000,-22858000000,248630000000,248630000000,3221528554,0,5479000000,0.07,1358692000000,378071000000,380532000000,0.522,1.637,16.794,16.621,1190836000000,0,44.04,1.174,1.174,549980000000,3059298000000,3557433000000,46094083534,307800000000,0.063,0.096,0.174,0.104,0,1050892000000,1.0,1228467489,1228467489,,37.522,3792697000000,0,120415000000,45900000000,3087.34,1259457000000
CAJ,MRY,2012-12-31,2012-12-31,2012-12-31,2018-03-29,-367249000000,3955503000000,3943115000000,2082256000000,1873247000000,0.882,2162.261,-311350000000,666678000000,7708639739,1829822000000,232445000000,2.466,0.462,3983000000,1866000000,2117000000,46054485,0,258133000000,0,0.038,1.504,335698000000,593831000000,0.171,6866327140,3881596427,334676000000,191.34,191.34,2.212,2598026000000,2574579000000,30040359015,37881008689,9,5.517,72727000000,60.529,86.485,1649966000000,0.474,135736000000,1022000000,2312637000000,2224985000000,551623000000,84939000000,28322000000,56617000000,1201201000000,844435000000,356766000000,47112076307,-106549000000,-704000000,-149968000000,-8173000000,-142362000000,-319739000000,-212740000000,102268000000,384077000000,41853000000,224564000000,224564000000,2596580319,0,7881000000,0.065,1326110000000,323856000000,325235000000,0.68,1.568,18.144,17.723,1260364000000,0,39.21,1.171,1.171,593077000000,3138976000000,3479788000000,40235964080,296464000000,0.057,0.087,0.151,0.096,0,1029646000000,1.0,1201532168,1201532168,,33.487,3819767000000,0,110112000000,60057000000,3179.08,1237821000000
CAJ,MRY,2013-12-31,2013-12-31,2013-12-31,2018-03-29,-80646000000,4242710000000,4099106500000,2285942000000,1956768000000,0.91,2524.535,-231412000000,788909000000,7492034569,1932959000000,239516000000,2.695,0.404,2747000000,1299000000,1448000000,26087443,0,275173000000,0,0.037,1.174,339121000000,614294000000,0.165,5833767752,3220531461,338571000000,200.78,200.78,1.907,2910262000000,2754144000000,27637894242,29861470216,9,5.119,276230000000,239.618,105.3,1798421000000,0.482,145075000000,550000000,2463166000000,2387901500000,553773000000,118272000000,47914000000,70358000000,1175933000000,848307000000,327626000000,36889321312,122231000000,-4914000000,-50007000000,-1398000000,-155627000000,-222181000000,-250212000000,-14022000000,507642000000,86982000000,230483000000,230483000000,2188828627,0,9033000000,0.062,1461144000000,337277000000,307157000000,0.616,1.335,16.853,16.783,1278730000000,0,32.0,1.041,1.041,628017000000,3212692000000,3731380000000,35435808122,306324000000,0.056,0.084,0.142,0.091,0,1154820000000,1.0,1152791291,1152791291,,30.739,4097635000000,0,108088000000,53196000000,3554.533,1437635000000
CAJ,MRY,2014-12-31,2014-12-31,2014-12-31,2018-03-29,28286000000,4460618000000,4351664000000,2391933000000,2068685000000,0.857,2619.336,-214368000000,844580000000,7052359540,1865780000000,265239000000,2.596,0.443,2166000000,1018000000,1148000000,18086398,0,263480000000,0,0.038,1.2,373297000000,636777000000,0.171,5317175816,3117081459,372797000000,229.03,229.03,1.912,2978184000000,2944223000000,24868247347,28342158808,9,5.33,369559000000,325.03,119.758,1861472000000,0.499,388624000000,500000000,2308201000000,2385683500000,528167000000,137039000000,71863000000,65176000000,1319860000000,921379000000,398481000000,35997401130,55671000000,-54772000000,-149813000000,-829000000,-145790000000,-300886000000,-269298000000,-11928000000,583927000000,41928000000,254797000000,254797000000,2127590108,0,10442000000,0.068,1497983000000,363489000000,310214000000,0.627,1.448,16.919,16.555,1269529000000,0,31.66,1.157,1.157,655460000000,3320392000000,3727252000000,31123068508,308979000000,0.059,0.087,0.156,0.1,0,1189004000000,1.0,1136999404,1136999404,,27.373,4071994000000,0,118000000000,57212000000,3581.351,1470554000000
CAJ,MRY,2015-12-31,2015-12-31,2015-12-31,2018-03-29,-29742000000,4427773000000,4444195500000,2057179000000,2370594000000,0.855,2716.916,-249124000000,633613000000,5266297468,1865887000000,231333000000,2.523,0.419,1569000000,688000000,881000000,13040800,0,273327000000,0,0.039,1.163,336898000000,610225000000,0.161,5071907256,2800139966,336314000000,201.65,201.65,1.676,2966415000000,2972299500000,24655466040,25825075401,9,5.092,225600000000,206.625,120.315,1934384000000,0.509,720151000000,584000000,2260249000000,2284225000000,501895000000,88513000000,20651000000,67862000000,1243310000000,815329000000,427981000000,32896892947,-210967000000,-251534000000,790000000,-633000000,-174711000000,-210202000000,-453619000000,47151000000,474724000000,-21870000000,220209000000,220209000000,1830275103,0,11124000000,0.058,1579174000000,355210000000,278255000000,0.694,1.334,17.974,17.977,1219652000000,0,30.13,1.041,1.041,617477000000,3365158000000,3800271000000,31586090477,328500000000,0.05,0.074,0.147,0.089,0,1250674000000,1.0,1091831827,1091831827,,28.929,3707622000000,0,116105000000,47431000000,3395.781,1241850000000
CAJ,MRY,2016-12-31,2016-12-31,2016-12-31,2018-03-29,-199881000000,5138529000000,4783151000000,2099748000000,3038781000000,0.711,2548.483,-200794000000,630193000000,5386034784,1727654000000,161970000000,2.135,0.77,613139000000,1850000000,611289000000,5240280329,0,250096000000,0,0.044,1.252,234392000000,484488000000,0.142,4140746121,2003264817,233331000000,137.95,137.95,1.179,2783129000000,2874772000000,23786410837,25123819485,12,6.067,299489000000,274.239,117.005,1673833000000,0.492,1382692000000,1061000000,2755414000000,2507831500000,560736000000,76886000000,3206000000,73680000000,2143907000000,983369000000,1160538000000,30730923639,-3420000000,-649570000000,-14000000,529116000000,-163810000000,355692000000,-837125000000,12051000000,500283000000,-22270000000,150650000000,150650000000,1287551814,0,11320000000,0.044,1444967000000,228866000000,372269000000,1.062,1.292,23.868,23.867,1194976000000,0,28.14,1.057,1.057,670755000000,3350728000000,3401487000000,29071296098,302376000000,0.031,0.052,0.093,0.069,0,1142591000000,1.0,1092072624,1092072624,,26.62,3755837000000,0,82681000000,30514000000,3439.182,1116379000000
CAJ,MRY,2017-12-31,2017-12-31,2017-12-31,2018-03-29,-143228000000,5198291000000,5168410000000,2232649000000,2965642000000,0.789,2628.618,-163040000000,721814000000,6405559541,2087324000000,255860000000,2.012,0.732,532566000000,39328000000,493238000000,4726125044,0,261881000000,0,0.018,0.676,340765000000,602646000000,0.148,5348032644,3024034581,339947000000,222.88,222.88,1.978,2870630000000,2826879500000,25474694847,40691199290,13,7.609,427517000000,391.475,112.686,1992691000000,0.488,1357694000000,818000000,2541869000000,2648641500000,570033000000,50285000000,1965000000,48320000000,2102116000000,1109480000000,992636000000,40843348959,91621000000,-6557000000,-50034000000,-119380000000,-162887000000,-340464000000,-165010000000,1195000000,590557000000,6538000000,241923000000,241923000000,2146885736,0,13937000000,0.059,1661212000000,331479000000,380654000000,0.342,1.603,19.024,18.909,1126620000000,0,37.4,1.128,1.128,686316000000,3429312000000,4080015000000,36207082452,330053000000,0.047,0.086,0.129,0.084,0,1297247000000,1.0,1092068154,1092068154,,33.155,3840597000000,0,98024000000,77501000000,3516.811,1123169000000
