ticker,dimension,calendardate,datekey,reportperiod,lastupdated,accoci,assets,assetsavg,assetsc,assetsnc,assetturnover,bvps,capex,cashneq,cashnequsd,cor,consolinc,currentratio,de,debt,debtc,debtnc,debtusd,deferredrev,depamor,deposits,divyield,dps,ebit,ebitda,ebitdamargin,ebitdausd,ebitusd,ebt,eps,epsdil,epsusd,equity,equityavg,equityusd,ev,evebit,evebitda,fcf,fcfps,fxusd,gp,grossmargin,intangibles,intexp,invcap,invcapavg,inventory,investments,investmentsc,investmentsnc,liabilities,liabilitiesc,liabilitiesnc,marketcap,ncf,ncfbus,ncfcommon,ncfdebt,ncfdiv,ncff,ncfi,ncfinv,ncfo,ncfx,netinc,netinccmn,netinccmnusd,netincdis,netincnci,netmargin,opex,opinc,payables,payoutratio,pb,pe,pe1,ppnenet,prefdivis,price,ps,ps1,receivables,retearn,revenue,revenueusd,rnd,roa,roe,roic,ros,sbcomp,sgna,sharefactor,sharesbas,shareswa,shareswadil,sps,tangibles,taxassets,taxexp,taxliabilities,tbvps,workingcapital
CAW,MRY,2011-12-31,2011-11-30,2011-11-30,2018-04-16,-114470,34905527,35333965,30670484,4235043,1.401,3.63,-180306,7699615,7699615,20450468,491698,3.366,0.363,7550,5577,1973,7550,0,205356,0,0.055,0.28,954099,1159455,0.023,1159455,954099,953239,0.07,0.07,0.07,25608051,26302274,25608051,27955236,29,24.111,-696182,-0.099,1.0,29061421,0.587,673117,860,17427181,17407041,9460408,5345022,2361996,2983026,9297476,9113164,184312,35624932,-364640,0,0,-15795,-1975244,-1991039,2142275,2322581,-515876,0,491698,491698,491698,0,0,0.01,28107322,954099,8566544,4.0,1.391,72.453,72.143,526100,0,5.05,0.72,0.72,7743601,23322928,49511889,49511889,714565,0.014,0.019,0.055,0.019,0,27403892,1.0,7054442,7054442,7054442,7.019,34232410,2457777,461541,229571,4.853,21557320
CAW,MRY,2012-12-31,2012-11-30,2012-11-30,2018-04-16,35247,35271109,35513072,33439053,1832056,0.928,3.437,-756647,9828681,9828681,13460783,465452,3.105,0.455,17259,4426,12833,17259,0,213957,0,0.064,0.28,-1076561,-862604,-0.026,-862604,-1076561,-1076860,0.07,0.07,0.07,24247976,24964638,24247976,20360636,-18,-23.604,703552,0.1,1.0,19486184,0.591,782655,299,13906405,16430760,9794448,2283772,2283772,0,11023133,10770627,252506,30969000,2129066,0,0,-20088,-1975244,-1995332,2664199,3430846,1460199,0,465452,465452,465452,-3530922,0,0.014,24093667,-4607483,10262950,4.0,1.277,66.535,62.714,1024901,0,4.39,0.94,0.94,8873398,21813136,32946967,32946967,769637,0.013,0.019,-0.066,-0.033,0,23350881,1.0,7054442,7054442,7054442,4.67,34488454,1987661,-1542312,249113,4.889,22668426
CAW,MRY,2013-12-31,2013-11-30,2013-11-30,2018-04-16,182378,26345749,31073598,22164741,4181008,0.928,2.435,-742608,3199020,3199020,12302356,-6193248,2.395,0.544,37311,7116,30195,37311,0,324212,0,0.044,0.14,-8220540,-7896328,-0.274,-7896328,-8220540,-8222789,-0.88,-0.88,-0.88,17062366,21060122,17062366,17338327,-2,-2.196,-6390370,-0.908,1.0,16524807,0.573,762193,2249,13168659,15369401,8607567,1112440,1112440,0,9283383,9253188,30195,22071054,-6629661,0,-155214,-5987,-1478090,-1639291,657392,1400000,-5647762,0,-6193248,-6193248,-6193248,2681966,0,-0.215,22063381,-5538574,9246072,-0.159,1.294,-3.564,-3.58,1489799,0,3.15,0.766,0.769,5473452,14480872,28827163,28827163,741694,-0.199,-0.294,-0.535,-0.285,0,21266483,1.0,7006684,7037694,7037694,4.096,25583556,5268652,-2029541,0,3.651,12911553
CAW,MRY,2014-12-31,2014-11-30,2014-11-30,2018-04-16,0,21732592,23703087,11639499,10093093,1.29,1.365,3532,241621,241621,13630226,-8799469,1.084,1.272,629794,7642,622152,629794,0,320408,0,0.0,0.0,-10170209,-9849801,-0.322,-9849801,-10170209,-10506681,-1.26,-1.26,-1.26,9565954,12285897,9565954,22952819,-2,-2.33,-5270132,-0.752,1.0,16948319,0.554,654840,336472,10727252,10729823,5181490,0,0,0,12166638,10738673,1427965,23962158,-2957399,0,0,1592480,0,1141824,1174441,1170909,-5273664,0,-8799469,-8799469,-8799469,5996041,0,-0.288,21122487,-4174168,10731031,0.0,2.505,-2.723,-2.714,1108600,0,3.42,0.784,0.784,2248301,5681403,30578545,30578545,458984,-0.371,-0.716,-0.948,-0.333,0,17949654,1.0,7006684,7006684,7006684,4.364,21077752,10325078,-1707212,0,3.008,900826
CAW,MRY,2015-12-31,2015-11-30,2015-11-30,2018-04-16,0,19150559,20931351,8880216,10270343,1.184,0.912,-99895,509884,509884,10445369,-3244211,0.782,1.997,2725730,2709531,16199,2725730,0,151250,0,0.0,0.0,-3085396,-2934146,-0.118,-2934146,-3085396,-4836520,-0.46,-0.46,-0.46,6389141,8078055,6389141,24759796,-8,-8.439,-1827674,-0.261,1.0,14344186,0.579,434166,1751124,9577155,11927003,3236802,0,0,0,12761418,11355084,1406334,22351321,268263,0,0,2095937,0,2095937,-99895,0,-1727779,0,-3244211,-3244211,-3244211,-12421,0,-0.131,17442003,-3097817,7645553,0.0,3.498,-6.89,-6.935,205034,0,3.19,0.902,0.902,2112055,2437192,24789555,24789555,75208,-0.155,-0.402,-0.259,-0.124,67398,15098119,1.0,7006684,7006684,7006684,3.538,18716393,11524977,-1592309,0,2.671,-2474868
CAW,MRY,2016-12-31,2016-11-30,2016-11-30,2018-04-16,0,17238232,18393922,7463421,9774811,1.067,1.129,-113201,309280,309280,8158099,1181210,0.837,1.18,3281606,3281606,0,3281606,0,81845,0,0.0,0.0,2721484,2803329,0.143,2803329,2721484,2129743,0.17,0.17,0.17,7908891,7326324,7908891,21304190,7,7.6,631079,0.09,1.0,11470645,0.584,433778,591741,10859418,10924198,2347483,0,0,0,9329341,8917362,411979,18007177,-200604,0,0,-444124,0,-831683,-113201,0,744280,0,1181210,1181210,1181210,11474,0,0.06,8737687,2732958,5615756,0.0,2.277,15.245,15.118,235203,0,2.57,0.917,0.917,2147680,3618402,19628744,19628744,46382,0.064,0.161,0.249,0.139,338540,8653802,1.0,7006684,7006684,7021764,2.801,16804454,10608617,948533,20000,2.398,-1453941
CAW,MRY,2017-12-31,2017-11-30,2017-11-30,2018-04-16,0,15930459,17248853,5284744,10645715,1.15,1.414,-54833,140243,140243,7447776,1831181,0.938,0.608,2016355,2016355,0,2016355,0,84641,0,0.0,0.0,3510607,3595248,0.181,3595248,3510607,3004735,0.26,0.26,0.26,9907193,9050407,9907193,23848305,6,6.633,1096215,0.156,1.0,12382322,0.624,432320,505872,11740353,11929641,1878831,0,0,0,6023266,5633898,389368,21020052,-169037,0,0,-1265252,0,-1265252,-54833,0,1151048,0,1831181,1831181,1831181,0,0,0.092,8871715,3510607,3617543,0.0,2.122,11.479,11.538,140929,0,3.0,1.06,1.06,2585517,5449583,19830098,19830098,58920,0.106,0.202,0.294,0.177,167121,8821967,1.0,7006684,7006684,7006684,2.83,15498139,9540472,1173554,0,2.212,-349154
