ticker,dimension,calendardate,datekey,reportperiod,lastupdated,accoci,assets,assetsavg,assetsc,assetsnc,assetturnover,bvps,capex,cashneq,cashnequsd,cor,consolinc,currentratio,de,debt,debtc,debtnc,debtusd,deferredrev,depamor,deposits,divyield,dps,ebit,ebitda,ebitdamargin,ebitdausd,ebitusd,ebt,eps,epsdil,epsusd,equity,equityavg,equityusd,ev,evebit,evebitda,fcf,fcfps,fxusd,gp,grossmargin,intangibles,intexp,invcap,invcapavg,inventory,investments,investmentsc,investmentsnc,liabilities,liabilitiesc,liabilitiesnc,marketcap,ncf,ncfbus,ncfcommon,ncfdebt,ncfdiv,ncff,ncfi,ncfinv,ncfo,ncfx,netinc,netinccmn,netinccmnusd,netincdis,netincnci,netmargin,opex,opinc,payables,payoutratio,pb,pe,pe1,ppnenet,prefdivis,price,ps,ps1,receivables,retearn,revenue,revenueusd,rnd,roa,roe,roic,ros,sbcomp,sgna,sharefactor,sharesbas,shareswa,shareswadil,sps,tangibles,taxassets,taxexp,taxliabilities,tbvps,workingcapital
CBAK,MRY,2011-12-31,2011-09-30,2011-09-30,2018-04-17,35804409,475241931,471890935,197228929,278013002,0.464,10.745,-30864252,24858239,24858239,192648690,-24537364,0.652,2.513,180633740,163201289,17432451,180633740,7455790,18628181,0,0.0,0.0,-12406261,6221920,0.028,6221920,-12406261,-23235244,-1.95,-1.95,-1.95,135273840,143410894,135273840,211327384,-17,33.965,4454047,0.354,1.0,26304034,0.12,295136,10828983,328121850,333787104,67140968,5725587,5725587,0,339968091,302600446,37367645,52329346,2269604,0,0,-6930080,0,-2800346,-31045559,0,35318299,797210,-24537364,-24537364,-24537364,0,0,-0.112,40476523,-14172489,130155153,0.0,0.387,-2.133,-2.103,243238114,0,4.1,0.239,0.236,93503685,-44410240,218952724,218952724,7287214,-0.052,-0.171,-0.037,-0.057,1584154,26671965,1.0,12763255,12589009,12589009,17.392,474946795,7749495,1302120,747666,37.727,-105371517
CBAK,MRY,2012-12-31,2012-09-30,2012-09-30,2018-04-17,37329450,447384783,458369998,174498259,272886524,0.448,5.689,-19983720,9271633,9271633,204300436,-65807395,0.536,5.231,182625021,151381787,31243234,182625021,7699842,18519317,0,0.0,0.0,-52509309,-33989992,-0.165,-33989992,-52509309,-63413629,-5.21,-5.21,-5.21,71795571,104786564,71795571,198043012,-3,-5.827,-14815333,-1.174,1.0,1218174,0.006,628063,10904320,294587738,309586577,65383829,5510198,5510198,0,375589212,325522370,50066842,38927928,-15586606,0,0,-758012,0,-758012,-20147709,302552,5168387,150728,-65807395,-65807395,-65807395,0,0,-0.32,54943806,-53725632,154109381,0.0,0.542,-0.592,-0.585,238757895,0,3.05,0.189,0.187,89592280,-110358489,205518610,205518610,1843451,-0.144,-0.628,-0.17,-0.255,804085,26546683,1.0,12763255,12619063,12619063,16.286,446756720,5737024,2393766,759394,35.403,-151024111
CBAK,MRY,2013-12-31,2013-09-30,2013-09-30,2018-04-17,37910937,340605180,409746352,147789379,192815801,0.453,-3.429,-12922923,13998626,13998626,202159615,-116029079,0.42,-8.871,179686999,179686999,0,179686999,7560386,19316828,0,0.0,0.0,-98386535,-79069707,-0.426,-79069707,-98386535,-109909115,-9.19,-9.19,-9.19,-43272165,10784654,-43272165,188223703,-1,-2.38,10702311,0.848,1.0,-16607055,-0.09,730884,11522580,153687385,232334282,57275187,8137687,8137687,0,383877345,351875284,32002061,29277465,4726993,-15138637,0,-57488,0,-57488,-19108357,8622143,23625234,267604,-116029079,-116029079,-116029079,-397516,0,-0.625,84072501,-100679556,124507846,0.0,-0.677,-0.252,-0.252,128237434,0,2.32,0.158,0.158,67604306,-226366718,185552560,185552560,5367962,-0.283,-10.759,-0.423,-0.53,359006,25135754,1.0,12619597,12619597,12619597,14.704,339874296,0,6119964,779814,26.932,-204085905
CBAK,MRY,2014-12-31,2014-09-30,2014-09-30,2018-04-17,-25631,43968181,182631007,12687259,31280922,0.674,-0.351,-9795663,991519,991519,113454395,37775916,0.263,-11.141,10439543,10439543,0,10439543,0,8257676,0,0.0,0.0,54592795,62850471,0.511,62850471,54592795,37792391,2.99,2.99,2.99,-4335623,-32238963,-4335623,37460480,0,0.596,-39094750,-3.098,1.0,9559685,0.078,0,16800404,5112401,68016675,2648098,0,0,0,48303804,48303804,0,37732595,-13007107,-4163555,0,33784864,0,33784864,-17544116,7990705,-29299087,51232,37775916,37775916,37775916,-64497429,0,0.307,20203904,-10644219,0,0.0,-8.703,0.999,1.0,22311570,0,2.99,0.307,0.307,8864594,-141796196,123014080,123014080,3981163,0.207,-1.172,0.803,0.444,88745,16862131,1.0,12619597,12619597,12619597,9.748,43968181,0,16475,0,3.56,-35616545
CBAK,MRY,2015-12-31,2015-09-30,2015-09-30,2018-04-17,-492858,63367232,55457706,19570990,43796242,0.251,1.704,-12851944,6762745,6762745,12954553,15873926,0.567,1.924,12770495,12770495,0,12770495,0,508945,0,0.0,0.0,21194441,21703386,1.561,21703386,21194441,21194441,1.24,1.23,1.24,21668887,15520865,21668887,42666245,2,1.966,-14889066,-1.171,1.0,949861,0.068,26818,0,34806583,34596991,3057575,1519601,1519601,0,41698345,34541581,7156764,29359164,5771226,0,0,3496664,0,13344308,-5501921,0,-2037122,-34039,15873926,15873926,15873926,-1831237,0,1.142,4598865,-3649004,6725817,0.0,1.355,1.85,1.863,35314193,0,2.31,2.111,2.113,8011130,-125922270,13904414,13904414,1001889,0.286,1.023,0.613,1.524,750167,3465231,1.0,12709595,12718388,12881121,1.093,63340414,43175,5320515,5251528,4.982,-14970591
CBAK,MRY,2016-12-31,2016-09-30,2016-09-30,2018-04-17,-1398352,93311685,76919072,32344090,60967595,0.135,0.775,-5926675,1953295,1953295,12099632,-12652194,0.68,5.184,24896445,5889940,19006505,24896445,0,1117741,0,0.0,0.0,-11979614,-10861873,-1.047,-10861873,-11979614,-11979614,-0.71,-0.71,-0.71,15089996,16903703,15089996,61738709,-5,-5.684,-19814011,-1.114,1.0,-1730188,-0.167,22885,0,68648655,49123585,16540252,4569027,4569027,0,78221689,47583295,30638394,43977303,-4809450,0,5516600,12994760,0,18511360,-9114216,-3187541,-13887336,-319258,-12652194,-12652194,-12652194,0,0,-1.22,10392499,-12122687,25452540,0.0,2.914,-3.476,-3.169,53057123,0,2.25,4.241,3.859,9113098,-139804975,10369444,10369444,1879869,-0.164,-0.748,-0.244,-1.155,1462197,5733133,1.0,19545468,17786374,17786374,0.583,93288800,0,672580,0,4.794,-15239205
CBAK,MRY,2017-12-31,2017-12-31,2017-12-31,2018-04-17,-1340533,153131324,119517905,85244240,67887084,0.488,0.083,-12047863,1644535,1644535,68570871,-21467341,0.729,68.741,34126152,14636450,19489702,34126152,0,1592322,0,0.0,0.0,-21222326,-19630004,-0.336,-19630004,-21222326,-21467341,-0.92,-0.92,-0.92,2195726,10962890,2195726,70909872,-3,-3.612,-5830949,-0.251,1.0,-10195472,-0.175,20049,245015,68676228,74818584,9832405,9104178,9104178,0,150935598,116916664,34018934,38679392,1235822,0,9605277,-269683,0,11406876,-16415509,-4367646,6216914,27541,-21467341,-21467341,-21467341,0,0,-0.368,10982197,-21177669,73153816,0.0,17.616,-1.802,-1.603,59994800,0,1.475,0.663,0.587,64490422,-163466713,58375399,58375399,1738767,-0.18,-1.958,-0.284,-0.364,759292,7545668,1.0,26223317,23237205,23237205,2.512,153111275,0,0,0,5.794,-31672424
