ticker,dimension,calendardate,datekey,reportperiod,lastupdated,accoci,assets,assetsavg,assetsc,assetsnc,assetturnover,bvps,capex,cashneq,cashnequsd,cor,consolinc,currentratio,de,debt,debtc,debtnc,debtusd,deferredrev,depamor,deposits,divyield,dps,ebit,ebitda,ebitdamargin,ebitdausd,ebitusd,ebt,eps,epsdil,epsusd,equity,equityavg,equityusd,ev,evebit,evebitda,fcf,fcfps,fxusd,gp,grossmargin,intangibles,intexp,invcap,invcapavg,inventory,investments,investmentsc,investmentsnc,liabilities,liabilitiesc,liabilitiesnc,marketcap,ncf,ncfbus,ncfcommon,ncfdebt,ncfdiv,ncff,ncfi,ncfinv,ncfo,ncfx,netinc,netinccmn,netinccmnusd,netincdis,netincnci,netmargin,opex,opinc,payables,payoutratio,pb,pe,pe1,ppnenet,prefdivis,price,ps,ps1,receivables,retearn,revenue,revenueusd,rnd,roa,roe,roic,ros,sbcomp,sgna,sharefactor,sharesbas,shareswa,shareswadil,sps,tangibles,taxassets,taxexp,taxliabilities,tbvps,workingcapital
CBK,MRY,2011-12-31,2011-02-26,2011-02-26,2018-03-09,-65000,234163000,251356000,128378000,105785000,1.783,4.64,-8428000,43712000,43712000,292713000,-22167000,2.855,0.426,0,0,0,0,0,24736000,0,0.039,0.24,-14109000,10627000,0.024,10627000,-14109000,-14109000,-0.63,-0.63,-0.63,164229000,185222500,164229000,188325501,-13,17.721,-635000,-0.018,1.0,155417000,0.347,0,0,145488000,175668500,39211000,61884000,33060000,28824000,69934000,44963000,24971000,218903501,6639000,0,291000,0,-8552000,-8261000,7107000,15535000,7793000,0,-22167000,-22167000,-22167000,0,0,-0.049,169976000,-14559000,15149000,-0.381,1.333,-9.875,-9.746,76647000,0,6.14,0.488,0.485,3967000,161642000,448130000,448130000,0,-0.088,-0.12,-0.08,-0.031,1862000,142461000,1.0,35652036,35392000,35392000,12.662,234163000,6439000,8058000,0,6.616,83415000
CBK,MRY,2012-12-31,2013-02-02,2013-02-02,2018-03-09,0,135932000,139565250,94301000,41631000,3.083,2.102,-3588000,40739000,40739000,303680000,-16076000,1.878,0.801,0,0,0,0,0,18595000,0,0.0,0.0,-15979000,2616000,0.006,2616000,-15979000,-15979000,-0.45,-0.45,-0.45,75466000,76320750,75466000,203116708,-12,77.644,-21029000,-0.589,1.0,126622000,0.294,0,0,44980000,56461000,42704000,0,0,0,60466000,50213000,10253000,236325708,-43000,0,0,-350000,0,-417000,17815000,21403000,-17441000,0,-16076000,-16076000,-16076000,0,0,-0.037,142601000,-15979000,22586000,0.0,3.132,-14.701,-14.2,41230000,0,6.39,0.549,0.53,3630000,68078000,430302000,430302000,0,-0.115,-0.211,-0.283,-0.037,2308000,129153000,1.0,36983679,35694000,35694000,12.055,135932000,405000,97000,0,3.787,44088000
CBK,MRY,2013-12-31,2014-02-01,2014-02-01,2018-03-09,3000,148978000,142831750,109079000,39899000,3.051,2.396,-8544000,41074000,41074000,284723000,8690000,2.048,0.714,0,0,0,0,0,13168000,0,0.0,0.0,8685000,21853000,0.05,21853000,8685000,8685000,0.24,0.23,0.24,86937000,81774750,86937000,232566606,26,10.642,16510000,0.455,1.0,151031000,0.347,0,0,54636000,57075750,44877000,16125000,12982000,3143000,62041000,53268000,8773000,260058606,335000,0,214000,0,0,3000,-24722000,-16178000,25054000,0,8690000,8690000,8690000,0,0,0.02,142155000,8876000,23198000,0.0,2.991,29.926,29.75,36458000,0,7.14,0.597,0.594,2428000,76768000,435754000,435754000,0,0.061,0.106,0.152,0.02,2776000,128847000,1.0,36422774,36246000,37144000,12.022,148978000,310000,-5000,0,4.106,55811000
CBK,MRY,2014-12-31,2015-01-31,2015-01-31,2018-03-09,-2000,196037000,163168750,110951000,85086000,2.565,3.651,-20270000,37245000,37245000,270790000,47126000,2.446,0.443,0,0,0,0,0,11786000,0,0.0,0.0,9414000,21200000,0.051,21200000,9414000,9224000,1.28,1.24,1.28,135889000,105837500,135889000,167053278,17,7.88,-1269000,-0.034,1.0,147794000,0.353,0,190000,113436000,88039750,45318000,18045000,13293000,4752000,60148000,45356000,14792000,192402278,-3829000,0,999000,-99000,0,-586000,-22244000,-1974000,19001000,0,47126000,47126000,47126000,0,0,0.113,138379000,9415000,18411000,0.0,1.416,4.083,4.07,45107000,0,5.21,0.46,0.458,4000000,123894000,418584000,418584000,0,0.289,0.445,0.107,0.022,2318000,126377000,1.0,36929420,36819000,37753000,11.369,196037000,38783000,-37902000,0,5.267,65595000
CBK,MRY,2015-12-31,2016-01-30,2016-01-30,2018-03-09,0,150890000,185884250,90641000,60249000,2.065,2.395,-26082000,31506000,31506000,254350000,-49094000,2.057,0.707,0,0,0,0,0,12048000,0,0.0,0.0,-11264000,784000,0.002,784000,-11264000,-11379000,-1.33,-1.33,-1.33,88408000,123261750,88408000,40050736,-3,51.085,-20700000,-0.561,1.0,129478000,0.337,0,115000,75324000,115049750,42481000,3015000,3015000,0,62482000,44060000,18422000,64419736,-5739000,0,0,0,0,-26000,-11095000,14987000,5382000,0,-49094000,-49094000,-49094000,0,0,-0.128,140742000,-11264000,16645000,0.0,0.729,-1.312,-1.301,59224000,0,1.73,0.168,0.166,4067000,74800000,383828000,383828000,0,-0.264,-0.398,-0.098,-0.029,1637000,128413000,1.0,37236842,36886000,36886000,10.406,150890000,906000,37715000,0,4.088,46581000
CBK,MRY,2016-12-31,2017-01-28,2017-01-28,2018-03-09,0,134620000,148462750,78390000,56230000,2.57,1.922,-10327000,35006000,35006000,253483000,-17783000,1.671,0.888,0,0,0,0,0,12300000,0,0.0,0.0,-17821000,-5521000,-0.014,-5521000,-17821000,-17980000,-0.48,-0.48,-0.48,71295000,83228750,71295000,23487494,-1,-4.254,-412000,-0.011,1.0,128122000,0.336,0,159000,52708000,71949250,36834000,0,0,0,63325000,46906000,16419000,49369494,3500000,0,17000,0,0,-7000,-6408000,3008000,9915000,0,-17783000,-17783000,-17783000,0,0,-0.047,146854000,-18732000,13867000,0.0,0.692,-2.776,-2.75,55332000,0,1.32,0.129,0.128,2549000,57017000,381605000,381605000,0,-0.12,-0.214,-0.248,-0.047,676000,133768000,1.0,37401132,37016000,37016000,10.309,134620000,837000,-197000,0,3.63,31484000
CBK,MRY,2017-12-31,2018-02-03,2018-02-03,2018-03-09,0,119364000,127445750,69951000,49413000,2.871,1.351,-5158000,23077000,23077000,252399000,-22024000,1.337,1.368,0,0,0,0,0,12434000,0,0.0,0.0,-22643000,-10209000,-0.028,-10209000,-22643000,-22797000,-0.59,-0.59,-0.59,50409000,59373000,50409000,29047163,-1,-2.845,-11903000,-0.32,1.0,113507000,0.31,0,154000,43952000,53816000,41361000,0,0,0,68955000,52335000,16620000,46914163,-11929000,0,0,0,0,-26000,-5158000,0,-6745000,0,-22024000,-22024000,-22024000,0,0,-0.06,136150000,-22643000,20825000,0.0,0.931,-2.13,-2.102,47773000,0,1.24,0.128,0.126,2626000,34993000,365906000,365906000,0,-0.173,-0.371,-0.421,-0.062,1164000,123398000,1.0,37834003,37212000,37212000,9.833,119364000,769000,-773000,0,3.199,17616000
