ticker,dimension,calendardate,datekey,reportperiod,lastupdated,accoci,assets,assetsavg,assetsc,assetsnc,assetturnover,bvps,capex,cashneq,cashnequsd,cor,consolinc,currentratio,de,debt,debtc,debtnc,debtusd,deferredrev,depamor,deposits,divyield,dps,ebit,ebitda,ebitdamargin,ebitdausd,ebitusd,ebt,eps,epsdil,epsusd,equity,equityavg,equityusd,ev,evebit,evebitda,fcf,fcfps,fxusd,gp,grossmargin,intangibles,intexp,invcap,invcapavg,inventory,investments,investmentsc,investmentsnc,liabilities,liabilitiesc,liabilitiesnc,marketcap,ncf,ncfbus,ncfcommon,ncfdebt,ncfdiv,ncff,ncfi,ncfinv,ncfo,ncfx,netinc,netinccmn,netinccmnusd,netincdis,netincnci,netmargin,opex,opinc,payables,payoutratio,pb,pe,pe1,ppnenet,prefdivis,price,ps,ps1,receivables,retearn,revenue,revenueusd,rnd,roa,roe,roic,ros,sbcomp,sgna,sharefactor,sharesbas,shareswa,shareswadil,sps,tangibles,taxassets,taxexp,taxliabilities,tbvps,workingcapital
CBPO,MRY,2011-12-31,2011-12-31,2011-12-31,2018-02-28,12750682,248892575,241690094,183693513,65199062,0.633,5.3,-7912161,89411835,89411835,46017661,31383355,2.708,0.515,11018000,11018000,0,11018000,0,7648469,0,0.0,0.0,33751829,41400298,0.27,41400298,33751829,29081223,0.73,0.37,0.73,135512364,125742839,135512364,197919468,5,4.781,30557758,1.221,1.0,107074628,0.699,12008014,4670606,90668441,86535275,71338590,8357017,0,8357017,69851534,67822285,2029249,267264767,24470467,0,300000,7748000,0,-10076504,-7127252,1209880,38469919,3204304,18181710,18181710,18181710,0,13201645,0.119,74857160,32217468,41168108,0.0,1.972,14.7,14.329,43329463,0,10.46,1.746,1.71,16757368,73920811,153092289,153092289,3978233,0.075,0.145,0.39,0.22,4896232,46115618,1.0,25551125,25028796,26654662,6.117,236884561,0,10899513,5373633,9.265,115871228
CBPO,MRY,2012-12-31,2012-12-31,2012-12-31,2018-02-28,14072322,311047150,285675130,222159653,88887497,0.647,7.353,-13802911,132521462,132521462,58835998,65971992,4.656,0.274,7935000,7935000,0,7935000,2912145,8880738,0,0.0,0.0,61655186,70535924,0.382,70535924,61655186,60385336,1.73,1.62,1.73,195469716,176373221,195469716,312692087,5,4.433,57294406,2.191,1.0,125977497,0.682,9360291,1269850,129381305,117656658,75679173,10537310,0,10537310,53627986,47719092,5908894,433334273,40197482,0,5227317,-3210700,0,-5104076,-26753193,1109115,71097317,957434,45222189,45222189,45222189,0,20749803,0.245,51488337,74489160,32413597,0.0,2.217,9.582,9.428,51325177,0,16.31,2.345,2.308,11206244,119143000,184813495,184813495,3032719,0.158,0.256,0.524,0.334,4544927,48455618,1.0,26568625,26153540,26839723,7.066,301686859,0,15163147,4513075,11.348,174440561
CBPO,MRY,2013-12-31,2013-12-31,2013-12-31,2018-02-28,21506494,403781207,367164044,264293147,139488060,0.554,9.251,-20297410,181270773,181270773,65484153,76861064,4.166,0.42,39822000,9822000,30000000,39822000,3003895,7462384,0,0.0,0.0,71276804,78739188,0.387,78739188,71276804,70141852,2.05,1.96,2.05,237691563,228238193,237691563,609121155,8,7.736,54005585,2.045,1.0,137872703,0.678,8213145,1134952,190680589,169188463,88634855,11349807,0,11349807,99811598,63438700,36372898,737792791,14529170,0,-24200010,31679000,0,-38524650,-25567595,-6043187,74302995,4318420,54601551,54601551,54601551,0,22259513,0.269,50940185,86932518,49414295,0.0,3.104,13.512,14.073,73149072,0,28.85,3.628,3.747,17270132,173744551,203356856,203356856,4223165,0.149,0.239,0.421,0.351,5050796,46717020,1.0,25573407,26410819,27572111,7.7,395568062,0,15540301,4202405,15.395,200854447
CBPO,MRY,2014-12-31,2014-12-31,2014-12-31,2018-02-28,19985189,446847092,436017547,279987244,166859848,0.558,8.576,-15338866,184728084,184728084,80025375,96112634,2.32,0.809,97902600,57902600,40000000,97902600,2765024,7747454,0,0.0,0.0,101254186,109001640,0.448,109001640,101254186,97556367,2.85,2.71,2.85,212087027,199680146,212087027,1595132592,15,14.634,78175452,3.2,1.0,163226283,0.671,11909136,3697819,227430632,240665527,101304932,18221777,0,18221777,171585362,120681840,50903522,1657664024,-63318263,0,-32927081,57966940,0,-142827560,-13407612,6608612,93514318,-597409,70916840,70916840,70916840,0,25195794,0.292,52067370,111158913,54522107,0.0,7.816,23.375,23.589,80230888,0,67.23,6.815,6.751,19402820,244661391,243251658,243251658,4161901,0.163,0.355,0.421,0.416,3784872,42837394,1.0,24656612,24427196,25685064,9.958,434937956,0,26639527,8257133,17.586,159305404
CBPO,MRY,2015-12-31,2015-12-31,2015-12-31,2018-02-28,-18605,551466496,506288045,369112564,182353932,0.586,14.398,-37963978,182970486,182970486,106482626,114105518,5.151,0.221,0,0,0,0,4525867,9033740,0,0.0,0.0,111762951,120796691,0.407,120796691,111762951,110035616,3.4,3.27,3.4,382343124,333805849,382343124,3598016055,32,29.786,71428022,2.79,1.0,189975276,0.641,23576300,1727335,273264326,248617399,126395312,48552306,0,48552306,84504697,71655384,12849313,3779499272,64117669,0,88329937,-97730374,0,51579709,-89755807,-40744167,109392000,-7098233,89042703,89042703,89042703,0,25062815,0.3,57389337,132585939,67144398,0.0,9.885,42.446,41.9,105364251,0,142.46,12.749,12.301,25144969,333704094,296457902,296457902,6024368,0.176,0.267,0.45,0.377,10595570,51364969,1.0,26530249,25599153,26567366,11.581,527890196,0,20992913,4510986,19.879,297457180
CBPO,MRY,2016-12-31,2016-12-31,2016-12-31,2018-02-28,-25320271,604957509,609774659,389417916,215539593,0.56,19.195,-38680406,183765533,183765533,124034448,128793421,5.302,0.161,0,0,0,0,3755648,12738036,0,0.0,0.0,130159598,142897634,0.419,142897634,130159598,129905127,3.79,3.74,3.79,521136823,463731791,521136823,2714654975,20,18.997,84578205,3.15,1.0,217134978,0.636,23389384,254471,324361480,326013317,156412674,53859755,0,53859755,83820686,73441112,10379574,2917858944,38827640,128654,3558796,0,0,-22083938,-52520361,-12332718,123258611,-9826672,104779307,104779307,104779307,0,24014114,0.307,73220356,143914622,65956746,0.0,5.599,27.848,28.369,132091923,0,107.52,8.553,8.461,33918796,438483401,341169426,341169426,7021992,0.172,0.226,0.399,0.382,21791680,66198364,1.0,27137825,26848445,27249144,12.707,581568125,0,25125820,7484366,21.421,315976804
CBPO,MRY,2017-12-31,2017-12-31,2017-12-31,2018-02-28,7957304,809057417,707007463,593121611,215935806,0.524,24.279,-37439526,242232048,242232048,125517021,82235959,6.075,0.218,0,0,0,0,3476877,12908690,0,0.0,0.0,132698276,145606966,0.393,145606966,132698276,132114844,2.4,2.38,2.4,664324997,592730910,664324997,1936787671,14,13.301,64744359,2.366,1.0,244889819,0.661,24853163,583432,444336889,384349184,209570835,60815908,45912000,14903908,144732420,97635317,47097103,2145565380,35571315,0,867546,-402780,0,-18324385,-60895217,0,102183885,12607032,67943035,67943035,67943035,0,14292924,0.183,109031314,135858505,83376773,0.0,3.23,31.579,32.821,166812749,0,78.77,5.792,5.819,77267275,506426436,370406840,370406840,6503712,0.096,0.115,0.345,0.358,33903283,102527602,1.0,27238357,27361561,27605623,13.537,784204254,0,64171809,51325682,28.661,495486294
