ticker,dimension,calendardate,datekey,reportperiod,lastupdated,accoci,assets,assetsavg,assetsc,assetsnc,assetturnover,bvps,capex,cashneq,cashnequsd,cor,consolinc,currentratio,de,debt,debtc,debtnc,debtusd,deferredrev,depamor,deposits,divyield,dps,ebit,ebitda,ebitdamargin,ebitdausd,ebitusd,ebt,eps,epsdil,epsusd,equity,equityavg,equityusd,ev,evebit,evebitda,fcf,fcfps,fxusd,gp,grossmargin,intangibles,intexp,invcap,invcapavg,inventory,investments,investmentsc,investmentsnc,liabilities,liabilitiesc,liabilitiesnc,marketcap,ncf,ncfbus,ncfcommon,ncfdebt,ncfdiv,ncff,ncfi,ncfinv,ncfo,ncfx,netinc,netinccmn,netinccmnusd,netincdis,netincnci,netmargin,opex,opinc,payables,payoutratio,pb,pe,pe1,ppnenet,prefdivis,price,ps,ps1,receivables,retearn,revenue,revenueusd,rnd,roa,roe,roic,ros,sbcomp,sgna,sharefactor,sharesbas,shareswa,shareswadil,sps,tangibles,taxassets,taxexp,taxliabilities,tbvps,workingcapital
CCIH,MRY,2011-12-31,2011-12-31,2011-12-31,2018-04-30,1824000,847008000,908236000,578007000,269001000,0.681,1.747,-77563000,392535000,62266185,432736000,20463000,3.22,0.269,5347000,5347000,0,848172,0,67351000,0,0.0,0.0,32862000,100213000,0.162,15896369,5212761,31608000,0.8,0.8,0.127,667509000,673174000,105884161,7312584,1,0.46,-18897000,-0.049,6.304,185686000,0.3,0,1254000,280321000,185815000,0,108416000,0,108416000,179499000,179499000,0,96702023,-193325000,-2204000,-59612000,0,0,-59612000,-192379000,-108326000,58666000,-6846000,20463000,20463000,3245960,-31977000,0,0.033,182623000,3063000,59766000,0.0,0.913,29.792,31.6,154903000,0,4.01,0.986,15.615,156215000,-473041000,618422000,98097695,40952000,0.023,0.03,0.177,0.053,26956000,129348000,0.063,385843484,381984517,381984517,0.257,847008000,8595000,11145000,22343000,2.217,398508000
CCIH,MRY,2012-12-31,2012-12-31,2012-12-31,2018-04-30,3223000,900890000,873949000,600842000,300048000,0.931,1.819,-102184000,317137000,50857247,559460000,-16991000,2.55,0.361,0,0,0,0,0,59890000,0,0.0,0.0,-9358000,50532000,0.062,8103496,-1500683,-10698000,-0.8,-0.8,-0.128,661889000,664699000,106142938,22966848,-15,2.834,-70286000,-0.193,6.236,254272000,0.312,3368000,1340000,344744000,312532500,0,97428000,0,97428000,239001000,235641000,3360000,84363221,-73946000,0,-6112000,0,-130000,-6242000,-99602000,12582000,31898000,-1452000,-16991000,-16991000,-2724738,0,0,-0.021,263993000,-9721000,107461000,0.0,0.795,-30.962,-28.841,179239000,0,3.7,0.646,10.315,238839000,-490032000,813732000,130493036,68523000,-0.019,-0.026,-0.03,-0.012,16088000,170976000,0.063,364813932,363780875,363780875,0.359,897522000,19792000,6293000,34323000,2.467,365201000
CCIH,MRY,2013-12-31,2013-12-31,2013-12-31,2018-04-30,1157000,1167168000,1034029000,786751000,380417000,1.067,1.8,-151578000,398092000,65629206,756617000,-34229000,1.537,0.787,60000000,60000000,0,9891563,0,59876000,0,0.0,0.0,-29350000,30526000,0.028,5032497,-4838623,-32934000,-1.44,-1.44,-0.237,653133000,657511000,107675111,174725708,-36,34.719,-30141000,-0.083,6.066,346626000,0.314,56293000,3584000,260875000,302809500,0,58326000,24636000,33690000,514035000,511908000,2127000,226004090,24248000,0,15683000,60000000,0,15683000,-112872000,38706000,121437000,-3293000,-34229000,-34229000,-5642972,0,0,-0.031,380850000,-34224000,204612000,0.0,2.099,-40.051,-37.532,252886000,0,8.91,1.243,17.779,306378000,-524261000,1103243000,181879974,102704000,-0.033,-0.052,-0.097,-0.027,11852000,254424000,0.063,405843484,362916540,362916540,0.501,1110875000,8815000,1295000,24066000,3.061,274843000
CCIH,MRY,2014-12-31,2014-12-31,2014-12-31,2018-04-30,1786000,1731208000,1449188000,864815000,866393000,0.955,2.07,-408458000,444070000,71693944,966558000,-6841000,1.001,1.073,113086000,80974000,32112000,18257440,0,94826000,0,0.0,0.0,-1718000,93108000,0.067,15032044,-277366,-9938000,-0.32,-0.32,-0.052,834947000,744040000,134800018,160593495,-578,10.683,-128072000,-0.317,6.194,417715000,0.302,60018000,8220000,476101000,368488000,0,72169000,25219000,46950000,896261000,864105000,32156000,215083033,36287000,0,172019000,13791000,0,177619000,-421718000,-13260000,280386000,1500000,-6841000,-6841000,-1104461,0,0,-0.005,435204000,-17489000,255839000,0.0,1.596,-194.74,-177.883,702361000,0,9.19,0.962,16.588,319494000,-550610000,1384273000,223487270,116381000,-0.005,-0.009,-0.005,-0.001,17037000,271846000,0.063,374464476,403401928,403401928,0.554,1671190000,21638000,-3097000,33157000,4.143,710000
CCIH,MRY,2015-12-31,2015-12-31,2015-12-31,2018-04-30,3903000,2618616000,2174912000,1986857000,631759000,0.622,1.773,-380047000,606796000,93477915,1041412000,-88735000,1.116,2.628,108790000,0,108790000,16759277,0,153313000,0,0.0,0.0,-98147000,55166000,0.041,8498412,-15119705,-111305000,-3.52,-3.52,-0.542,721687000,778317000,111177062,168336304,-11,19.808,390429000,0.959,6.491,312215000,0.231,10898000,13158000,330012000,403056500,0,76326000,26169000,50157000,1896929000,1779700000,117229000,221830137,231330000,0,-76898000,-99382000,0,-106797000,-432349000,-52302000,770476000,9009000,-88691000,-88691000,-13662993,0,-44000,-0.066,431179000,-118964000,0,0.0,1.995,-16.236,-15.196,499946000,0,8.24,1.064,16.089,243431000,-663506000,1353627000,208528452,103110000,-0.041,-0.114,-0.244,-0.073,48606000,318139000,0.063,430738131,407149509,407149509,0.512,2607718000,29291000,-22614000,0,6.405,207157000
CCIH,MRY,2016-12-31,2016-12-31,2016-12-31,2018-04-30,717000,1805827000,2212221500,1735143000,70684000,0.477,-0.348,-280528000,134924000,19428061,1077810000,-914253000,0.917,-13.701,149953000,106002000,43951000,21592126,0,155225000,0,0.0,0.0,-897601000,-742376000,-0.704,-106896670,-129247926,-909248000,-35.84,-35.84,-5.161,-142205000,289741000,-20476471,-676772,0,0.006,-467708000,-1.146,6.945,-23575000,-0.022,0,11647000,-72332000,128840000,0,34159000,0,34159000,1948347000,1893188000,55159000,64011180,-474215000,0,-31823000,-52822000,0,-84645000,-202390000,78138000,-187180000,14617000,-913477000,-913477000,-131533953,0,-776000,-0.866,899016000,-922591000,332261000,0.0,-3.126,-0.487,-0.496,0,0,2.56,0.422,6.884,190587000,-1682459000,1054235000,151802067,104018000,-0.413,-3.153,-6.967,-0.851,85025000,349610000,0.063,400069875,408189722,408189722,0.372,1805827000,0,4229000,23944000,4.424,-158045000
CCIH,MRY,2017-12-31,2017-12-31,2017-12-31,2018-04-30,2559000,1606035000,1705931000,1064491000,541544000,0.5,-1.172,-88933000,106708000,16129753,781822000,-371166000,0.564,-4.226,298336000,85337000,212999000,45095834,0,9145000,0,0.0,0.0,-290848000,-281703000,-0.33,-42581625,-43963963,-309513000,-13.92,-13.92,-2.104,-498587000,-320396000,-75365348,29528476,0,-0.693,-187974000,-0.442,6.616,70746000,0.083,33067000,18665000,-122767000,-97549500,0,30148000,0,30148000,2106942000,1887363000,219579000,43236455,-39327000,0,0,149007000,0,149007000,-89295000,-362000,-99041000,-10584000,-369161000,-369161000,-55801590,0,-2005000,-0.433,348683000,-277937000,1622317000,0.0,-0.574,-0.775,-0.803,469678000,0,1.69,0.335,5.581,161043000,-2076151000,852568000,128872362,81748000,-0.216,1.152,2.982,-0.341,10936000,204491000,0.063,409339219,425589746,425589746,0.303,1572968000,0,59648000,78337000,3.696,-822872000
