ticker,dimension,calendardate,datekey,reportperiod,lastupdated,accoci,assets,assetsavg,assetsc,assetsnc,assetturnover,bvps,capex,cashneq,cashnequsd,cor,consolinc,currentratio,de,debt,debtc,debtnc,debtusd,deferredrev,depamor,deposits,divyield,dps,ebit,ebitda,ebitdamargin,ebitdausd,ebitusd,ebt,eps,epsdil,epsusd,equity,equityavg,equityusd,ev,evebit,evebitda,fcf,fcfps,fxusd,gp,grossmargin,intangibles,intexp,invcap,invcapavg,inventory,investments,investmentsc,investmentsnc,liabilities,liabilitiesc,liabilitiesnc,marketcap,ncf,ncfbus,ncfcommon,ncfdebt,ncfdiv,ncff,ncfi,ncfinv,ncfo,ncfx,netinc,netinccmn,netinccmnusd,netincdis,netincnci,netmargin,opex,opinc,payables,payoutratio,pb,pe,pe1,ppnenet,prefdivis,price,ps,ps1,receivables,retearn,revenue,revenueusd,rnd,roa,roe,roic,ros,sbcomp,sgna,sharefactor,sharesbas,shareswa,shareswadil,sps,tangibles,taxassets,taxexp,taxliabilities,tbvps,workingcapital
CCMP,MRY,2011-12-31,2011-09-30,2011-09-30,2018-05-07,24127000,628229000,612850500,430405000,197824000,0.727,24.85,-28011000,302546000,302546000,231336000,51662000,7.748,0.109,12000,10000,2000,12000,0,23992000,0,0.0,0.0,79067000,103059000,0.231,103059000,79067000,78912000,2.26,2.2,2.26,566354000,560402250,566354000,508824023,6,4.937,65555000,2.863,1.0,214106000,0.481,55799000,155000,214346000,224642250,56128000,0,0,0,61875000,55550000,6325000,801419023,48382000,0,-17448000,-1296000,0,-17914000,-28186000,25000,93566000,916000,51662000,51662000,51662000,0,0,0.116,133721000,80385000,22436000,0.0,1.415,15.513,15.217,130791000,0,34.39,1.799,1.768,52747000,435429000,445442000,445442000,58035000,0.084,0.092,0.352,0.178,12646000,75686000,1.0,23303839,22896000,23435000,19.455,572430000,5111000,27250000,0,25.116,374855000
CCMP,MRY,2012-12-31,2012-09-30,2012-09-30,2018-05-07,30466000,517825000,525635500,317888000,199937000,0.814,13.075,-19578000,178459000,178459000,223630000,40094000,5.028,0.826,172833000,10939000,161894000,172833000,0,23545000,0,0.427,15.0,65513000,89058000,0.208,89058000,65513000,63204000,1.76,1.71,1.76,283591000,344840500,283591000,827530075,12,9.292,49487000,2.199,1.0,204027000,0.477,57093000,2309000,391887000,351200250,66472000,0,0,0,234234000,63219000,171015000,819402075,-124087000,0,1960000,170143000,-347140000,-174401000,-19683000,50000,69065000,932000,40094000,40094000,40094000,0,0,0.094,137503000,66524000,19542000,8.523,2.889,20.437,19.966,125020000,0,35.14,1.916,1.849,53506000,129441000,427657000,427657000,58642000,0.076,0.116,0.187,0.153,13306000,78861000,1.0,23318215,22506000,23244000,19.002,460732000,12722000,23110000,2017000,21.242,254669000
CCMP,MRY,2013-12-31,2013-09-30,2013-09-30,2018-05-07,17436000,551592000,523402750,362798000,188794000,0.828,14.06,-14613000,226029000,226029000,221015000,52578000,5.318,0.705,161875000,10938000,150937000,161875000,0,20457000,0,0.0,0.0,77863000,98320000,0.227,98320000,77863000,74220000,2.27,2.19,2.27,323442000,300383000,323442000,861612649,11,8.763,70870000,3.092,1.0,212116000,0.49,54091000,3643000,365126000,380229000,63786000,0,0,0,228150000,68221000,159929000,896973649,47570000,0,-10389000,-10958000,0,-20199000,-14588000,25000,85483000,-3126000,52578000,52578000,52578000,0,0,0.121,135645000,76471000,16663000,0.0,2.773,17.06,16.965,111985000,0,38.51,2.071,2.038,54640000,177191000,433131000,433131000,61373000,0.1,0.175,0.205,0.18,13350000,74272000,1.0,23291967,22924000,23760000,18.894,497501000,17950000,21642000,1559000,21.626,294577000
CCMP,MRY,2014-12-31,2014-09-30,2014-09-30,2018-05-07,9255000,601167000,583346750,427993000,173174000,0.728,15.824,-12349000,284155000,284155000,221573000,50751000,7.719,0.616,172813000,8750000,164063000,172813000,0,19941000,0,0.0,0.0,71948000,91889000,0.216,91889000,71948000,68594000,2.12,2.04,2.12,372002000,364868250,372002000,895112944,12,9.741,55129000,2.326,1.0,203093000,0.478,50408000,3354000,383969000,386137500,64979000,0,0,0,229165000,55448000,173717000,985627944,58126000,0,-12002000,10388000,0,1192000,-8982000,2305000,67478000,-1562000,50751000,50751000,50751000,0,0,0.12,131285000,71808000,15304000,0.0,2.65,19.421,19.552,100821000,0,41.45,2.321,2.314,60693000,227942000,424666000,424666000,59354000,0.087,0.139,0.186,0.169,14042000,71931000,1.0,23778720,23704000,24611000,17.915,550759000,18874000,17843000,510000,23.428,372545000
CCMP,MRY,2015-12-31,2015-09-30,2015-09-30,2018-05-07,-6090000,660474000,640206500,494508000,165966000,0.647,17.766,-13611000,354190000,354190000,201866000,56146000,8.154,0.54,164063000,8750000,155313000,164063000,0,18719000,0,0.0,0.0,75721000,94440000,0.228,94440000,75721000,71197000,2.32,2.26,2.32,428964000,411941250,428964000,774265052,10,8.198,84575000,3.518,1.0,212231000,0.513,45007000,4524000,364696000,372449750,70678000,0,0,0,231510000,60644000,170866000,946708052,70035000,0,-6465000,-8750000,0,-9008000,-13409000,202000,98186000,-5734000,56146000,56146000,56146000,0,0,0.136,137191000,75040000,15448000,0.0,2.207,16.862,16.698,93743000,0,38.74,2.286,2.249,49405000,284088000,414097000,414097000,59778000,0.088,0.136,0.203,0.183,16445000,77413000,1.0,24437482,24040000,24632000,17.225,615467000,19607000,15051000,76000,25.49,433864000
CCMP,MRY,2016-12-31,2016-09-30,2016-09-30,2018-05-07,9556000,727230000,682593750,436830000,290400000,0.631,20.531,-17653000,287479000,287479000,220247000,59849000,6.63,0.461,154617000,7656000,146961000,154617000,0,26031000,0,0.01,0.54,75161000,101192000,0.235,101192000,75161000,70438000,2.47,2.43,2.47,497648000,457464500,497648000,1191535267,15,11.775,77558000,3.221,1.0,210202000,0.488,151115000,4723000,377368000,382688000,72123000,0,0,0,229582000,65885000,163697000,1277122267,-66711000,-126976000,-9306000,-8750000,-8658000,-24409000,-144429000,200000,95211000,6916000,59849000,59849000,59849000,0,0,0.139,135694000,74508000,16834000,0.219,2.566,21.339,21.421,106496000,0,52.91,2.967,2.96,62830000,330776000,430449000,430449000,58532000,0.088,0.131,0.196,0.175,13787000,77162000,1.0,24137635,24077000,24477000,17.878,576115000,20747000,10589000,75000,23.768,370945000
CCMP,MRY,2017-12-31,2017-09-30,2017-09-30,2018-05-07,3949000,834100000,788618500,550982000,283118000,0.643,23.578,-19958000,397890000,397890000,253050000,86952000,6.041,0.402,143935000,10938000,132997000,143935000,0,25930000,0,0.01,0.78,113901000,139831000,0.276,139831000,113901000,109372000,3.47,3.4,3.47,595037000,560256250,595037000,1805967333,15,12.915,121411000,4.854,1.0,254129000,0.501,144642000,4529000,344290000,362701500,71873000,0,0,0,239063000,91213000,147850000,2022716333,110411000,0,16407000,-10938000,-19041000,-7015000,-19783000,175000,141369000,-4160000,86952000,86952000,86952000,0,0,0.171,142141000,111988000,17624000,0.225,3.399,23.262,23.035,106361000,0,79.93,3.988,3.942,64793000,397881000,507179000,507179000,55658000,0.11,0.155,0.314,0.225,13004000,86483000,1.0,25306097,25015000,25512000,20.275,689458000,21598000,22420000,63000,27.319,459769000
