ticker,dimension,calendardate,datekey,reportperiod,lastupdated,accoci,assets,assetsavg,assetsc,assetsnc,assetturnover,bvps,capex,cashneq,cashnequsd,cor,consolinc,currentratio,de,debt,debtc,debtnc,debtusd,deferredrev,depamor,deposits,divyield,dps,ebit,ebitda,ebitdamargin,ebitdausd,ebitusd,ebt,eps,epsdil,epsusd,equity,equityavg,equityusd,ev,evebit,evebitda,fcf,fcfps,fxusd,gp,grossmargin,intangibles,intexp,invcap,invcapavg,inventory,investments,investmentsc,investmentsnc,liabilities,liabilitiesc,liabilitiesnc,marketcap,ncf,ncfbus,ncfcommon,ncfdebt,ncfdiv,ncff,ncfi,ncfinv,ncfo,ncfx,netinc,netinccmn,netinccmnusd,netincdis,netincnci,netmargin,opex,opinc,payables,payoutratio,pb,pe,pe1,ppnenet,prefdivis,price,ps,ps1,receivables,retearn,revenue,revenueusd,rnd,roa,roe,roic,ros,sbcomp,sgna,sharefactor,sharesbas,shareswa,shareswadil,sps,tangibles,taxassets,taxexp,taxliabilities,tbvps,workingcapital
CCU,MRY,2011-12-31,2011-12-31,2011-12-31,2018-04-28,0,1298364510000,1225026760500,541391353000,756973157000,0.791,2150.014,-74595537000,178065758000,342531164,447861535000,146852808000,1.493,0.896,258969209000,88013769000,170955440000,498158802,0,0,0,0.028,0.71,194408858000,194408858000,0.201,373969107,373969107,179997947000,770.8,770.8,1.483,684785662000,649929624500,1317268592,4193465747,11,11.213,93133344000,292.41,519.853,521689136000,0.538,133818469000,14410911000,882896919000,888118472500,128535184000,42473319000,14042319000,28431000000,613578848000,362552573000,251026275000,4019506244,26408506000,-5713761000,0,12651942000,-62793418000,-65238251000,-76239630000,0,167728881000,157506000,134802201000,134802201000,259308445,0,12050607000,0.139,328871583000,192817553000,176673862000,0.479,3.051,15.501,17.023,556949110000,0,25.24,2.155,4.31,203380051000,373129952000,969550671000,1865048756,0,0.11,0.207,0.219,0.201,0,350183870000,0.5,318502872,318502872,,5.856,1164546041000,36312396000,45195746000,76957294000,3656.313,178838780000
CCU,MRY,2012-12-31,2012-12-31,2012-12-31,2018-04-28,0,1328709811000,1313537160500,495888036000,832821775000,0.819,2230.807,-112573096000,102337275000,213707534,493087247000,133521067000,1.577,0.87,263997002000,54874267000,209122735000,551296175,0,0,0,0.042,1.341,178165109000,178165109000,0.166,372056282,372056282,161110230000,718.56,718.56,1.501,710518286000,697651974000,1483751749,5180513082,13,13.924,26271651000,82.485,478.866,582602647000,0.542,130987407000,17054879000,1044852515000,963874717000,141910972000,64948227000,17756767000,47191460000,618191525000,314529616000,303661909000,5037122920,-75728483000,-19521964000,0,2016928000,-66117348000,-80167285000,-134340376000,0,138844747000,-65569000,123976900000,123976900000,258896844,0,9544167000,0.115,401414436000,181188211000,176522733000,0.894,3.395,19.456,21.079,612328661000,0,31.63,2.242,4.485,214596975000,430346315000,1075689894000,2246327495,0,0.094,0.178,0.185,0.166,0,406999008000,0.5,318502872,318502872,,7.053,1197722404000,43082749000,37133330000,83854734000,3760.476,181358420000
CCU,MRY,2013-12-31,2013-12-31,2013-12-31,2018-04-28,0,1727720255000,1528215033000,818497015000,909223240000,0.783,3404.19,-120710358000,408853267000,777931519,536696634000,142773094000,2.001,0.593,263251218000,120488188000,142763030000,500892218,0,0,0,0.037,0.89,191693684000,191693684000,0.16,364738577,364738577,167609458000,741.62,711.14,1.411,1084244278000,897381282000,2063008581,4181307520,11,11.464,73445141000,230.595,525.565,660529876000,0.552,145906778000,24084226000,1027082527000,1035967521000,146955193000,65748743000,25964244000,39784499000,643475977000,409128901000,234347076000,3839552121,306515992000,-14566278000,326663538000,-2571072000,-63680979000,251621785000,-136917910000,0,194155499000,-2343382000,132904551000,132904551000,252879572,0,9868543000,0.111,472264042000,188265834000,192013069000,0.631,1.861,15.183,17.086,698656429000,0,24.11,1.686,3.371,221464525000,491864319000,1197226510000,2277981645,0,0.087,0.148,0.185,0.16,0,477772905000,0.5,318502872,318502872,,7.152,1581813477000,33664767000,34704907000,83950279000,4966.403,409368114000
CCU,MRY,2014-12-31,2014-12-31,2014-12-31,2018-04-28,0,1768901073000,1748310664000,685390347000,1083510726000,0.742,3108.23,-225275591000,214774876000,354480667,604536815000,135345392000,1.812,0.54,199852850000,65318293000,134534557000,329852229,0,0,0,0.027,0.494,190422903000,190422903000,0.147,314288333,314288333,167465421000,575.04,575.04,0.949,1148499918000,1116372098000,1895570959,3167127123,10,10.077,-51653928000,-139.793,605.886,693429484000,0.534,155436798000,22957482000,1220210911000,1123646719000,167545598000,71130411000,25042097000,46088314000,620401155000,378331338000,242069817000,3427139137,-194078391000,-15230732000,0,14631146000,-65315914000,-132155575000,-238970139000,0,173621663000,3425660000,120791921000,120791921000,199364104,0,14553471000,0.093,513509192000,179920292000,214434623000,0.52,1.808,17.19,19.545,851255642000,0,18.55,1.6,3.2,250744964000,537945375000,1297966299000,2142261557,0,0.069,0.108,0.169,0.147,0,538972908000,0.5,369502872,369502872,,5.798,1613464275000,49620433000,46673500000,99215835000,4366.581,307059009000
CCU,MRY,2015-12-31,2015-12-31,2015-12-31,2018-04-28,0,1825447431000,1797174252000,684311875000,1141135556000,0.834,3213.837,-126892436000,192554239000,271709334,685075251000,160243045000,1.761,0.537,180900536000,43973991000,136926545000,255265033,0,0,0,0.018,0.382,213741435000,213741435000,0.143,301606151,301606151,190640106000,653.9,653.9,0.923,1187522145000,1168011031500,1675688123,3977347027,13,13.187,92618436000,250.657,708.677,813296464000,0.543,171358379000,23101329000,1253744670000,1236977790500,174227415000,93432914000,31298478000,62134436000,637925286000,388690679000,249234607000,4001716103,-22220637000,-37374432000,0,-14166777000,-66147145000,-82839491000,-165810169000,0,219510872000,6918151000,140525590000,140525590000,198292775,0,19717455000,0.094,608359466000,204936998000,241006119000,0.414,2.388,20.181,23.474,872667210000,0,21.66,1.893,3.785,257460805000,598349442000,1498371715000,2114321571,0,0.078,0.12,0.173,0.143,0,614936710000,0.5,369502872,369502872,,5.722,1654089052000,49793813000,50114516000,102435867000,4476.526,295621196000
CCU,MRY,2016-12-31,2016-12-31,2016-12-31,2018-04-28,0,1872027323000,1848737377000,681686519000,1190340804000,0.843,3249.381,-122938201000,134033183000,200327593,741819916000,161706286000,1.541,0.559,184623966000,66679933000,117944033000,275941181,0,0,0,0.019,0.403,190635508000,190635508000,0.122,284926103,284926103,170328270000,641.18,641.18,0.958,1200655718000,1194088931500,1794514352,3858464393,13,13.542,67076147000,181.531,669.07,817077792000,0.524,174860706000,20307238000,1305384119000,1279564394500,199311538000,99858064000,24267785000,75590279000,671371605000,442373281000,228998324000,3876085127,-58521056000,-29346744000,0,-4426266000,-69819729000,-95059905000,-155007390000,0,190014348000,1531891000,140081887000,140081887000,209368058,0,21624399000,0.09,616426072000,200651720000,270352448000,0.421,2.16,18.513,21.893,904104722000,0,20.98,1.664,3.327,288244730000,657578187000,1558897708000,2329947102,0,0.076,0.117,0.149,0.122,0,621570226000,0.5,369502872,369502872,,6.306,1697166617000,61288114000,30246383000,98621892000,4593.108,239313238000
CCU,MRY,2017-12-31,2017-12-31,2017-12-31,2018-04-28,0,1976229087000,1924128205000,730279834000,1245949253000,0.883,3320.214,-121972082000,170044602000,276315561,798738655000,166609485000,1.558,0.611,214593390000,53591658000,161001732000,348705529,0,0,0,0.011,0.333,220640708000,220640708000,0.13,358532175,358532175,196474395000,701.52,701.52,1.14,1226828608000,1213742163000,1993546584,5541620200,15,15.456,140189349000,379.4,615.4,899622139000,0.53,171649954000,24166313000,1380378466000,1342881292500,201987891000,139003886000,26558421000,112445465000,749400479000,468749455000,280651024000,5464947476,36011419000,-49403595000,0,32559281000,-75128211000,-53001198000,-173614379000,0,262161431000,465565000,148108419000,148108419000,240670156,0,18501066000,0.087,664727937000,234894202000,292292379000,0.292,2.741,22.707,25.949,917913428000,0,29.58,1.98,3.96,295613439000,716458990000,1698360794000,2759767206,0,0.077,0.122,0.164,0.13,0,671445839000,0.5,369502872,369502872,,7.469,1804579133000,69552488000,48365976000,116876745000,4883.803,261530379000
