ticker,dimension,calendardate,datekey,reportperiod,lastupdated,accoci,assets,assetsavg,assetsc,assetsnc,assetturnover,bvps,capex,cashneq,cashnequsd,cor,consolinc,currentratio,de,debt,debtc,debtnc,debtusd,deferredrev,depamor,deposits,divyield,dps,ebit,ebitda,ebitdamargin,ebitdausd,ebitusd,ebt,eps,epsdil,epsusd,equity,equityavg,equityusd,ev,evebit,evebitda,fcf,fcfps,fxusd,gp,grossmargin,intangibles,intexp,invcap,invcapavg,inventory,investments,investmentsc,investmentsnc,liabilities,liabilitiesc,liabilitiesnc,marketcap,ncf,ncfbus,ncfcommon,ncfdebt,ncfdiv,ncff,ncfi,ncfinv,ncfo,ncfx,netinc,netinccmn,netinccmnusd,netincdis,netincnci,netmargin,opex,opinc,payables,payoutratio,pb,pe,pe1,ppnenet,prefdivis,price,ps,ps1,receivables,retearn,revenue,revenueusd,rnd,roa,roe,roic,ros,sbcomp,sgna,sharefactor,sharesbas,shareswa,shareswadil,sps,tangibles,taxassets,taxexp,taxliabilities,tbvps,workingcapital
CCUR,MRY,2011-12-31,2011-06-30,2011-06-30,2018-05-05,1061000,55986000,56729250,47079000,8907000,1.178,3.732,-1956000,27814000,27814000,29403000,-3255000,2.802,0.779,0,0,0,0,12921000,3351000,0,0.0,0.0,-2636000,715000,0.011,715000,-2636000,-2709000,-0.39,-0.39,-0.39,31479000,32038500,31479000,31845540,-12,44.539,1548000,0.184,1.0,37397000,0.56,2565000,73000,8807000,8044750,3847000,5497000,5497000,0,24507000,16800000,7707000,57773540,-3550000,0,0,0,0,0,-7453000,-5497000,3504000,399000,-3255000,-3255000,-3255000,0,0,-0.049,40116000,-2719000,7534000,0.0,1.835,-17.749,-16.051,4754000,0,6.26,0.865,0.788,8033000,-176528000,66800000,66800000,14129000,-0.057,-0.102,-0.328,-0.039,1226000,25987000,1.0,9229000,8409000,8409000,7.944,53421000,0,546000,0,6.333,30279000
CCUR,MRY,2012-12-31,2012-06-30,2012-06-30,2018-05-05,859000,50873000,52349000,44164000,6709000,1.152,3.363,-1977000,29613000,29613000,25560000,-2887000,2.988,0.748,0,0,0,0,11638000,3714000,0,0.0,0.0,-2163000,1551000,0.026,1551000,-2163000,-2236000,-0.34,-0.34,-0.34,29106000,29067750,29106000,13099765,-6,8.446,-3552000,-0.413,1.0,34737000,0.576,1738000,73000,4741000,8504000,3683000,0,0,0,21767000,14781000,6986000,36431765,1799000,0,0,0,0,0,3431000,5408000,-1575000,-57000,-2887000,-2887000,-2887000,0,0,-0.048,36783000,-2046000,5931000,0.0,1.252,-12.619,-12.382,3966000,0,4.21,0.604,0.601,8739000,-179415000,60297000,60297000,13153000,-0.055,-0.099,-0.254,-0.036,716000,23630000,1.0,8653626,8602000,8602000,7.01,49135000,0,651000,0,5.676,29383000
CCUR,MRY,2013-12-31,2013-06-30,2013-06-30,2018-05-05,360000,48469000,47760500,43796000,4673000,1.328,2.942,1569000,27927000,27927000,26607000,4248000,2.728,0.88,0,0,0,0,10307000,2767000,0,0.112,0.86,4683000,7450000,0.117,7450000,4683000,4617000,0.49,0.48,0.49,25785000,25715000,25785000,48209313,10,6.471,6227000,0.713,1.0,36837000,0.581,834000,66000,3654000,4996750,2844000,0,0,0,22684000,16054000,6630000,70579313,-1686000,0,0,0,-7542000,-7542000,1569000,0,4658000,-371000,4248000,4248000,4248000,0,0,0.067,31802000,5035000,7671000,1.755,2.737,16.615,15.612,3102000,0,7.65,1.112,1.053,10701000,-183085000,63444000,63444000,11599000,0.089,0.165,0.937,0.074,848000,22584000,1.0,9226054,8735544,8909792,7.263,47635000,755000,369000,0,5.435,27742000
CCUR,MRY,2014-12-31,2014-06-30,2014-06-30,2018-05-05,-91000,62386000,50845750,44963000,17423000,1.4,4.519,-1309000,28074000,28074000,30758000,18505000,2.991,0.542,0,0,0,0,8841000,1999000,0,0.064,0.48,5139000,7138000,0.1,7138000,5139000,5097000,2.08,2.04,2.08,40454000,29500750,40454000,46644295,9,6.535,4868000,0.546,1.0,40413000,0.568,476000,42000,18804000,10087000,3272000,0,0,0,21932000,15032000,6900000,69096295,147000,0,-136000,0,-4471000,-4607000,-1309000,0,6177000,-114000,18505000,18505000,18505000,0,0,0.26,35113000,5300000,7591000,0.231,1.708,3.734,3.587,2168000,0,7.46,0.971,0.934,11355000,-169001000,71171000,71171000,13019000,0.364,0.627,0.509,0.072,1130000,22094000,1.0,9262238,8910907,9085592,7.987,61910000,14689000,-13408000,0,6.915,29931000
CCUR,MRY,2015-12-31,2015-06-30,2015-06-30,2018-05-05,109000,57780000,60169750,39791000,17989000,1.071,4.018,-1285000,25451000,25451000,28069000,-189000,2.71,0.581,0,0,0,0,10020000,1762000,0,0.077,0.48,589000,2351000,0.036,2351000,589000,589000,-0.02,-0.02,-0.02,36557000,38510750,36557000,31717462,53,13.491,2259000,0.249,1.0,36390000,0.565,0,0,17647000,18966750,3428000,0,0,0,21223000,14682000,6541000,58543462,-2623000,0,0,0,-4501000,-4501000,-1285000,0,3544000,-381000,-189000,-189000,-189000,0,0,-0.003,35195000,1195000,6320000,-24.0,1.601,-309.754,-310.0,2448000,0,6.2,0.908,0.872,10174000,-173595000,64459000,64459000,13588000,-0.003,-0.005,0.031,0.009,653000,22271000,1.0,9442494,9067697,9067697,7.109,57780000,14040000,778000,0,6.351,25109000
CCUR,MRY,2016-12-31,2016-06-30,2016-06-30,2018-05-05,-545000,45236000,54651500,39928000,5308000,0.586,2.289,-2251000,18798000,18798000,13204000,-11113000,2.306,1.154,0,0,0,0,4215000,1701000,0,0.092,0.48,-3082000,-1381000,-0.043,-1381000,-3082000,-3082000,-1.21,-1.21,-1.21,20998000,33132000,20998000,31121612,-10,-22.536,-4472000,-0.489,1.0,18803000,0.587,0,0,9121000,18911000,2342000,0,0,0,24238000,17317000,6921000,49852612,-5183000,3500000,0,0,-4472000,-4472000,1214000,0,-2221000,296000,-11113000,-11113000,-11113000,-1624000,0,-0.347,23955000,-5152000,6315000,-0.397,2.374,-4.486,-4.314,2578000,0,5.22,1.558,1.493,8862000,-189265000,32007000,32007000,10549000,-0.203,-0.335,-0.163,-0.096,789000,17506000,1.0,9550309,9154437,9154437,3.496,45236000,146000,8031000,0,4.931,22611000
CCUR,MRY,2017-12-31,2017-06-30,2017-06-30,2018-05-05,-2890000,57807000,42038250,54924000,2883000,0.658,4.667,-912000,35474000,35474000,12452000,28381000,5.711,0.33,0,0,0,0,0,1726000,0,0.072,0.48,27345000,29071000,1.052,29071000,27345000,27344000,3.07,3.07,3.07,43469000,22480000,43469000,49776180,1,1.712,-3916000,-0.423,1.0,15195000,0.55,0,1000,12715000,6180500,0,6870000,6870000,0,14338000,9618000,4720000,65526180,15625000,31043000,118000,0,-4602000,-4484000,23275000,-6856000,-3004000,-162000,28381000,28381000,28381000,-39492000,0,1.027,27431000,-12236000,4521000,0.156,1.507,2.309,2.166,2000,0,6.65,2.37,2.225,0,-165498000,27647000,27647000,8233000,0.675,1.262,4.424,0.989,931000,19198000,1.0,9853561,9252275,9252275,2.988,57807000,15000,-1037000,0,6.207,45306000
