ticker,dimension,calendardate,datekey,reportperiod,lastupdated,accoci,assets,assetsavg,assetsc,assetsnc,assetturnover,bvps,capex,cashneq,cashnequsd,cor,consolinc,currentratio,de,debt,debtc,debtnc,debtusd,deferredrev,depamor,deposits,divyield,dps,ebit,ebitda,ebitdamargin,ebitdausd,ebitusd,ebt,eps,epsdil,epsusd,equity,equityavg,equityusd,ev,evebit,evebitda,fcf,fcfps,fxusd,gp,grossmargin,intangibles,intexp,invcap,invcapavg,inventory,investments,investmentsc,investmentsnc,liabilities,liabilitiesc,liabilitiesnc,marketcap,ncf,ncfbus,ncfcommon,ncfdebt,ncfdiv,ncff,ncfi,ncfinv,ncfo,ncfx,netinc,netinccmn,netinccmnusd,netincdis,netincnci,netmargin,opex,opinc,payables,payoutratio,pb,pe,pe1,ppnenet,prefdivis,price,ps,ps1,receivables,retearn,revenue,revenueusd,rnd,roa,roe,roic,ros,sbcomp,sgna,sharefactor,sharesbas,shareswa,shareswadil,sps,tangibles,taxassets,taxexp,taxliabilities,tbvps,workingcapital
CERE,MRY,2011-12-31,2011-08-31,2011-08-31,2017-04-12,-27000,36797000,,26834000,9963000,,-813.569,-436000,21911000,21911000,2492000,-36336000,2.658,-1.18,17811000,2168000,15643000,17811000,0,2075000,0,,0.0,-35911000,-33836000,-5.114,-33836000,-35911000,-36367000,-146.72,-146.72,-146.72,-204318000,,-204318000,,,,-20443000,-82.53,1.0,4124000,0.623,0,456000,22602000,,0,3000000,0,3000000,241115000,10095000,231020000,,-11144000,0,164000,9162000,0,9326000,-436000,0,-20007000,-27000,-36336000,-36336000,-36336000,0,0,-5.492,29022000,-24898000,6972000,0.0,,,,6780000,0,,,,1292000,-212663000,6616000,6616000,19014000,,,,-5.428,2710000,10008000,1.0,,247703,247703,26.709,36797000,0,-31000,0,146.521,16739000
CERE,MRY,2012-12-31,2012-08-31,2012-08-31,2017-04-12,-283000,69247000,53022000,57568000,11679000,0.101,37.105,-1265000,21069000,21069000,2384000,-29410000,9.077,0.107,390000,134000,256000,390000,0,2059000,0,0.0,0.0,-28847000,-26788000,-4.988,-26788000,-28847000,-29407000,-17.44,-17.44,-17.44,62561000,-70878500,62561000,99782903,-3,-3.725,-26577000,-15.763,1.0,2987000,0.556,0,560000,42226000,32414000,841000,39285000,33565000,5720000,6686000,6342000,344000,167247903,-842000,0,65696000,-4421000,0,61275000,-36543000,-36278000,-25312000,-262000,-29410000,-29410000,-29410000,0,0,-5.476,31789000,-28802000,5476000,0.0,2.673,-5.687,-3.133,5756000,0,54.64,31.139,17.152,765000,-242073000,5371000,5371000,19155000,-0.555,0.415,-0.89,-5.371,1909000,12634000,1.0,3060906,1686042,1686042,3.186,69247000,0,3000,0,41.071,51226000
CERE,MRY,2013-12-31,2013-08-31,2013-08-31,2017-04-12,-696000,37178000,49303250,32436000,4742000,0.106,10.61,-892000,8881000,8881000,6245000,-32511000,8.115,0.126,236000,154000,82000,236000,0,1912000,0,0.0,0.0,-32464000,-30552000,-5.827,-30552000,-32464000,-32510000,-10.48,-10.48,-10.48,33006000,44255500,33006000,11034557,0,-0.361,-28747000,-9.275,1.0,-1002000,-0.191,0,46000,24536000,30239500,20000,21630000,21630000,0,4172000,3997000,175000,29641557,-12188000,0,60000,-240000,0,-180000,16043000,16935000,-27855000,-196000,-32511000,-32511000,-32511000,0,0,-6.201,31588000,-32590000,3825000,0.0,0.898,-0.912,-0.908,4633000,0,9.52,5.654,5.628,957000,-274584000,5243000,5243000,16401000,-0.659,-0.735,-1.074,-6.192,3310000,15187000,1.0,3113609,3099504,3099504,1.692,37178000,0,1000,0,11.951,28439000
CERE,MRY,2014-12-31,2014-08-31,2014-08-31,2017-04-12,-595000,32424000,31507750,29329000,3095000,0.076,6.1,-204000,3423000,3423000,3021000,-29321000,6.211,0.174,88000,70000,18000,88000,0,1517000,0,0.0,0.0,-29252000,-27735000,-11.537,-27735000,-29252000,-29320000,-6.48,-6.48,-6.48,27609000,26607500,27609000,20257742,0,-0.73,-22767000,-5.031,1.0,-617000,-0.257,0,68000,24367000,21348250,84000,24579000,24579000,0,4815000,4722000,93000,26024742,-5458000,0,20751000,-159000,0,20592000,-3589000,-3385000,-22563000,102000,-29321000,-29321000,-29321000,0,0,-12.197,28640000,-29257000,4278000,0.0,0.943,-0.888,-0.667,2996000,0,4.32,10.826,8.133,370000,-303905000,2404000,2404000,14156000,-0.931,-1.102,-1.37,-12.168,3068000,14484000,1.0,6024246,4525746,4525746,0.531,32424000,0,1000,0,7.164,24607000
CERE,MRY,2015-12-31,2015-08-31,2015-08-31,2017-04-12,762000,11122000,17388250,9766000,1356000,0.156,0.642,-327000,8095000,8095000,5267000,-28156000,1.87,1.64,0,0,0,0,802000,657000,0,0.0,0.0,-28125000,-27468000,-10.099,-27468000,-28125000,-28155000,-4.57,-4.57,-4.57,4213000,12570000,4213000,1717021,0,-0.063,-23544000,-3.818,1.0,-2547000,-0.936,0,30000,-2195000,7432500,0,0,0,0,6909000,5222000,1687000,7118021,4672000,0,2794000,-69000,0,2725000,24069000,24396000,-23217000,1095000,-28156000,-28156000,-28156000,0,0,-10.351,25630000,-28177000,4402000,0.0,1.69,-0.253,-0.258,1258000,0,1.18,2.617,2.675,577000,-332061000,2720000,2720000,9684000,-1.619,-2.24,-3.784,-10.34,2265000,15946000,1.0,6032222,6166006,6166006,0.441,11122000,0,1000,0,1.694,4544000
