ticker,dimension,calendardate,datekey,reportperiod,lastupdated,accoci,assets,assetsavg,assetsc,assetsnc,assetturnover,bvps,capex,cashneq,cashnequsd,cor,consolinc,currentratio,de,debt,debtc,debtnc,debtusd,deferredrev,depamor,deposits,divyield,dps,ebit,ebitda,ebitdamargin,ebitdausd,ebitusd,ebt,eps,epsdil,epsusd,equity,equityavg,equityusd,ev,evebit,evebitda,fcf,fcfps,fxusd,gp,grossmargin,intangibles,intexp,invcap,invcapavg,inventory,investments,investmentsc,investmentsnc,liabilities,liabilitiesc,liabilitiesnc,marketcap,ncf,ncfbus,ncfcommon,ncfdebt,ncfdiv,ncff,ncfi,ncfinv,ncfo,ncfx,netinc,netinccmn,netinccmnusd,netincdis,netincnci,netmargin,opex,opinc,payables,payoutratio,pb,pe,pe1,ppnenet,prefdivis,price,ps,ps1,receivables,retearn,revenue,revenueusd,rnd,roa,roe,roic,ros,sbcomp,sgna,sharefactor,sharesbas,shareswa,shareswadil,sps,tangibles,taxassets,taxexp,taxliabilities,tbvps,workingcapital
CGI,MRY,2011-12-31,2011-06-30,2011-06-30,2017-02-10,-952000,416666000,308608750,115333000,301333000,1.841,7.755,15537000,25673000,25673000,299645000,15262000,0.817,1.424,147703000,75521000,72182000,147703000,0,58304000,0,0.0,0.0,35634000,93938000,0.165,93938000,35634000,27424000,0.69,0.67,0.69,171900000,165479750,171900000,308178620,8,3.281,85621000,3.874,1.0,268604000,0.473,16702000,8210000,380826000,239286500,0,2902000,0,2902000,244766000,141168000,103598000,314333620,4412000,5000000,521000,-87070000,0,-86549000,20537000,0,70084000,340000,15262000,15262000,15262000,0,0,0.027,236259000,32345000,10475000,0.0,1.829,20.596,20.232,277114000,0,13.96,0.553,0.543,64723000,81566000,568249000,568249000,0,0.049,0.092,0.149,0.063,2382000,161041000,1.0,22516735,22099000,22632000,25.714,399964000,3940000,12162000,33194000,18.045,-25835000
CGI,MRY,2012-12-31,2012-06-30,2012-06-30,2017-02-10,-4963000,520711000,479275000,126044000,394667000,1.25,8.713,60071000,33646000,33646000,314570000,25536000,1.232,1.673,230571000,45135000,185436000,230571000,0,55777000,0,0.004,0.06,47227000,103004000,0.172,103004000,47227000,41543000,1.15,1.12,1.15,194781000,183428750,194781000,575139962,12,5.584,137165000,6.161,1.0,284382000,0.475,16702000,5684000,598650000,532200750,0,3491000,0,3491000,325930000,102284000,223646000,373509962,7973000,-41856000,548000,-86115000,-1337000,-86904000,18476000,261000,77094000,-693000,25536000,25536000,25536000,0,0,0.043,231637000,52745000,7734000,0.052,1.918,14.627,14.243,370456000,0,16.38,0.624,0.609,67615000,105765000,598952000,598952000,0,0.053,0.139,0.089,0.079,2483000,170524000,1.0,22802806,22264000,22872000,26.902,504009000,4160000,16007000,39693000,22.547,23760000
CGI,MRY,2013-12-31,2013-06-30,2013-06-30,2017-02-10,-5261000,641162000,590993750,117388000,523774000,1.038,9.871,-64067000,1315000,1315000,312668000,27264000,1.383,1.841,294431000,25669000,268762000,294431000,0,57812000,0,0.004,0.08,49666000,107478000,0.175,107478000,49666000,44735000,1.2,1.17,1.2,225689000,216343250,225689000,695989182,14,6.476,22642000,1.0,1.0,300980000,0.49,17730000,4931000,831658000,751584250,0,4604000,0,4604000,415473000,84890000,330583000,423103182,-32331000,-39484000,1892000,-15596000,-1805000,-15509000,-103551000,0,86709000,20000,27264000,27264000,27264000,0,0,0.044,245335000,55645000,10401000,0.067,1.875,15.519,15.208,496870000,0,18.25,0.689,0.673,77623000,131224000,613648000,613648000,0,0.046,0.126,0.066,0.081,3850000,179317000,1.0,23183736,22641000,23393000,27.103,623432000,13848000,17471000,61821000,27.268,32498000
CGI,MRY,2014-12-31,2014-06-30,2014-06-30,2017-02-10,-5985000,690815000,694480750,167185000,523630000,1.093,11.2,21100000,15508000,15508000,408619000,30681000,1.097,1.667,263980000,68879000,195101000,263980000,0,64800000,0,0.004,0.08,55442000,120242000,0.158,120242000,55442000,50371000,1.33,1.29,1.33,259003000,242525000,259003000,798173014,14,6.638,91417000,3.972,1.0,350692000,0.462,22810000,5071000,764102000,846702250,0,0,0,0,431812000,152375000,279437000,500139014,14193000,-36602000,2985000,-62136000,-1837000,-60988000,5498000,21000000,70317000,-634000,30681000,30681000,30681000,0,0,0.04,304637000,46055000,11017000,0.06,1.931,16.301,16.03,492829000,0,21.32,0.659,0.646,105968000,160068000,759311000,759311000,0,0.044,0.127,0.065,0.073,2077000,227542000,1.0,23458678,23014000,23755000,32.993,668005000,14046000,19690000,76275000,28.887,14810000
CGI,MRY,2015-12-31,2015-06-30,2015-06-30,2017-02-10,-22233000,1168606000,937203750,311088000,857518000,0.961,14.958,53932000,24699000,24699000,462719000,37217000,1.552,2.19,563591000,63940000,499651000,563591000,31872000,75624000,0,0.004,0.08,65638000,141262000,0.157,141262000,65638000,57862000,1.56,1.52,1.56,366343000,292780500,366343000,959443887,14,6.792,98497000,4.131,1.0,438037000,0.486,55357000,7776000,1451645000,1153874500,0,0,0,0,802263000,200496000,601767000,501715887,9191000,-114682000,85353000,-56186000,-1873000,27294000,-60750000,0,44565000,-1918000,37217000,37217000,37217000,0,0,0.041,364823000,73214000,13699000,0.051,1.37,13.481,13.256,788530000,0,20.68,0.557,0.547,130892000,195412000,900756000,900756000,0,0.04,0.127,0.057,0.073,2772000,284034000,1.0,24260923,23844000,24471000,37.777,1113249000,17926000,20645000,101163000,45.454,110592000
CGI,MRY,2016-12-31,2016-06-30,2016-06-30,2017-02-10,-33112000,1103290000,1178199000,255608000,847682000,0.904,13.797,56091000,9077000,9077000,549172000,24844000,1.335,1.896,450812000,51397000,399415000,450812000,0,79606000,0,0.01,0.08,52202000,131808000,0.124,131808000,52202000,38408000,0.9,0.88,0.9,381015000,374537250,381015000,760845416,14,5.772,50880000,1.85,1.0,516184000,0.485,62451000,13794000,1291079000,1434647000,0,2253000,0,2253000,722275000,191495000,530780000,230552416,-15622000,-20264000,51000,-44267000,-2200000,-46416000,35827000,0,-5211000,178000,24844000,24844000,24844000,0,0,0.023,446404000,69780000,26499000,0.089,0.605,9.28,9.078,736033000,0,8.17,0.216,0.211,134572000,218056000,1065356000,1065356000,0,0.021,0.066,0.036,0.049,2855000,352574000,1.0,28219390,27507000,28081000,38.73,1040839000,473000,13564000,109138000,37.691,64113000
