ticker,dimension,calendardate,datekey,reportperiod,lastupdated,accoci,assets,assetsavg,assetsc,assetsnc,assetturnover,bvps,capex,cashneq,cashnequsd,cor,consolinc,currentratio,de,debt,debtc,debtnc,debtusd,deferredrev,depamor,deposits,divyield,dps,ebit,ebitda,ebitdamargin,ebitdausd,ebitusd,ebt,eps,epsdil,epsusd,equity,equityavg,equityusd,ev,evebit,evebitda,fcf,fcfps,fxusd,gp,grossmargin,intangibles,intexp,invcap,invcapavg,inventory,investments,investmentsc,investmentsnc,liabilities,liabilitiesc,liabilitiesnc,marketcap,ncf,ncfbus,ncfcommon,ncfdebt,ncfdiv,ncff,ncfi,ncfinv,ncfo,ncfx,netinc,netinccmn,netinccmnusd,netincdis,netincnci,netmargin,opex,opinc,payables,payoutratio,pb,pe,pe1,ppnenet,prefdivis,price,ps,ps1,receivables,retearn,revenue,revenueusd,rnd,roa,roe,roic,ros,sbcomp,sgna,sharefactor,sharesbas,shareswa,shareswadil,sps,tangibles,taxassets,taxexp,taxliabilities,tbvps,workingcapital
CGNX,MRY,2011-12-31,2011-12-31,2011-12-31,2018-04-30,-17353000,611881000,594423750,285346000,326535000,0.542,3.281,-7820000,38103000,38103000,77919000,69869000,5.274,0.107,0,0,0,0,13458000,9756000,0,0.01,0.09,87117000,96873000,0.301,96873000,87117000,87117000,0.415,0.41,0.415,552980000,535013000,552980000,1475685420,16,15.233,78455000,0.469,1.0,243995000,0.758,100939000,0,418734000,400224750,28098000,319337000,144431000,174906000,58901000,54105000,4796000,1505860420,4900000,0,20863000,0,-15114000,9794000,-90209000,-82389000,86275000,-960000,69869000,69869000,69869000,0,0,0.217,159276000,84719000,7098000,0.217,2.723,21.553,21.56,31744000,0,8.947,4.678,4.654,48206000,434581000,321914000,321914000,40946000,0.118,0.131,0.218,0.271,4023000,117694000,1.0,168299572,167436000,171048000,1.923,510942000,22799000,17248000,6055000,3.031,231241000
CGNX,MRY,2012-12-31,2012-12-31,2012-12-31,2018-04-30,-29515000,627605000,643611750,239597000,388008000,0.504,3.327,-9878000,45160000,45160000,79495000,68098000,4.782,0.097,0,0,0,0,12690000,10858000,0,0.042,0.385,86630000,97488000,0.301,97488000,86630000,86630000,0.395,0.39,0.395,572285000,589518250,572285000,1526386342,17,15.657,91253000,0.533,1.0,244784000,0.755,96459000,0,435882000,409670500,26182000,343360000,105105000,238255000,55320000,50104000,5216000,1580544342,7057000,0,17468000,0,-66213000,-45151000,-38854000,-28976000,101131000,-10069000,68098000,68098000,68098000,0,0,0.21,161744000,83040000,6815000,0.975,2.762,23.21,23.285,34820000,0,9.198,4.874,4.859,42387000,436466000,324279000,324279000,41549000,0.106,0.116,0.211,0.267,4926000,119828000,1.0,171844528,171332000,174560000,1.893,531146000,22016000,18532000,6225000,3.088,189493000
CGNX,MRY,2013-12-31,2013-12-31,2013-12-31,2018-04-30,-29833000,709699000,681338250,332051000,377648000,0.452,3.785,-9630000,40644000,40644000,62889000,73573000,5.441,0.102,0,0,0,0,15941000,11102000,0,0.0,0.0,84846000,95948000,0.312,95948000,84846000,84846000,0.425,0.415,0.425,643912000,624023750,643912000,3301926735,38,34.414,85825000,0.494,1.0,244762000,0.796,96412000,0,511621000,493928000,25694000,414477000,184822000,229655000,65787000,61022000,4765000,3332372735,-4516000,0,-20116000,0,0,-12458000,-88070000,-74690000,95455000,557000,73573000,73573000,73573000,-6390000,0,0.239,167824000,76938000,9487000,0.0,5.175,45.293,44.918,37136000,0,19.09,10.832,10.79,53015000,462131000,307651000,307651000,44315000,0.108,0.118,0.172,0.276,2962000,123509000,1.0,174561170,173892000,177802000,1.769,613287000,19918000,11273000,6028000,3.605,271029000
CGNX,MRY,2014-12-31,2014-12-31,2014-12-31,2018-04-30,-39399000,821734000,779027250,271911000,549823000,0.547,4.242,-20934000,55694000,55694000,94067000,121485000,3.37,0.116,0,0,0,0,14598000,12467000,0,0.0,0.0,142400000,154867000,0.363,154867000,142400000,142400000,0.7,0.68,0.7,736437000,703486000,736437000,3559397834,24,22.984,142907000,0.823,1.0,332382000,0.779,87058000,0,598308000,570782500,29223000,491301000,90456000,400845000,85297000,80674000,4623000,3597576834,15050000,0,-42743000,0,0,-42743000,-104097000,-83163000,163841000,-1951000,121485000,121485000,121485000,-10644000,0,0.285,204530000,127852000,17223000,0.0,4.885,29.613,29.521,45963000,0,20.665,8.436,8.418,40053000,523946000,426449000,426449000,55831000,0.156,0.173,0.249,0.334,15158000,148699000,1.0,174090338,173716000,178142000,2.455,734676000,23437000,20915000,5671000,4.232,191237000
CGNX,MRY,2015-12-31,2015-12-31,2015-12-31,2018-04-30,-52124000,887756000,872926750,444494000,443262000,0.516,4.862,-18228000,51975000,51975000,102571000,187074000,8.279,0.075,0,0,0,0,11571000,14118000,0,0.006,0.105,206372000,220490000,0.489,220490000,206372000,206372000,1.08,1.06,1.08,825667000,799664750,825667000,2785659741,13,12.634,110099000,0.638,1.0,347986000,0.772,87763000,0,694330000,660159000,37334000,569556000,296468000,273088000,62089000,53688000,8401000,2865222741,-3719000,103365000,-98769000,0,-18062000,-116831000,-10547000,-85209000,128327000,-4668000,187074000,187074000,187074000,-79410000,0,0.415,226465000,121521000,7860000,0.097,3.47,15.316,15.634,53285000,0,16.885,6.359,6.468,42870000,566613000,450557000,450557000,69791000,0.214,0.234,0.313,0.458,20168000,156674000,1.0,169690420,172592000,175982000,2.611,799993000,26517000,19298000,6134000,4.71,390806000
CGNX,MRY,2016-12-31,2016-12-31,2016-12-31,2018-04-30,-56428000,1038604000,984192000,526344000,512260000,0.529,5.606,-12816000,79641000,79641000,115590000,149572000,8.002,0.079,0,0,0,0,8211000,15069000,0,0.005,0.147,168540000,183609000,0.353,183609000,168540000,168540000,0.88,0.86,0.88,962599000,910977500,962599000,5388924265,31,29.35,169265000,0.992,1.0,405163000,0.778,103592000,0,789598000,759760000,26984000,665529000,341194000,324335000,76005000,65773000,10232000,5450069265,27666000,-14398000,-3681000,0,-25213000,-29231000,-121832000,-94618000,182081000,-3352000,149572000,149572000,149572000,255000,0,0.287,244379000,160784000,9830000,0.167,5.662,36.438,36.148,53992000,0,31.81,10.466,10.426,57655000,643836000,520753000,520753000,78269000,0.152,0.164,0.222,0.324,20558000,166110000,1.0,171331948,170676000,174144000,3.051,935012000,28022000,18968000,10554000,5.446,460571000
CGNX,MRY,2017-12-31,2017-12-31,2017-12-31,2018-04-30,-34599000,1287753000,1200878000,629991000,657762000,0.623,6.297,-28754000,106582000,106582000,168698000,177178000,5.593,0.175,0,0,0,0,9420000,16991000,0,0.003,0.168,266922000,283913000,0.38,283913000,266922000,266922000,1.02,0.99,1.02,1095673000,1073096000,1095673000,10479923789,39,36.912,195569000,1.129,1.0,579252000,0.774,126397000,0,942139000,887934750,67923000,721402000,297961000,423441000,192080000,112635000,79445000,10591272789,26941000,-24409000,-69158000,0,-29037000,-100121000,-105555000,-52392000,224323000,8294000,177178000,177178000,177178000,0,0,0.237,319933000,259319000,23463000,0.165,9.666,59.778,59.961,78048000,0,61.16,14.16,14.17,126842000,668587000,747950000,747950000,99205000,0.148,0.165,0.301,0.357,31942000,220728000,1.0,173173198,173287000,179551000,4.316,1161356000,27385000,89744000,85044000,6.675,517356000
