ticker,dimension,calendardate,datekey,reportperiod,lastupdated,accoci,assets,assetsavg,assetsc,assetsnc,assetturnover,bvps,capex,cashneq,cashnequsd,cor,consolinc,currentratio,de,debt,debtc,debtnc,debtusd,deferredrev,depamor,deposits,divyield,dps,ebit,ebitda,ebitdamargin,ebitdausd,ebitusd,ebt,eps,epsdil,epsusd,equity,equityavg,equityusd,ev,evebit,evebitda,fcf,fcfps,fxusd,gp,grossmargin,intangibles,intexp,invcap,invcapavg,inventory,investments,investmentsc,investmentsnc,liabilities,liabilitiesc,liabilitiesnc,marketcap,ncf,ncfbus,ncfcommon,ncfdebt,ncfdiv,ncff,ncfi,ncfinv,ncfo,ncfx,netinc,netinccmn,netinccmnusd,netincdis,netincnci,netmargin,opex,opinc,payables,payoutratio,pb,pe,pe1,ppnenet,prefdivis,price,ps,ps1,receivables,retearn,revenue,revenueusd,rnd,roa,roe,roic,ros,sbcomp,sgna,sharefactor,sharesbas,shareswa,shareswadil,sps,tangibles,taxassets,taxexp,taxliabilities,tbvps,workingcapital
CHMP,MRY,2011-12-31,2011-10-31,2011-10-31,2017-05-11,0,82024282,87547644,29122821,52901461,0.989,1.852,-953527,0,0,62268213,-3976043,0.48,2.919,44004281,43573284,430997,44004281,737748,2835617,0,0.0,0.0,-755832,2079785,0.024,2079785,-755832,-3764720,-0.38,-0.38,-0.38,20928246,23771665,20928246,64814334,-85,31.164,6066897,0.585,1.0,24340658,0.281,0,3008888,65367274,113523986,7420934,0,0,0,61096036,60661289,434747,12542476,0,0,0,-5858116,0,-5858116,-1162308,0,7020424,0,-3976043,-3976043,-3976043,4253500,0,-0.046,22231246,2109412,3735445,0.0,0.599,-3.155,-2.921,52901461,0,1.11,0.145,0.133,15493693,-13638306,86608871,86608871,0,-0.045,-0.167,-0.007,-0.009,0,21579096,1.0,11299528,10362000,10362000,8.358,82024282,11767560,211323,1030201,7.26,-31538468
CHMP,MRY,2012-12-31,2012-10-31,2012-10-31,2017-05-11,0,47966591,59380172,33104085,14862506,1.468,-0.122,-390648,1844797,1844797,62745923,-23317775,0.709,-35.825,28267092,25615096,2651996,28267092,0,2562702,0,0.0,0.0,-8421102,-5858400,-0.067,-5858400,-8421102,-11590680,-2.06,-2.06,-2.06,-1377374,4630882,-1377374,41358807,-4,-7.06,7620466,0.674,1.0,24404108,0.28,0,3169578,27698867,46533611,5764803,0,0,0,49343965,46690019,2653946,2259905,1844797,0,0,-5131309,0,-9344882,3178565,0,8011114,0,-23317775,-23317775,-23317775,8712624,0,-0.268,24099468,304640,3123544,0.0,-1.641,-0.097,-0.097,14862506,0,0.2,0.026,0.026,10229562,-36956081,87150031,87150031,0,-0.393,-5.035,-0.181,-0.097,0,23742296,1.0,11299528,11300000,11300000,7.712,47966591,0,11727095,833969,4.245,-13585934
CHMP,MRY,2013-12-31,2013-10-31,2013-10-31,2017-05-11,0,27530622,34956491,16842692,10687930,2.069,0.384,-374295,1428542,1428542,51416525,5714394,1.512,5.348,12953672,916382,12037290,12953672,0,2169014,0,0.0,0.0,9894400,12063414,0.167,12063414,9894400,5609248,0.51,0.36,0.51,4337020,-3289960,4337020,29480976,2,2.444,5620843,0.497,1.0,20906650,0.289,0,4285152,27915192,27811079,4884579,0,0,0,23193602,11140560,12053042,5084787,-416255,0,0,-6958799,0,-7187988,455956,0,5995138,0,5714394,5714394,5714394,-82942,0,0.079,22181054,-1274404,6925532,0.0,1.172,0.89,0.882,10687930,0,0.45,0.07,0.07,9612826,-31241687,72323175,72323175,0,0.163,-1.737,0.356,0.137,0,19910369,1.0,11299528,11300000,16114000,6.4,27530622,0,-105146,745658,2.436,5702132
CHMP,MRY,2014-12-31,2014-10-31,2014-10-31,2017-05-11,0,24008393,24434790,14784300,9224093,2.6,0.284,-258538,818438,818438,47563370,-1131634,0.716,6.49,13619220,13462149,157071,13619220,0,1930507,0,0.0,0.0,6763,1937270,0.03,1937270,6763,-1131634,-0.1,-0.1,-0.1,3205386,3310361,3205386,16393043,2423,8.462,-900771,-0.08,1.0,15958970,0.251,0,1138397,16163239,19171404,3969992,0,0,0,20803007,20645936,157071,3389858,-610104,0,0,172558,0,172558,-264345,0,-642233,0,-1131634,-1131634,-1131634,0,0,-0.018,16213220,-254250,4518634,0.0,1.058,-2.996,-3.0,9224093,0,0.3,0.053,0.053,9512731,-32373321,63522340,63522340,0,-0.046,-0.342,0.0,0.0,0,16213220,1.0,11299528,11300000,11300000,5.621,24008393,0,0,666166,2.125,-5861636
CHMP,MRY,2015-12-31,2015-10-31,2015-10-31,2017-05-11,0,22926526,23478925,13908316,9018210,2.61,0.178,-1616008,540909,540909,46102981,-1191341,1.149,10.383,13254280,4445210,8809070,13254280,0,1654841,0,0.0,0.0,-241965,1412876,0.023,1412876,-241965,-1099642,-0.11,-0.11,-0.11,2014045,2417536,2014045,15945201,-65,11.286,18952,0.002,1.0,15182220,0.248,0,857677,23536486,21480268,3568665,0,0,0,20912481,12103411,8809070,3276863,-277529,0,0,-364940,0,-364940,-1547549,0,1634960,0,-1191341,-1191341,-1191341,0,0,-0.019,15393504,-211284,4730286,0.0,1.627,-2.751,-2.636,9018210,0,0.29,0.053,0.053,8651745,-33564662,61285201,61285201,0,-0.051,-0.493,-0.011,-0.004,0,15393504,1.0,11299528,11300000,11300000,5.423,22926526,0,91699,635131,2.029,1804905
