ticker,dimension,calendardate,datekey,reportperiod,lastupdated,accoci,assets,assetsavg,assetsc,assetsnc,assetturnover,bvps,capex,cashneq,cashnequsd,cor,consolinc,currentratio,de,debt,debtc,debtnc,debtusd,deferredrev,depamor,deposits,divyield,dps,ebit,ebitda,ebitdamargin,ebitdausd,ebitusd,ebt,eps,epsdil,epsusd,equity,equityavg,equityusd,ev,evebit,evebitda,fcf,fcfps,fxusd,gp,grossmargin,intangibles,intexp,invcap,invcapavg,inventory,investments,investmentsc,investmentsnc,liabilities,liabilitiesc,liabilitiesnc,marketcap,ncf,ncfbus,ncfcommon,ncfdebt,ncfdiv,ncff,ncfi,ncfinv,ncfo,ncfx,netinc,netinccmn,netinccmnusd,netincdis,netincnci,netmargin,opex,opinc,payables,payoutratio,pb,pe,pe1,ppnenet,prefdivis,price,ps,ps1,receivables,retearn,revenue,revenueusd,rnd,roa,roe,roic,ros,sbcomp,sgna,sharefactor,sharesbas,shareswa,shareswadil,sps,tangibles,taxassets,taxexp,taxliabilities,tbvps,workingcapital
CHT,MRY,2011-12-31,2011-12-31,2011-12-31,2018-04-28,0,443048000000,448679500000,105384000000,337664000000,0.485,46.366,-26220000000,26407000000,871892547,131531000000,48095000000,1.652,0.215,1835000000,777000000,1058000000,60587072,3888000000,32306000000,5014000000,0.057,1.91,55703000000,88009000000,0.405,2905835241,1839172589,55672000000,60.4,60.3,1.994,361161000000,362870000000,11924625455,22807677961,12,7.849,49139000000,6.309,30.287,85962000000,0.395,6278000000,31000000,348413000000,318112000000,4822000000,31639000000,3746000000,27893000000,77706000000,63785000000,13921000000,25816782101,-23485000000,-113000000,0,-1967000000,-42855000000,-65738000000,-33104000000,-5330000000,75359000000,111000000,47068000000,47068000000,1554066665,0,1027000000,0.216,30877000000,55085000000,41355000000,0.958,2.165,16.612,16.688,295032000000,0,33.28,3.595,36.099,22430000000,114686000000,217493000000,7181070392,3525000000,0.105,0.13,0.175,0.256,0,27352000000,0.1,7757446545,7789326000,7810605000,0.922,436770000000,1056000000,8604000000,8155000000,56.073,41599000000
CHT,MRY,2012-12-31,2012-12-31,2012-12-31,2018-04-28,0,440049000000,441548500000,99947000000,340102000000,0.501,46.298,-33247000000,30938000000,1065066370,141513000000,42617000000,1.673,0.213,2169000000,119000000,2050000000,74669628,3839000000,32160000000,4911000000,0.056,1.825,48850000000,81010000000,0.366,2788836597,1681701861,48828000000,53.5,53.3,1.842,359154000000,360157500000,12364175034,22863767187,13,8.198,40651000000,5.24,29.048,79907000000,0.361,5782000000,22000000,345773000000,347093000000,7196000000,34025000000,6503000000,27522000000,76559000000,59725000000,16834000000,25087582126,4531000000,0,0,334000000,-42362000000,-42470000000,-18607000000,15043000000,73898000000,-48000000,41492000000,41492000000,1428396594,0,2226000000,0.187,29927000000,49980000000,40452000000,0.991,2.029,17.563,17.559,297342000000,0,32.34,3.291,32.912,24399000000,112542000000,221420000000,7622567578,3698000000,0.094,0.115,0.141,0.221,0,26229000000,0.1,7757446545,7757447000,7777238000,0.983,434267000000,1306000000,7336000000,7237000000,55.981,40222000000
CHT,MRY,2013-12-31,2013-12-31,2013-12-31,2018-04-28,0,440972000000,440510500000,60513000000,380459000000,0.518,46.187,-36177000000,14585000000,488362343,147289000000,42618000000,0.994,0.217,1954000000,554000000,1400000000,65427495,3701000000,32192000000,4835000000,0.057,1.777,48008000000,80200000000,0.352,2685406922,1607493959,47972000000,53.5,53.4,1.791,358294000000,358724000000,11997072169,22305557214,13,8.306,46691000000,6.019,29.865,80692000000,0.354,44399000000,36000000,323087000000,334430000000,7848000000,27637000000,4288000000,23349000000,77832000000,60855000000,16977000000,24017054503,-16353000000,0,0,-215000000,-41502000000,-42464000000,-49168000000,26608000000,82868000000,-9000000,41494000000,41494000000,1389379985,0,2290000000,0.182,33080000000,47612000000,42938000000,0.992,2.002,17.286,17.283,302714000000,0,30.96,3.146,31.462,22970000000,117570000000,227981000000,7633687726,3726000000,0.094,0.116,0.144,0.211,70000000,29354000000,0.1,7757446545,7757446545,,0.984,396573000000,1506000000,6478000000,6272000000,51.122,-342000000
CHT,MRY,2014-12-31,2014-12-31,2014-12-31,2018-04-28,0,446498000000,443735000000,69412000000,377086000000,0.511,46.509,-32409000000,23560000000,742919794,148380000000,37567000000,1.11,0.224,2464000000,564000000,1900000000,77697554,3398000000,34114000000,4759000000,0.051,1.509,46598000000,80712000000,0.356,2545099425,1469379311,46552000000,47.7,47.6,1.504,360788000000,359541000000,11376763449,22413433904,15,8.807,47385000000,6.108,31.713,78229000000,0.345,42825000000,46000000,320058000000,321572500000,7097000000,24138000000,3458000000,20680000000,80786000000,62519000000,18267000000,22830165181,8975000000,0,0,510000000,-35103000000,-35116000000,-27374000000,4843000000,79794000000,87000000,37567000000,37567000000,1184603901,0,0,0.166,34063000000,44166000000,43262000000,1.003,2.007,19.272,19.566,302650000000,0,29.43,3.195,31.95,26309000000,135608000000,226609000000,7145683859,3504000000,0.085,0.104,0.145,0.206,93000000,30559000000,0.1,7757446545,7757446545,,0.921,403673000000,1826000000,8985000000,7114000000,52.037,6893000000
CHT,MRY,2015-12-31,2015-12-31,2015-12-31,2018-04-28,0,452771000000,449634500000,76207000000,376564000000,0.516,46.958,-25080000000,30271000000,919831731,148126000000,42852000000,1.211,0.229,1860000000,118000000,1742000000,56519012,3616000000,33448000000,4726000000,0.041,1.238,51986000000,85434000000,0.369,2596045856,1579676006,51953000000,54.2,54.1,1.647,364274000000,362531000000,11069035846,22603452608,14,8.707,58456000000,7.535,32.909,83669000000,0.361,50447000000,33000000,310967000000,315512500000,8780000000,20329000000,1881000000,18448000000,83432000000,62946000000,20486000000,23295611974,6711000000,-114000000,0,-698000000,-37673000000,-39186000000,-30453000000,4712000000,83536000000,25000000,42852000000,42852000000,1302125114,0,0,0.185,33203000000,50466000000,42399000000,0.752,2.105,17.89,18.234,296399000000,0,30.03,3.307,33.074,26968000000,139698000000,231795000000,7043454004,3617000000,0.095,0.118,0.165,0.224,36000000,29586000000,0.1,7757446545,7757446545,,0.908,402324000000,2061000000,9101000000,9319000000,51.863,13261000000
CHT,MRY,2016-12-31,2016-12-31,2016-12-31,2018-04-28,0,446915000000,449843000000,81620000000,365295000000,0.511,46.492,-23473000000,31100000000,964490618,147552000000,41626000000,1.272,0.222,1738000000,138000000,1600000000,53899829,3546000000,32485000000,4610000000,0.054,1.69,49433000000,81918000000,0.356,2540486897,1533043882,49413000000,52.2,52.1,1.619,360656000000,362465000000,11184865870,23596683882,15,9.288,50522000000,6.513,32.245,82439000000,0.358,47353000000,20000000,306040000000,308503500000,7423000000,17405000000,2140000000,15265000000,79987000000,64160000000,15827000000,24474743849,829000000,0,0,-122000000,-42551000000,-42518000000,-21663000000,1831000000,73995000000,58000000,41626000000,41626000000,1290928826,0,0,0.181,33838000000,48601000000,45990000000,1.044,2.188,18.959,19.489,291170000000,0,31.55,3.431,34.314,31036000000,135907000000,229991000000,7132609706,3785000000,0.093,0.115,0.16,0.215,17000000,30053000000,0.1,7757446545,7757446545,,0.919,399562000000,2322000000,7787000000,7986000000,51.507,17460000000
CHT,MRY,2017-12-31,2017-12-31,2017-12-31,2018-04-28,0,450902000000,448908500000,79334000000,371568000000,0.507,46.528,-26716000000,28825000000,970134008,146837000000,40160000000,1.241,0.226,1670000000,70000000,1600000000,56205508,3612000000,31930000000,4671000000,0.036,1.284,48031000000,79961000000,0.351,2691166883,1616531016,48009000000,50.3,50.2,1.693,360936000000,360796000000,12147659612,26532314696,16,9.859,50028000000,6.449,29.712,80677000000,0.355,54883000000,22000000,304925000000,305482500000,8840000000,16125000000,0,16125000000,81492000000,63939000000,17553000000,27492390555,-2275000000,0,0,-68000000,-38336000000,-36608000000,-36721000000,1855000000,76744000000,122000000,40160000000,40160000000,1351624692,0,0,0.177,33869000000,46808000000,45081000000,0.758,2.263,20.34,20.935,288708000000,0,35.44,3.59,35.904,31990000000,134888000000,227514000000,7657209669,3886000000,0.089,0.111,0.157,0.211,22000000,29983000000,0.1,7757446545,7757446545,,0.987,396019000000,2730000000,7849000000,10104000000,51.05,15395000000
