ticker,dimension,calendardate,datekey,reportperiod,lastupdated,accoci,assets,assetsavg,assetsc,assetsnc,assetturnover,bvps,capex,cashneq,cashnequsd,cor,consolinc,currentratio,de,debt,debtc,debtnc,debtusd,deferredrev,depamor,deposits,divyield,dps,ebit,ebitda,ebitdamargin,ebitdausd,ebitusd,ebt,eps,epsdil,epsusd,equity,equityavg,equityusd,ev,evebit,evebitda,fcf,fcfps,fxusd,gp,grossmargin,intangibles,intexp,invcap,invcapavg,inventory,investments,investmentsc,investmentsnc,liabilities,liabilitiesc,liabilitiesnc,marketcap,ncf,ncfbus,ncfcommon,ncfdebt,ncfdiv,ncff,ncfi,ncfinv,ncfo,ncfx,netinc,netinccmn,netinccmnusd,netincdis,netincnci,netmargin,opex,opinc,payables,payoutratio,pb,pe,pe1,ppnenet,prefdivis,price,ps,ps1,receivables,retearn,revenue,revenueusd,rnd,roa,roe,roic,ros,sbcomp,sgna,sharefactor,sharesbas,shareswa,shareswadil,sps,tangibles,taxassets,taxexp,taxliabilities,tbvps,workingcapital
CLUB,MRY,2011-12-31,2011-12-31,2011-12-31,2018-04-28,1251000,449542000,451310000,84917000,364625000,1.035,0.015,-30907000,47880000,47880000,176463000,6315000,0.824,1268.893,288994000,25507000,263487000,288994000,46160000,51536000,0,0.0,0.0,33288000,84824000,0.182,84824000,33288000,9014000,0.28,0.27,0.28,354000,-2978000,354000,421558165,12,4.97,43978000,1.926,1.0,290478000,0.622,32799000,24274000,554823000,579980500,290000,0,0,0,449188000,103034000,346154000,167938165,9077000,0,479000,-35828000,0,-35349000,-30907000,0,74885000,448000,6315000,6315000,6315000,0,0,0.014,254863000,35615000,9180000,0.0,474.402,26.594,26.25,286041000,0,7.35,0.36,0.359,5857000,19014000,466941000,466941000,0,0.014,-2.121,0.057,0.071,1412000,25799000,1.0,22848730,22828031,23423797,20.455,416743000,40073000,2699000,0,18.146,-18117000
CLUB,MRY,2012-12-31,2012-12-31,2012-12-31,2018-04-28,1226000,404770000,423287750,76014000,328756000,1.132,-2.337,-22490000,37758000,37758000,178950000,11966000,0.865,-8.294,310339000,15787000,294552000,310339000,41027000,49391000,0,0.281,3.0,42927000,92318000,0.193,92318000,42927000,18287000,0.51,0.5,0.51,-55496000,-5552750,-55496000,460848817,10,4.992,37563000,1.603,1.0,300031000,0.626,32824000,24640000,556688000,536163250,438000,0,0,0,460266000,87839000,372427000,251884817,-10122000,0,2352000,23568000,-70296000,-47722000,-22490000,0,60053000,37000,11966000,11966000,11966000,0,0,0.025,258598000,41433000,7467000,5.882,-4.539,21.05,20.9,256871000,0,10.659,0.526,0.522,6508000,-40420000,478981000,478981000,0,0.028,-2.155,0.08,0.09,1306000,24139000,1.0,23631630,23436393,24114540,20.437,371946000,35603000,6321000,0,15.661,-11825000
CLUB,MRY,2013-12-31,2013-12-31,2013-12-31,2018-04-28,2052000,413792000,410856000,105641000,308151000,1.145,-1.805,-30861000,73598000,73598000,179683000,12324000,1.358,-10.509,314909000,3250000,311659000,314909000,36373000,49099000,0,0.011,0.16,42308000,91407000,0.194,91407000,42308000,19691000,0.51,0.5,0.51,-43516000,-44566250,-43516000,598901611,14,6.552,36527000,1.52,1.0,290542000,0.618,33778000,22617000,543514000,520940250,473000,0,0,0,457308000,77811000,379497000,355806611,35840000,-2939000,600000,7632000,-4088000,-975000,-30606000,0,67388000,33000,12324000,12324000,12324000,0,0,0.026,249944000,40598000,8116000,0.314,-8.176,28.871,28.941,243992000,0,14.76,0.757,0.754,3704000,-31746000,470225000,470225000,0,0.03,-0.277,0.081,0.09,2204000,28431000,1.0,24106139,24031533,24736961,19.567,380014000,28356000,7367000,0,15.765,27830000
CLUB,MRY,2014-12-31,2014-12-31,2014-12-31,2018-04-28,395000,409833000,428821750,122886000,286947000,1.058,-4.857,-42054000,93452000,93452000,192716000,-68989000,1.74,-4.471,383271000,3114000,380157000,383271000,39405000,47307000,0,0.054,0.32,2661000,49968000,0.11,49968000,2661000,-16378000,-2.84,-2.84,-2.84,-118084000,-69306250,-118084000,423464115,159,8.475,-37296000,-1.537,1.0,261126000,0.575,32987000,19039000,596059000,577335250,573000,0,0,0,527917000,70606000,457311000,144565115,19854000,0,133000,63524000,-7877000,57503000,-42054000,0,4758000,-353000,-68989000,-68989000,-68989000,0,0,-0.152,260374000,752000,2873000,-0.113,-1.224,-2.095,-2.095,233644000,0,5.95,0.319,0.318,3656000,-108448000,453842000,453842000,0,-0.161,0.995,0.005,0.006,1911000,31352000,1.0,24296658,24266407,24266407,18.702,376846000,12312000,52611000,12299000,15.501,52280000
CLUB,MRY,2015-12-31,2015-12-31,2015-12-31,2018-04-28,-523000,303101000,360191250,100091000,203010000,1.178,-3.871,-30471000,76217000,76217000,196725000,21158000,1.387,-4.149,266740000,2810000,263930000,266740000,40544000,47887000,0,0.0,0.0,27386000,75273000,0.177,75273000,27386000,6807000,0.86,0.84,0.86,-96245000,-143192250,-96245000,323729077,11,4.301,-5601000,-0.227,1.0,227598000,0.536,1196000,20579000,420284000,528407750,337000,0,0,0,399346000,72144000,327202000,29607077,-17235000,0,283000,-10335000,-213000,-10511000,-31571000,0,24870000,-23000,21158000,21158000,21158000,0,0,0.05,223451000,4147000,2615000,0.0,-0.308,1.399,1.384,195341000,0,1.19,0.07,0.069,1923000,-87360000,424323000,424323000,0,0.059,-0.148,0.052,0.065,1386000,30683000,1.0,24879897,24630898,25114057,17.227,301905000,8663000,-14351000,1829000,12.144,27947000
CLUB,MRY,2016-12-31,2016-12-31,2016-12-31,2018-04-28,-168000,235878000,259701750,58834000,177044000,1.528,-3.319,-19723000,45596000,45596000,185104000,8043000,0.903,-3.753,196825000,2082000,194743000,196825000,35012000,43727000,0,0.0,0.0,31754000,75481000,0.19,75481000,31754000,17814000,0.31,0.31,0.31,-85670000,-88964500,-85670000,212732867,6,2.818,1467000,0.057,1.0,211817000,0.534,1143000,13940000,320807000,336119750,238000,0,0,0,321548000,65157000,256391000,64033867,-30621000,0,318000,-32031000,-50000,-31763000,-20003000,0,21190000,-45000,8043000,8043000,8043000,0,0,0.02,218200000,-6383000,2477000,0.0,-0.747,7.961,8.065,170580000,0,2.5,0.161,0.161,1221000,-79265000,396921000,396921000,0,0.031,-0.09,0.094,0.08,1807000,24702000,1.0,25613547,25568371,26074735,15.524,234735000,1505000,9771000,61000,9.094,-6323000
CLUB,MRY,2017-12-31,2017-12-31,2017-12-31,2018-04-28,1201000,236671000,235843250,68147000,168524000,1.709,-2.906,-10206000,30321000,30321000,180467000,4369000,1.086,-4.036,196189000,2242000,193947000,196189000,33824000,40849000,0,0.0,0.0,7348000,48197000,0.12,48197000,7348000,-5317000,0.16,0.16,0.16,-77957000,-87997500,-77957000,285011049,38,5.913,17993000,0.674,1.0,222575000,0.552,11351000,12665000,328439000,301392750,0,0,0,0,314628000,62749000,251879000,148080049,-15275000,-30775000,111000,-2082000,-9000,-1980000,-41531000,0,28199000,37000,4369000,4369000,4369000,0,0,0.011,215638000,6937000,2247000,0.0,-1.9,33.893,34.688,151498000,0,5.55,0.367,0.368,2216000,-74893000,403042000,403042000,0,0.019,-0.05,0.024,0.018,1861000,22680000,1.0,26681090,26703577,27422833,15.093,225320000,13563000,-9686000,93000,8.399,5398000
