ticker,dimension,calendardate,datekey,reportperiod,lastupdated,accoci,assets,assetsavg,assetsc,assetsnc,assetturnover,bvps,capex,cashneq,cashnequsd,cor,consolinc,currentratio,de,debt,debtc,debtnc,debtusd,deferredrev,depamor,deposits,divyield,dps,ebit,ebitda,ebitdamargin,ebitdausd,ebitusd,ebt,eps,epsdil,epsusd,equity,equityavg,equityusd,ev,evebit,evebitda,fcf,fcfps,fxusd,gp,grossmargin,intangibles,intexp,invcap,invcapavg,inventory,investments,investmentsc,investmentsnc,liabilities,liabilitiesc,liabilitiesnc,marketcap,ncf,ncfbus,ncfcommon,ncfdebt,ncfdiv,ncff,ncfi,ncfinv,ncfo,ncfx,netinc,netinccmn,netinccmnusd,netincdis,netincnci,netmargin,opex,opinc,payables,payoutratio,pb,pe,pe1,ppnenet,prefdivis,price,ps,ps1,receivables,retearn,revenue,revenueusd,rnd,roa,roe,roic,ros,sbcomp,sgna,sharefactor,sharesbas,shareswa,shareswadil,sps,tangibles,taxassets,taxexp,taxliabilities,tbvps,workingcapital
CMA,MRY,2011-12-31,2011-12-31,2011-12-31,2018-04-30,-356000000,61008000000,57763500000,,,0.04,34.568,-121000000,3556000000,3556000000,0,393000000,,7.883,5014000000,,,5014000000,0,122000000,47755000000,0.016,0.4,530000000,652000000,0.283,652000000,530000000,530000000,2.11,2.09,2.11,6868000000,6433500000,6868000000,5109006358,9,7.836,675000000,3.397,1.0,2301000000,1.0,0,0,62466000000,59006500000,0,52206000000,,,54140000000,,,5126006358,1473000000,721000000,-112000000,-1599000000,-73000000,1526000000,-849000000,-1542000000,796000000,0,393000000,389000000,389000000,0,0,0.169,1771000000,530000000,0,0.19,0.746,13.177,12.227,675000000,4000000,25.8,2.228,2.228,0,5546000000,2301000000,2301000000,0,0.007,0.06,0.009,0.23,36000000,1210000000,1.0,198682417,198682417,,11.581,61008000000,0,137000000,0,307.063,
CMA,MRY,2012-12-31,2012-12-31,2012-12-31,2018-04-30,-413000000,65069000000,63406500000,,,0.04,36.471,-75000000,4534000000,4534000000,0,521000000,,8.373,4830000000,,,4830000000,0,133000000,52191000000,0.018,0.55,762000000,895000000,0.355,895000000,762000000,762000000,2.68,2.67,2.68,6942000000,7009750000,6942000000,6640040236,8,7.419,617000000,3.241,1.0,2519000000,1.0,0,0,65365000000,64128000000,0,55850000000,,,58127000000,,,5775040236,978000000,0,-305000000,-153000000,-97000000,3962000000,-3676000000,-3688000000,692000000,0,521000000,515000000,515000000,0,0,0.204,1757000000,762000000,0,0.205,0.832,11.214,11.321,622000000,6000000,30.34,2.293,2.293,0,5931000000,2519000000,2519000000,0,0.008,0.073,0.012,0.303,36000000,1246000000,1.0,190344108,190344108,,13.234,65069000000,0,241000000,0,341.849,
CMA,MRY,2013-12-31,2013-12-31,2013-12-31,2018-04-30,-391000000,65224000000,64431500000,,,0.039,39.09,-102000000,6451000000,6451000000,0,541000000,,8.122,3796000000,,,3796000000,0,122000000,53292000000,0.014,0.68,786000000,908000000,0.362,908000000,786000000,786000000,2.92,2.85,2.92,7150000000,7004500000,7150000000,5398574155,6,5.946,734000000,4.013,1.0,2508000000,1.0,0,0,62569000000,62685250000,0,54291000000,,,58074000000,,,8695574155,1917000000,0,-258000000,-937000000,-123000000,-93000000,1174000000,1214000000,836000000,0,541000000,533000000,533000000,0,0,0.213,1723000000,785000000,0,0.233,1.216,16.314,16.281,594000000,8000000,47.54,3.467,3.467,0,6318000000,2508000000,2508000000,0,0.008,0.076,0.013,0.313,32000000,1229000000,1.0,182910689,182910689,,13.712,65224000000,0,245000000,0,356.589,
CMA,MRY,2014-12-31,2014-12-31,2014-12-31,2018-04-30,-412000000,69186000000,67269750000,,,0.037,41.194,-70000000,6071000000,6071000000,0,593000000,,8.347,2791000000,,,2791000000,0,123000000,57486000000,0.017,0.79,870000000,993000000,0.4,993000000,870000000,870000000,3.28,3.16,3.28,7402000000,7371750000,7402000000,3500519313,4,3.525,569000000,3.167,1.0,2485000000,1.0,0,0,65906000000,64464750000,0,58149000000,,,61784000000,,,8416519313,-380000000,0,-211000000,-947000000,-137000000,2724000000,-3743000000,-3694000000,639000000,0,593000000,586000000,586000000,0,0,0.236,1647000000,838000000,0,0.241,1.137,14.363,14.28,532000000,7000000,46.84,3.387,3.387,0,6744000000,2485000000,2485000000,0,0.009,0.079,0.013,0.35,31000000,1208000000,1.0,179686578,179686578,,13.83,69186000000,0,277000000,0,385.037,
CMA,MRY,2015-12-31,2015-12-31,2015-12-31,2018-04-30,-429000000,71877000000,70542500000,,,0.037,42.776,-119000000,6147000000,6147000000,0,521000000,,8.508,3081000000,,,3081000000,0,118000000,59853000000,0.02,0.83,750000000,868000000,0.337,868000000,750000000,750000000,2.93,2.84,2.93,7560000000,7551250000,7560000000,3401817311,4,3.919,746000000,4.221,1.0,2577000000,1.0,0,0,68811000000,67212250000,0,61063000000,,,64317000000,,,7392817311,76000000,0,-218000000,317000000,-147000000,2466000000,-3255000000,-3153000000,865000000,0,521000000,515000000,515000000,0,0,0.2,1827000000,750000000,0,0.283,0.978,14.355,14.276,550000000,6000000,41.83,2.869,2.869,0,7084000000,2577000000,2577000000,0,0.007,0.068,0.011,0.291,38000000,1221000000,1.0,176734815,176734815,,14.581,71877000000,0,229000000,0,406.694,
CMA,MRY,2016-12-31,2016-12-31,2016-12-31,2018-04-30,-383000000,72978000000,71847250000,,,0.036,45.256,-95000000,7218000000,7218000000,0,477000000,,8.361,5185000000,,,5185000000,0,121000000,58985000000,0.013,0.89,670000000,791000000,0.304,791000000,670000000,670000000,2.74,2.68,2.74,7796000000,7715250000,7796000000,9594831635,14,12.13,407000000,2.363,1.0,2600000000,1.0,0,0,70945000000,71415500000,0,60819000000,,,65182000000,,,11732831635,1071000000,0,-163000000,2152000000,-152000000,839000000,-270000000,-195000000,502000000,0,477000000,473000000,473000000,0,0,0.182,1930000000,670000000,0,0.325,1.505,24.805,24.858,501000000,4000000,68.11,4.513,4.513,0,7331000000,2600000000,2600000000,0,0.007,0.061,0.009,0.258,34000000,1171000000,1.0,172262981,172262981,,15.093,72978000000,0,193000000,0,423.643,
CMA,MRY,2017-12-31,2017-12-31,2017-12-31,2018-04-30,-451000000,71567000000,72001750000,,,0.043,45.787,-69000000,5845000000,5845000000,0,743000000,,7.987,4632000000,,,4632000000,0,121000000,57903000000,0.013,1.09,1234000000,1355000000,0.438,1355000000,1234000000,1234000000,4.23,4.14,4.23,7963000000,7978000000,7963000000,14039564448,11,10.361,1034000000,5.945,1.0,3094000000,1.0,0,0,70354000000,70666000000,0,60761000000,,,63604000000,,,15097564448,-1373000000,0,-442000000,-531000000,-180000000,-2338000000,-138000000,-94000000,1103000000,0,743000000,738000000,738000000,0,0,0.239,1860000000,1234000000,0,0.258,1.896,20.457,20.522,466000000,5000000,86.81,4.88,4.88,0,7887000000,3094000000,3094000000,0,0.01,0.093,0.017,0.399,39000000,1111000000,1.0,173915038,173915038,,17.79,71567000000,0,491000000,0,411.506,
