ticker,dimension,calendardate,datekey,reportperiod,lastupdated,accoci,assets,assetsavg,assetsc,assetsnc,assetturnover,bvps,capex,cashneq,cashnequsd,cor,consolinc,currentratio,de,debt,debtc,debtnc,debtusd,deferredrev,depamor,deposits,divyield,dps,ebit,ebitda,ebitdamargin,ebitdausd,ebitusd,ebt,eps,epsdil,epsusd,equity,equityavg,equityusd,ev,evebit,evebitda,fcf,fcfps,fxusd,gp,grossmargin,intangibles,intexp,invcap,invcapavg,inventory,investments,investmentsc,investmentsnc,liabilities,liabilitiesc,liabilitiesnc,marketcap,ncf,ncfbus,ncfcommon,ncfdebt,ncfdiv,ncff,ncfi,ncfinv,ncfo,ncfx,netinc,netinccmn,netinccmnusd,netincdis,netincnci,netmargin,opex,opinc,payables,payoutratio,pb,pe,pe1,ppnenet,prefdivis,price,ps,ps1,receivables,retearn,revenue,revenueusd,rnd,roa,roe,roic,ros,sbcomp,sgna,sharefactor,sharesbas,shareswa,shareswadil,sps,tangibles,taxassets,taxexp,taxliabilities,tbvps,workingcapital
CMO,MRY,2011-12-31,2011-12-31,2011-12-31,2018-04-30,204540000,12844622000,11980037500,,,0.015,15.163,0,426717000,426717000,0,160204000,,8.936,11455539000,,,11455539000,0,68283000,0,0.141,1.76,160204000,228487000,1.289,228487000,160204000,160204000,1.76,1.75,1.76,1292707000,1208797500,1292707000,12130373724,75,53.09,237713000,2.788,1.0,177298000,1.0,0,0,23873444000,22422629250,0,12268023000,,,11551915000,,,1060582724,67127000,0,231674000,3559703000,-154840000,3619434000,-3790020000,-3800806000,237713000,0,160204000,160204000,160204000,0,0,0.904,17353000,159945000,26844000,1.0,0.82,6.62,7.068,0,20369000,12.44,5.982,5.982,100760000,-354883000,177298000,177298000,0,0.013,0.133,0.007,0.904,3267000,16330000,1.0,85255846,85255846,,2.08,12844622000,0,0,0,150.66,
CMO,MRY,2012-12-31,2012-12-31,2012-12-31,2018-04-30,293910000,14469263000,14392453000,,,0.012,15.129,0,425445000,425445000,0,163626000,,8.665,12887333000,,,12887333000,0,96872000,0,0.13,1.49,163626000,260498000,1.457,260498000,163626000,163626000,1.5,1.5,1.5,1497125000,1485758750,1497125000,13987869315,85,53.697,263930000,2.667,1.0,178781000,1.0,0,0,26931151000,26739384750,0,13863275000,,,12972138000,,,1135027315,-1272000,0,106973000,1431800000,-173138000,1368062000,-1633264000,-1635274000,263930000,0,163626000,163626000,163626000,0,0,0.915,15414000,163367000,22425000,0.993,0.758,6.937,7.647,0,21021000,11.47,6.349,6.349,130402000,-353938000,178781000,178781000,0,0.011,0.11,0.006,0.915,5035000,15243000,1.0,98956174,98956174,,1.807,14469263000,0,0,0,146.219,
CMO,MRY,2013-12-31,2013-12-31,2013-12-31,2018-04-30,219143000,14015968000,14207436250,,,0.01,14.261,0,413356000,413356000,0,126487000,,9.262,12582900000,,,12582900000,0,126034000,0,0.103,1.24,126487000,252521000,1.799,252521000,126487000,126487000,0.93,0.93,0.93,1365783000,1401097250,1365783000,13643477861,107,54.029,261212000,2.727,1.0,140355000,1.0,0,0,26185512000,26614798250,0,13475874000,,,12650185000,,,1156913861,-12089000,0,-7292000,-301331000,-132191000,-458031000,184730000,184730000,261212000,0,126487000,126487000,126487000,0,0,0.901,14117000,126238000,25109000,1.333,0.847,9.147,12.989,0,37460000,12.08,8.243,8.243,96231000,-349866000,140355000,140355000,0,0.009,0.09,0.005,0.901,2201000,13817000,1.0,95771015,95771015,,1.466,14015968000,0,0,0,146.349,
CMO,MRY,2014-12-31,2014-12-31,2014-12-31,2018-04-30,227422000,14386951000,14305415000,,,0.011,14.516,0,307526000,307526000,0,140820000,,9.345,12904725000,,,12904725000,0,102009000,0,0.111,1.36,140820000,242829000,1.583,242829000,140820000,140820000,1.33,1.33,1.33,1390771000,1391552000,1390771000,13587695825,96,55.956,248812000,2.597,1.0,153421000,1.0,0,0,26984150000,26704979750,0,13908104000,,,12996180000,,,1176555825,-105830000,0,0,323945000,-140723000,173297000,-527939000,-527939000,248812000,0,140820000,140820000,140820000,0,0,0.918,12601000,140820000,30367000,1.023,0.846,8.355,9.233,0,13781000,12.28,7.669,7.669,116525000,-346885000,153421000,153421000,0,0.01,0.101,0.005,0.918,2390000,12459000,1.0,95810735,95810735,,1.601,14386951000,0,0,0,150.16,
CMO,MRY,2015-12-31,2015-12-31,2015-12-31,2018-04-30,136095000,14446366000,14455412000,,,0.008,13.549,0,54185000,54185000,0,108325000,,10.127,13056380000,,,13056380000,0,121299000,0,0.13,1.14,108325000,229624000,1.877,229624000,108325000,108325000,0.97,0.97,0.97,1298324000,1356150250,1298324000,13589527575,125,59.182,244245000,2.549,1.0,122355000,1.0,0,0,27448561000,27319443250,0,14154737000,,,13148042000,,,837506575,-253341000,0,0,151551000,-132240000,35094000,-532680000,-532680000,244245000,0,108325000,108325000,108325000,0,0,0.885,14030000,108325000,39622000,1.175,0.645,7.731,9.01,0,15160000,8.74,6.845,6.845,179531000,-346464000,122355000,122355000,0,0.007,0.08,0.004,0.885,2132000,14998000,1.0,95824551,95824551,,1.277,14446366000,0,0,0,150.759,
CMO,MRY,2016-12-31,2016-12-31,2016-12-31,2018-04-30,105786000,13576876000,13973996500,,,0.007,12.998,0,56732000,56732000,0,82873000,,9.882,12243436000,,,12243436000,0,130208000,0,0.093,0.95,82873000,213081000,2.178,213081000,82873000,82873000,0.7,0.7,0.7,1247687000,1270578000,1247687000,13424334614,161,63.001,215120000,2.241,1.0,97845000,1.0,0,0,25763580000,26492513500,0,13316282000,,,12329189000,,,978127614,2547000,0,0,-813045000,-109779000,-900450000,687877000,687877000,215120000,0,82873000,82873000,82873000,0,0,0.847,14972000,82873000,38702000,1.357,0.784,11.803,14.557,0,15372000,10.19,9.997,9.997,149493000,-346464000,97845000,97845000,0,0.006,0.065,0.003,0.847,1440000,16431000,1.0,95988971,95988971,,1.019,13576876000,0,0,0,141.442,
CMO,MRY,2017-12-31,2017-12-31,2017-12-31,2018-04-30,62118000,13733449000,13802195750,,,0.006,12.891,0,103907000,103907000,0,79589000,,10.085,12429251000,,,12429251000,0,128880000,0,0.092,0.8,79589000,208469000,2.395,208469000,79589000,79589000,0.65,0.65,0.65,1238876000,1254641750,1238876000,13303404326,167,63.815,212076000,2.207,1.0,87032000,1.0,0,0,26058793000,26190131750,0,13454098000,,,12494573000,,,831305326,47175000,0,-3460000,185717000,-97506000,151488000,-316389000,-316389000,212076000,0,79589000,79589000,79589000,0,0,0.914,7443000,79589000,23063000,1.231,0.671,10.445,13.308,0,17442000,8.65,9.552,9.552,132938000,-346570000,87032000,87032000,0,0.006,0.063,0.003,0.914,1404000,9604000,1.0,96104662,96104662,,0.906,13733449000,0,0,0,142.901,
