ticker,dimension,calendardate,datekey,reportperiod,lastupdated,accoci,assets,assetsavg,assetsc,assetsnc,assetturnover,bvps,capex,cashneq,cashnequsd,cor,consolinc,currentratio,de,debt,debtc,debtnc,debtusd,deferredrev,depamor,deposits,divyield,dps,ebit,ebitda,ebitdamargin,ebitdausd,ebitusd,ebt,eps,epsdil,epsusd,equity,equityavg,equityusd,ev,evebit,evebitda,fcf,fcfps,fxusd,gp,grossmargin,intangibles,intexp,invcap,invcapavg,inventory,investments,investmentsc,investmentsnc,liabilities,liabilitiesc,liabilitiesnc,marketcap,ncf,ncfbus,ncfcommon,ncfdebt,ncfdiv,ncff,ncfi,ncfinv,ncfo,ncfx,netinc,netinccmn,netinccmnusd,netincdis,netincnci,netmargin,opex,opinc,payables,payoutratio,pb,pe,pe1,ppnenet,prefdivis,price,ps,ps1,receivables,retearn,revenue,revenueusd,rnd,roa,roe,roic,ros,sbcomp,sgna,sharefactor,sharesbas,shareswa,shareswadil,sps,tangibles,taxassets,taxexp,taxliabilities,tbvps,workingcapital
CMSB,MRY,2011-12-31,2011-09-30,2011-09-30,2017-04-15,18000,253776000,248298500,,,0.033,13.016,-158000,4304000,4304000,0,229000,,10.424,34421000,,,34421000,0,355000,194742000,,0.0,131000,486000,0.06,486000,131000,131000,0.13,0.13,0.13,22215000,21861250,22215000,,,,-2063000,-1.21,1.0,8130000,1.0,0,0,283893000,276771250,0,242662000,,,231561000,,,,870000,0,0,-232000,0,6204000,-3429000,-3271000,-1905000,0,229000,229000,229000,0,0,0.028,7991000,139000,0,0.0,,,,2748000,0,,,,0,6740000,8130000,8130000,0,0.001,0.01,0.0,0.016,276000,7911000,1.0,1862803,1704757,1704757,4.769,253776000,0,-98000,0,148.693,
CMSB,MRY,2012-12-31,2012-09-30,2012-09-30,2017-04-15,111000,264666000,257691000,,,0.033,13.08,-734000,1841000,1841000,0,-639000,,11.053,37130000,,,37130000,0,387000,203516000,0.0,0.0,-814000,-427000,-0.05,-427000,-814000,-814000,-0.37,-0.37,-0.37,21958000,21979750,21958000,35607424,-43,-83.39,-2073000,-1.212,1.0,8593000,1.0,0,0,299955000,280387500,0,254281000,,,242708000,,,14902424,-2463000,0,0,2779000,0,11553000,-12677000,-11943000,-1339000,0,-639000,-639000,-639000,0,0,-0.074,8767000,-174000,0,0.0,0.679,-23.321,-21.622,3054000,0,8.0,1.734,1.592,0,6101000,8593000,8593000,0,-0.002,-0.029,-0.003,-0.095,289000,8385000,1.0,1862803,1710121,1710121,5.025,264666000,0,-175000,0,157.66,
CMSB,MRY,2013-12-31,2013-09-30,2013-09-30,2017-04-15,-1628000,258255000,264382500,,,0.034,13.049,-45000,2477000,2477000,0,939000,,10.359,19889000,,,19889000,0,357000,212312000,0.0,0.0,1391000,1748000,0.193,1748000,1391000,1391000,0.52,0.52,0.52,22735000,22553500,22735000,32688849,23,18.701,7666000,4.421,1.0,9072000,1.0,0,0,275667000,282976750,0,250015000,,,235520000,,,15982849,636000,0,0,-16864000,0,-6646000,-429000,-384000,7711000,0,939000,906000,906000,0,0,0.1,7668000,1404000,0,0.0,0.703,17.641,16.5,2742000,33000,8.58,1.762,1.64,0,7007000,9072000,9072000,0,0.003,0.04,0.005,0.153,155000,7445000,1.0,1862803,1734007,1735252,5.232,258255000,0,452000,0,148.233,
CMSB,MRY,2014-12-31,2014-09-30,2014-09-30,2017-04-15,-1184000,273344000,269147000,,,0.034,13.726,-222000,3147000,3147000,0,657000,,10.448,18950000,,,18950000,0,371000,226782000,0.0,0.0,993000,1364000,0.15,1364000,993000,993000,0.33,0.33,0.33,23876000,23430000,23876000,38253158,38,28.045,1433000,0.825,1.0,9116000,1.0,0,0,289147000,283795500,0,264650000,,,249468000,,,24030158,670000,0,0,-876000,0,13506000,-14491000,-14269000,1655000,0,657000,567000,567000,0,0,0.062,8105000,1011000,0,0.0,1.006,42.381,39.091,2593000,90000,12.9,2.636,2.459,0,7574000,9116000,9116000,0,0.002,0.024,0.003,0.109,130000,7896000,1.0,1862803,1737438,1740913,5.247,273344000,0,336000,0,157.138,
