ticker,dimension,calendardate,datekey,reportperiod,lastupdated,accoci,assets,assetsavg,assetsc,assetsnc,assetturnover,bvps,capex,cashneq,cashnequsd,cor,consolinc,currentratio,de,debt,debtc,debtnc,debtusd,deferredrev,depamor,deposits,divyield,dps,ebit,ebitda,ebitdamargin,ebitdausd,ebitusd,ebt,eps,epsdil,epsusd,equity,equityavg,equityusd,ev,evebit,evebitda,fcf,fcfps,fxusd,gp,grossmargin,intangibles,intexp,invcap,invcapavg,inventory,investments,investmentsc,investmentsnc,liabilities,liabilitiesc,liabilitiesnc,marketcap,ncf,ncfbus,ncfcommon,ncfdebt,ncfdiv,ncff,ncfi,ncfinv,ncfo,ncfx,netinc,netinccmn,netinccmnusd,netincdis,netincnci,netmargin,opex,opinc,payables,payoutratio,pb,pe,pe1,ppnenet,prefdivis,price,ps,ps1,receivables,retearn,revenue,revenueusd,rnd,roa,roe,roic,ros,sbcomp,sgna,sharefactor,sharesbas,shareswa,shareswadil,sps,tangibles,taxassets,taxexp,taxliabilities,tbvps,workingcapital
CNTF,MRY,2011-12-31,2011-12-31,2011-12-31,2018-04-28,43597000,367409000,335681000,283103000,84306000,0.965,0.384,-25920000,250637000,250637000,238564000,29810000,6.9,0.136,290000,0,290000,290000,219000,3646000,0,0.0,0.0,36546000,40192000,0.124,40192000,36546000,36546000,0.45,0.45,0.45,305183000,284284000,305183000,278394116,7,6.927,35294000,0.044,1.0,85236000,0.263,14324000,0,61710000,64397000,7984000,0,0,0,41424000,41028000,396000,476640116,52101000,0,0,0,0,6403000,-25920000,0,61214000,10404000,27127000,27127000,27127000,0,2683000,0.084,47367000,37869000,8792000,0.0,1.562,17.571,20.0,69979000,0,9.0,1.472,22.069,6715000,97272000,323800000,323800000,13541000,0.081,0.095,0.568,0.113,2172000,36044000,0.067,794003193,794003193,794003193,0.408,353085000,210000,9419000,1910000,0.445,242075000
CNTF,MRY,2012-12-31,2012-12-31,2012-12-31,2018-04-28,46822000,386346000,376877500,289784000,96562000,0.365,0.386,-15690000,257950000,257950000,106367000,-1845000,5.33,0.178,15640000,15350000,290000,15640000,4178000,5755000,0,0.0,0.0,2341000,8096000,0.059,8096000,2341000,2341000,0.0,0.0,0.0,306284000,305733500,306284000,83301081,35,10.289,-12730000,-0.016,1.0,31296000,0.227,15948000,0,73721000,67715500,7490000,0,0,0,54657000,54367000,290000,333648081,7313000,0,0,15350000,0,23231000,-21510000,0,2960000,2632000,-3294000,-3294000,-3294000,0,1449000,-0.024,29974000,1322000,11140000,,1.089,-101.29,,80614000,0,6.3,2.424,36.337,8666000,93472000,137663000,137663000,9343000,-0.009,-0.011,0.035,0.017,1170000,17922000,0.067,794003193,794003193,794003193,0.173,370398000,0,5635000,1062000,0.466,235417000
CNTF,MRY,2013-12-31,2013-12-31,2013-12-31,2018-04-28,55841000,414628000,400487000,306819000,107809000,0.301,0.396,-9873000,265649000,265649000,103096000,-2971000,4.623,0.212,15640000,15350000,290000,15640000,3854000,5982000,0,0.0,0.0,-209000,5773000,0.048,5773000,-209000,-324000,0.0,0.0,0.0,314079000,310181500,314079000,199906108,-956,34.628,-6474000,-0.008,1.0,17572000,0.146,13527000,115000,84730000,79225500,13576000,58000,58000,0,66652000,66362000,290000,442216108,7699000,0,0,0,0,8120000,-11324000,0,3399000,7504000,-2470000,-2470000,-2470000,0,-501000,-0.02,20623000,-3051000,14247000,,1.408,-179.035,,94282000,0,8.35,3.665,54.944,17100000,90409000,120668000,120668000,8285000,-0.006,-0.008,-0.003,-0.002,1246000,8431000,0.067,794003193,794003193,794003193,0.152,401101000,0,2146000,254000,0.505,240457000
CNTF,MRY,2014-12-31,2014-12-31,2014-12-31,2018-04-28,48068000,417500000,416064000,236424000,181076000,0.236,0.37,-49926000,175795000,175795000,89302000,-15068000,2.784,0.304,28723000,24404000,4319000,28723000,9685000,5203000,0,0.0,0.0,-12490000,-7287000,-0.074,-7287000,-12490000,-12993000,-0.3,-0.3,-0.3,293628000,303853500,293628000,46567072,-3,-6.39,-48454000,-0.061,1.0,8998000,0.092,15776000,503000,169715000,127222500,10096000,429000,429000,0,89256000,84937000,4319000,296576072,-94689000,0,0,3444000,0,6641000,-97363000,0,1472000,-5439000,-13431000,-13431000,-13431000,-567000,-1637000,-0.137,25929000,-16931000,15555000,0.0,1.01,-22.081,-18.667,143661000,0,5.6,3.017,45.233,10004000,76953000,98300000,98300000,7174000,-0.032,-0.044,-0.098,-0.127,753000,15869000,0.067,794003193,794003193,794003193,0.124,401724000,0,438000,452000,0.506,151487000
CNTF,MRY,2015-12-31,2015-12-31,2015-12-31,2018-04-28,35578000,389846000,403673000,69093000,320753000,0.158,0.338,-55580000,514000,514000,57824000,-13097000,0.724,0.36,22342000,21280000,1062000,22342000,7394000,7276000,0,0.0,0.0,-11809000,-4533000,-0.071,-4533000,-11809000,-11809000,-0.3,-0.3,-0.3,268333000,280980500,268333000,47609007,-4,-10.503,-89688000,-0.113,1.0,5844000,0.092,10286000,0,305936000,237825500,3108000,0,0,0,96514000,95452000,1062000,194681007,-170446000,3770000,0,3931000,0,-4189000,-130149000,0,-34108000,-2000000,-12805000,-12805000,-12805000,0,-292000,-0.201,17650000,-11806000,9433000,0.0,0.726,-15.204,-12.253,92237000,0,3.676,3.058,45.843,22751000,65645000,63668000,63668000,8084000,-0.032,-0.046,-0.05,-0.185,0,8371000,0.067,794003193,794003193,794003193,0.08,379560000,0,996000,1065000,0.478,-26359000
CNTF,MRY,2016-12-31,2016-12-31,2016-12-31,2018-04-28,16159000,383530000,386688000,86812000,296718000,0.158,0.326,-2118000,9244000,9244000,48506000,10159000,0.98,0.391,18366000,5761000,12605000,18366000,5138000,7670000,0,0.0,0.0,10132000,17802000,0.292,17802000,10132000,10132000,0.15,0.15,0.15,259046000,263689500,259046000,119926024,11,6.737,-10019000,-0.013,1.0,12452000,0.204,5751000,0,298333000,302134500,4646000,0,0,0,101173000,88568000,12605000,97976024,5849000,0,0,-724000,0,-724000,14999000,0,-7901000,-525000,10132000,10132000,10132000,0,27000,0.166,15875000,-3423000,6120000,0.0,0.378,9.67,12.333,118937000,0,1.85,1.607,24.097,28656000,75777000,60958000,60958000,6601000,0.026,0.038,0.034,0.166,0,7992000,0.067,794003193,794003193,794003193,0.077,377779000,0,0,896000,0.476,-1756000
CNTF,MRY,2017-12-31,2017-12-31,2017-12-31,2018-04-28,31120000,349467000,366498500,127153000,222314000,0.128,0.333,-40821000,735000,735000,37043000,-10218000,2.642,0.23,12663000,0,12663000,12663000,2520000,4659000,0,0.0,0.0,-9332000,-4673000,-0.1,-4673000,-9332000,-9332000,-0.15,-0.15,-0.15,264675000,261860500,264675000,154051473,-16,-32.966,-21380000,-0.027,1.0,9763000,0.209,3025000,0,310236000,304284500,212000,53794000,53794000,0,60797000,48134000,12663000,137113473,-5628000,0,0,-4462000,0,-4462000,-25164000,-51799000,19441000,4557000,-9332000,-9332000,-9332000,0,-886000,-0.199,15623000,-5860000,1826000,0.0,0.518,-14.693,-17.26,134468000,0,2.589,2.929,43.919,12253000,67136000,46806000,46806000,4242000,-0.025,-0.036,-0.031,-0.199,0,5138000,0.067,794003193,794003193,794003193,0.059,346442000,0,0,952000,0.436,79019000
