ticker,dimension,calendardate,datekey,reportperiod,lastupdated,accoci,assets,assetsavg,assetsc,assetsnc,assetturnover,bvps,capex,cashneq,cashnequsd,cor,consolinc,currentratio,de,debt,debtc,debtnc,debtusd,deferredrev,depamor,deposits,divyield,dps,ebit,ebitda,ebitdamargin,ebitdausd,ebitusd,ebt,eps,epsdil,epsusd,equity,equityavg,equityusd,ev,evebit,evebitda,fcf,fcfps,fxusd,gp,grossmargin,intangibles,intexp,invcap,invcapavg,inventory,investments,investmentsc,investmentsnc,liabilities,liabilitiesc,liabilitiesnc,marketcap,ncf,ncfbus,ncfcommon,ncfdebt,ncfdiv,ncff,ncfi,ncfinv,ncfo,ncfx,netinc,netinccmn,netinccmnusd,netincdis,netincnci,netmargin,opex,opinc,payables,payoutratio,pb,pe,pe1,ppnenet,prefdivis,price,ps,ps1,receivables,retearn,revenue,revenueusd,rnd,roa,roe,roic,ros,sbcomp,sgna,sharefactor,sharesbas,shareswa,shareswadil,sps,tangibles,taxassets,taxexp,taxliabilities,tbvps,workingcapital
COBZ,MRY,2011-12-31,2011-12-31,2011-12-31,2018-04-28,1084000,2423504000,2417754250,,,0.051,5.937,-2600000,59210000,59210000,0,33462000,,10.012,241098000,,,241098000,0,3748000,1918406000,0.007,0.04,22507000,26255000,0.213,26255000,22507000,22507000,0.76,0.76,0.76,220082000,208554500,220082000,462841232,20,17.629,36895000,0.995,1.0,123222000,1.0,3399000,0,2601993000,2616929750,0,2215103000,,,2203422000,,,213879232,35044000,0,468000,-23754000,-1472000,-5239000,788000,-21516000,39495000,0,28315000,28315000,28315000,-253000,5147000,0.23,91905000,31317000,0,0.053,0.972,7.554,7.592,8388000,0,5.77,1.736,1.736,0,-3571000,123222000,123222000,0,0.012,0.136,0.009,0.183,1494000,73582000,1.0,37067458,37067458,,3.324,2420105000,33018000,-5808000,0,65.289,
COBZ,MRY,2012-12-31,2012-12-31,2012-12-31,2018-04-28,4838000,2653641000,2550504250,,,0.05,6.47,-1973000,65893000,65893000,0,24570000,,9.323,221037000,,,221037000,0,4004000,2129260000,0.009,0.07,35013000,39017000,0.303,39017000,35013000,35013000,0.55,0.55,0.55,257051000,247786250,257051000,457533821,13,11.727,29539000,0.743,1.0,128670000,1.0,3573000,0,2805212000,2743154000,0,2451231000,,,2396590000,,,296795821,6683000,0,12582000,-20061000,-2747000,197708000,-222537000,-231250000,31512000,0,21755000,21755000,21755000,-324000,2815000,0.169,90869000,37801000,0,0.127,1.155,13.643,13.582,7091000,0,7.47,2.307,2.307,0,15437000,128670000,128670000,0,0.009,0.088,0.013,0.272,1965000,73406000,1.0,39731703,39731703,,3.238,2650068000,31561000,13258000,0,66.699,
COBZ,MRY,2013-12-31,2013-12-31,2013-12-31,2018-04-28,2730000,2800691000,2741976750,,,0.049,6.968,-1956000,76028000,76028000,0,27611000,,8.964,210660000,,,210660000,0,5908000,2279037000,0.01,0.12,40576000,46484000,0.349,46484000,40576000,40576000,0.66,0.66,0.66,281085000,271054500,281085000,619081862,15,13.318,24795000,0.615,1.0,133111000,1.0,2798000,0,2932525000,2936610000,0,2604105000,,,2519606000,,,482424862,10135000,0,1960000,-10377000,-4820000,135038000,-151654000,-165528000,26751000,0,26667000,26667000,26667000,679000,944000,0.2,90912000,42199000,0,0.182,1.716,18.091,18.121,6034000,0,11.96,3.624,3.624,0,37297000,133111000,133111000,0,0.01,0.098,0.014,0.305,2742000,74584000,1.0,40336527,40336527,,3.3,2797893000,26506000,13909000,0,69.364,
COBZ,MRY,2014-12-31,2014-12-31,2014-12-31,2018-04-28,4328000,3062166000,2992161000,,,0.046,7.587,-4226000,91565000,91565000,0,29007000,,8.917,234611000,,,234611000,0,3309000,2492291000,0.011,0.15,43451000,46760000,0.339,46760000,43451000,43451000,0.7,0.7,0.7,308769000,298779250,308769000,774546520,17,16.564,23045000,0.566,1.0,137952000,1.0,2526000,0,3202686000,3190583000,0,2857431000,,,2753397000,,,534319520,15537000,0,1570000,23951000,-6076000,231636000,-243370000,-245975000,27271000,0,28433000,28433000,28433000,-209000,574000,0.206,96733000,41219000,0,0.214,1.73,18.792,18.757,7250000,0,13.13,3.873,3.873,0,59019000,137952000,137952000,0,0.01,0.095,0.014,0.315,3141000,79108000,1.0,40694556,40694556,,3.39,3059640000,20008000,15018000,0,75.185,
COBZ,MRY,2015-12-31,2015-12-31,2015-12-31,2018-04-28,3283000,3351767000,3228964250,,,0.042,6.66,-1547000,67312000,67312000,0,26069000,,11.253,310656000,,,310656000,0,4112000,2741712000,0.013,0.17,35355000,39467000,0.29,39467000,35355000,35355000,0.63,0.62,0.63,273536000,295444750,273536000,760589872,21,19.272,32576000,0.793,1.0,135923000,1.0,1926000,0,3593185000,3398342750,0,3171331000,,,3078231000,,,551178872,-24253000,0,1733000,76264000,-6953000,261879000,-320255000,-321132000,34123000,0,25749000,25749000,25749000,71000,320000,0.189,100546000,35377000,0,0.27,2.015,21.406,21.302,6122000,0,13.42,4.055,4.055,0,77079000,135923000,135923000,0,0.008,0.087,0.01,0.26,3324000,82605000,1.0,41071451,41071451,,3.309,3349841000,22221000,9606000,0,81.561,
COBZ,MRY,2016-12-31,2016-12-31,2016-12-31,2018-04-28,566000,3630313000,3474331750,,,0.044,7.286,-9381000,96050000,96050000,0,34899000,,11.009,265146000,,,265146000,0,4446000,3029783000,0.011,0.19,47081000,51527000,0.338,51527000,47081000,47081000,0.84,0.84,0.84,302310000,290502500,302310000,800231892,16,15.53,34161000,0.823,1.0,152312000,1.0,1326000,0,3798083000,3655545000,0,3411199000,,,3328003000,,,700810892,28738000,0,2118000,-45590000,-7858000,235850000,-250654000,-238486000,43542000,0,34899000,34899000,34899000,0,0,0.229,105352000,46960000,0,0.226,2.318,20.081,20.107,11019000,0,16.89,4.601,4.601,0,103575000,152312000,152312000,0,0.01,0.12,0.013,0.309,3213000,86437000,1.0,41492652,41492652,,3.671,3628987000,19901000,12182000,0,87.461,
COBZ,MRY,2017-12-31,2017-12-31,2017-12-31,2018-04-28,-141000,3846272000,3804486750,,,0.042,7.797,-3267000,80180000,80180000,0,32918000,,10.681,261960000,,,261960000,0,5297000,3225220000,0.011,0.21,53396000,58693000,0.364,58693000,53396000,53396000,0.79,0.78,0.79,329284000,322013250,329284000,1058089966,19,18.028,42672000,1.01,1.0,161290000,1.0,726000,0,4027326000,4040115250,0,3647038000,,,3516988000,,,844244966,-15870000,0,1581000,-3270000,-8785000,183837000,-245646000,-244758000,45939000,0,32918000,32918000,32918000,0,0,0.204,108401000,52889000,0,0.266,2.564,25.647,25.304,10827000,0,19.99,5.234,5.234,0,126896000,161290000,161290000,0,0.009,0.102,0.013,0.331,3093000,89753000,1.0,42233365,42233365,,3.819,3845546000,13114000,20478000,0,91.055,
