ticker,dimension,calendardate,datekey,reportperiod,lastupdated,accoci,assets,assetsavg,assetsc,assetsnc,assetturnover,bvps,capex,cashneq,cashnequsd,cor,consolinc,currentratio,de,debt,debtc,debtnc,debtusd,deferredrev,depamor,deposits,divyield,dps,ebit,ebitda,ebitdamargin,ebitdausd,ebitusd,ebt,eps,epsdil,epsusd,equity,equityavg,equityusd,ev,evebit,evebitda,fcf,fcfps,fxusd,gp,grossmargin,intangibles,intexp,invcap,invcapavg,inventory,investments,investmentsc,investmentsnc,liabilities,liabilitiesc,liabilitiesnc,marketcap,ncf,ncfbus,ncfcommon,ncfdebt,ncfdiv,ncff,ncfi,ncfinv,ncfo,ncfx,netinc,netinccmn,netinccmnusd,netincdis,netincnci,netmargin,opex,opinc,payables,payoutratio,pb,pe,pe1,ppnenet,prefdivis,price,ps,ps1,receivables,retearn,revenue,revenueusd,rnd,roa,roe,roic,ros,sbcomp,sgna,sharefactor,sharesbas,shareswa,shareswadil,sps,tangibles,taxassets,taxexp,taxliabilities,tbvps,workingcapital
COR,MRY,2011-12-31,2011-12-31,2011-12-31,2018-04-28,-34000,808226000,814823500,,,0.212,11.649,-112559000,15919000,15919000,64168000,-10779000,,0.808,121864000,,,121864000,0,68967000,0,0.032,0.57,134000,69101000,0.4,69101000,134000,-5141000,-0.24,-0.24,-0.24,232808000,226213500,232808000,443404526,3308,6.417,-51353000,-2.619,1.0,108678000,0.629,77834000,5275000,836337000,799682000,0,0,,,188039000,,,353705526,-79618000,0,31000,-2749000,-23785000,-28265000,-112559000,0,61206000,0,-4611000,-4611000,-4611000,0,-6168000,-0.027,115768000,-7090000,42357000,-2.375,1.519,-76.709,-74.25,674168000,0,17.82,2.046,2.022,6562000,-23545000,172846000,172846000,0,-0.006,-0.02,0.0,0.001,2958000,27590000,1.0,19848795,19609375,19609375,8.814,730392000,0,-530000,0,36.546,
COR,MRY,2012-12-31,2012-12-31,2012-12-31,2018-04-28,0,845332000,825176000,,,0.251,16.413,-81221000,8130000,8130000,70000000,10716000,,0.398,59750000,,,59750000,0,64327000,0,0.029,0.81,11388000,75715000,0.366,75715000,11388000,6152000,0.22,0.22,0.22,338229000,257074750,338229000,724764520,63,9.572,-12573000,-0.612,1.0,136934000,0.662,60644000,5236000,836308000,869446250,0,0,,,134559000,,,584136520,1502000,-2581000,1564000,-62114000,-33101000,16656000,-83802000,0,68648000,0,5048000,4608000,4608000,0,5668000,0.022,119891000,17043000,54953000,3.682,1.727,126.766,125.727,724075000,440000,27.66,2.823,2.745,9901000,-35987000,206934000,206934000,0,0.006,0.018,0.013,0.055,5650000,36240000,1.0,21118457,20537946,20992290,10.076,784688000,0,1104000,0,38.078,
COR,MRY,2013-12-31,2013-12-31,2013-12-31,2018-04-28,0,1016494000,945210750,,,0.248,15.885,-192580000,5313000,5313000,72718000,31612000,,0.987,232500000,,,232500000,0,65785000,0,0.036,1.16,21931000,87716000,0.374,87716000,21931000,19242000,0.5,0.49,0.5,332410000,334825500,332410000,854249044,38,9.739,-94857000,-4.555,1.0,162115000,0.69,52219000,2689000,1191462000,1046793000,0,0,,,328187000,,,688326044,-2817000,-21889000,925000,172750000,-57098000,113929000,-214469000,0,97723000,0,18841000,10503000,10503000,0,12771000,0.045,127445000,34670000,58624000,2.32,2.071,65.536,64.38,892821000,8338000,32.19,2.931,2.855,10339000,-50264000,234833000,234833000,0,0.011,0.031,0.021,0.093,6770000,41722000,1.0,21383226,20826622,21503212,11.276,964275000,0,401000,0,46.081,
COR,MRY,2014-12-31,2014-12-31,2014-12-31,2018-04-28,-125000,1074604000,1057557250,,,0.258,15.141,-106192000,10662000,10662000,82697000,40052000,,1.29,317679000,,,317679000,0,80722000,0,0.038,1.47,28114000,108836000,0.4,108836000,28114000,22803000,0.68,0.66,0.68,322587000,326376750,322587000,1143810920,40,10.509,-6676000,-0.315,1.0,189723000,0.696,48303000,5311000,1333318000,1287481500,0,0,,,416263000,,,847828920,5349000,0,2354000,86000000,-73772000,12025000,-106192000,0,99516000,0,22765000,14427000,14427000,0,17287000,0.053,145536000,44187000,51448000,2.162,2.628,58.767,57.426,930570000,8338000,39.05,3.112,3.033,10290000,-67538000,272420000,272420000,0,0.014,0.044,0.022,0.103,6125000,42396000,1.0,21711368,21161614,21740707,12.873,1026301000,0,38000,0,48.171,
COR,MRY,2015-12-31,2015-12-31,2015-12-31,2018-04-28,-493000,1162543000,1115556000,,,0.299,14.455,-127533000,6854000,6854000,101949000,56859000,,1.289,391007000,,,391007000,0,95702000,0,0.032,1.79,41967000,137669000,0.413,137669000,41967000,34869000,1.05,1.03,1.05,416117000,369819250,416117000,1861992773,44,13.525,15040000,0.596,1.0,231343000,0.694,45905000,7098000,1500791000,1419146000,0,0,,,536238000,,,1511219773,-3808000,0,1393000,73750000,-87420000,-18848000,-127533000,0,142573000,0,34706000,26368000,26368000,0,22153000,0.079,167259000,64084000,83717000,1.705,3.632,57.313,54.019,1010916000,8338000,56.72,4.534,4.292,12235000,-88891000,333292000,333292000,0,0.024,0.071,0.03,0.126,7114000,50109000,1.0,26643508,25218500,25706568,13.216,1116638000,0,163000,0,38.79,
COR,MRY,2016-12-31,2016-12-31,2016-12-31,2018-04-28,-101000,1451303000,1331321500,,,0.301,13.03,-299237000,4429000,4429000,121462000,81921000,,1.96,690450000,,,690450000,0,108652000,0,0.03,2.39,71405000,180057000,0.45,180057000,71405000,58828000,1.56,1.54,1.56,435726000,434509000,435726000,3274954452,45,18.188,-128712000,-3.986,1.0,278890000,0.697,51104000,12577000,2086220000,1839915500,0,0,,,854217000,,,2690258452,-2425000,-64965000,1290000,301750000,-108807000,191252000,-364202000,0,170525000,0,58709000,50371000,50371000,0,23212000,0.126,184273000,94617000,80213000,1.532,6.174,53.409,50.878,1274273000,8338000,79.37,6.72,6.401,25125000,-118038000,400352000,400352000,0,0.038,0.116,0.039,0.178,8892000,52864000,1.0,33895155,32289414,32732059,12.399,1400199000,0,119000,0,41.872,
COR,MRY,2017-12-31,2017-12-31,2017-12-31,2018-04-28,753000,1625643000,1515924000,,,0.318,8.291,-173964000,5247000,5247000,147733000,100491000,,4.295,939570000,,,939570000,0,129251000,0,0.031,3.58,99176000,228427000,0.474,228427000,99176000,75029000,1.85,1.84,1.85,281020000,384835500,281020000,4684212305,47,20.506,35392000,1.047,1.0,334088000,0.693,46960000,24147000,2513006000,2263431250,0,0,,,1206999000,,,3900107305,818000,0,4820000,250500000,-172484000,-34574000,-173964000,0,209356000,0,74855000,62605000,62605000,0,25636000,0.13,209276000,124812000,77170000,1.935,13.878,62.297,61.568,1348076000,12250000,113.9,8.095,7.988,28875000,-177566000,481821000,481821000,0,0.041,0.163,0.044,0.206,8946000,55724000,1.0,34241504,33792759,34058949,14.258,1578683000,0,174000,0,46.577,
