ticker,dimension,calendardate,datekey,reportperiod,lastupdated,accoci,assets,assetsavg,assetsc,assetsnc,assetturnover,bvps,capex,cashneq,cashnequsd,cor,consolinc,currentratio,de,debt,debtc,debtnc,debtusd,deferredrev,depamor,deposits,divyield,dps,ebit,ebitda,ebitdamargin,ebitdausd,ebitusd,ebt,eps,epsdil,epsusd,equity,equityavg,equityusd,ev,evebit,evebitda,fcf,fcfps,fxusd,gp,grossmargin,intangibles,intexp,invcap,invcapavg,inventory,investments,investmentsc,investmentsnc,liabilities,liabilitiesc,liabilitiesnc,marketcap,ncf,ncfbus,ncfcommon,ncfdebt,ncfdiv,ncff,ncfi,ncfinv,ncfo,ncfx,netinc,netinccmn,netinccmnusd,netincdis,netincnci,netmargin,opex,opinc,payables,payoutratio,pb,pe,pe1,ppnenet,prefdivis,price,ps,ps1,receivables,retearn,revenue,revenueusd,rnd,roa,roe,roic,ros,sbcomp,sgna,sharefactor,sharesbas,shareswa,shareswadil,sps,tangibles,taxassets,taxexp,taxliabilities,tbvps,workingcapital
COTY,MRY,2011-12-31,2011-06-30,2011-06-30,2018-05-09,200000,6813900000,,2087100000,4726800000,,4.134,-82000000,510800000,510800000,1640000000,89900000,1.14,3.931,2622400000,47300000,2575100000,2622400000,0,213400000,0,,0.0,248300000,461700000,0.113,461700000,248300000,156800000,0.19,0.18,0.19,1361900000,,1361900000,,,,335500000,1.019,1.0,2446100000,0.599,4222800000,91500000,2871200000,,677300000,0,0,0,5353900000,1831500000,3522400000,,123300000,-2170500000,778500000,1196900000,-35300000,1903800000,-2252500000,0,417500000,54500000,61700000,61700000,61700000,0,28200000,0.015,2165200000,280900000,676900000,0.0,,,,463000000,0,,,,597900000,-65900000,4086100000,4086100000,0,,,,0.061,88500000,2034200000,1.0,,329400000,339100000,12.405,2591100000,92300000,95100000,480700000,7.866,255600000
COTY,MRY,2012-12-31,2012-06-30,2012-06-30,2018-05-09,-147200000,6183400000,6498650000,2138500000,4044900000,0.71,2.298,-174800000,609400000,609400000,1824000000,-293300000,1.118,5.886,2460300000,190100000,2270200000,2460300000,0,246000000,0,,0.0,-272600000,-26600000,-0.006,-26600000,-272600000,-362200000,-0.87,-0.87,-0.87,857200000,1109550000,857200000,,,,414500000,1.111,1.0,2787300000,0.604,3524400000,89600000,2596900000,2734050000,648300000,0,0,0,5045900000,1913000000,3132900000,,98600000,-159100000,127000000,-161800000,0,-97700000,-333900000,0,589300000,-59100000,-324400000,-324400000,-324400000,0,31100000,-0.07,2996800000,-209500000,694600000,0.0,,,,465800000,0,,,,580500000,-390300000,4611300000,4611300000,0,-0.05,-0.292,-0.1,-0.059,142600000,2309700000,1.0,,373000000,373000000,12.363,2659000000,87700000,-37800000,334000000,7.129,225500000
COTY,MRY,2013-12-31,2013-06-30,2013-06-30,2018-05-09,-118600000,6470000000,6326700000,2416900000,4053100000,0.735,3.899,-193900000,920400000,920400000,1860300000,201900000,1.652,3.249,2630200000,40100000,2590100000,2630200000,0,259600000,0,0.0,0.0,361300000,620900000,0.134,620900000,361300000,284800000,0.44,0.42,0.44,1494000000,1175600000,1494000000,8450631136,23,13.61,270000000,0.707,1.0,2788800000,0.6,3499800000,76500000,3216800000,2906850000,608200000,0,0,0,4854500000,1463200000,3391300000,6599731136,311000000,-61000000,-1300000,168400000,-57400000,69000000,-229900000,0,463900000,8000000,168000000,168000000,168000000,0,33900000,0.036,2413700000,375100000,711700000,0.0,4.417,39.284,39.045,500700000,0,17.18,1.42,1.411,622700000,-329000000,4649100000,4649100000,0,0.027,0.143,0.124,0.078,144400000,2283700000,1.0,384151987,381700000,396400000,12.18,2970200000,83600000,116800000,360300000,7.751,953700000
COTY,MRY,2014-12-31,2014-06-30,2014-06-30,2018-05-09,-85100000,6592500000,6674675000,2784800000,3807700000,0.682,2.253,-201500000,1238000000,1238000000,1865700000,-64200000,1.743,6.674,3293500000,33400000,3260100000,3293500000,0,250700000,0,0.012,0.2,-8800000,241900000,0.053,241900000,-8800000,-77300000,-0.26,-0.26,-0.26,843800000,1368225000,843800000,8097484972,-920,33.475,335000000,0.878,1.0,2685900000,0.59,3179900000,68500000,3870800000,3432700000,617400000,0,0,0,5631900000,1597300000,4034600000,6499584972,317600000,-59500000,-78400000,193400000,-76900000,-5700000,-257600000,0,536500000,44400000,-97400000,-97400000,-97400000,0,33200000,-0.021,2660200000,25700000,810200000,-0.769,7.703,-66.731,-65.885,540300000,0,17.13,1.428,1.437,664800000,-426400000,4551600000,4551600000,0,-0.015,-0.071,-0.003,-0.002,46800000,2219600000,1.0,379427027,381700000,381700000,11.925,3412600000,74800000,20100000,303400000,9.112,1187500000
COTY,MRY,2015-12-31,2015-06-30,2015-06-30,2018-05-09,-274000000,6018900000,6235750000,1856400000,4162500000,0.705,2.69,-170900000,341300000,341300000,1757000000,259400000,1.216,5.102,2634700000,28800000,2605900000,2634700000,0,230900000,0,0.006,0.2,279400000,510300000,0.116,510300000,279400000,206400000,0.66,0.64,0.66,969800000,699675000,969800000,13960681400,49,27.358,355400000,1.006,1.0,2638200000,0.6,3444300000,73000000,3341800000,3504500000,557800000,0,0,0,4947900000,1526200000,3421700000,11518381400,-896700000,-19100000,-244100000,-737900000,-71000000,-1138200000,-171200000,0,526300000,-113600000,232500000,232500000,232500000,0,26900000,0.053,2243100000,395100000,748400000,0.303,11.877,49.541,48.439,500200000,0,31.97,2.621,2.57,679600000,-193900000,4395200000,4395200000,0,0.037,0.332,0.08,0.064,30600000,2066100000,1.0,360287188,353300000,362900000,12.44,2574600000,97100000,-26100000,382400000,7.142,330200000
COTY,MRY,2016-12-31,2016-06-30,2016-06-30,2018-05-09,-239700000,7035600000,6682300000,1938400000,5097200000,0.651,1.064,-150100000,372400000,372400000,1746000000,179200000,1.045,18.31,4098200000,161800000,3936400000,4098200000,0,232000000,0,0.01,0.25,198400000,430400000,0.099,430400000,198400000,116500000,0.45,0.44,0.45,360200000,520975000,360200000,12576773755,63,29.221,351300000,1.017,1.0,2603100000,0.599,4262800000,81900000,4643400000,4365600000,565800000,0,0,0,6595200000,1855200000,4740000000,8812873754,31100000,-908700000,-750200000,1533000000,-89000000,592600000,-1059200000,-29600000,501400000,-3700000,156900000,156900000,156900000,0,22300000,0.036,2348900000,254200000,921400000,0.556,24.467,56.169,57.756,638600000,0,25.99,2.026,2.065,682900000,-37000000,4349100000,4349100000,0,0.023,0.301,0.045,0.046,22200000,2027800000,1.0,339087101,345500000,354200000,12.588,2772800000,126200000,-40400000,362800000,8.189,83200000
COTY,MRY,2017-12-31,2017-06-30,2017-06-30,2018-05-09,4400000,22548200000,18601475000,3581500000,18966700000,0.411,12.461,-432300000,570700000,570700000,3028500000,-398500000,0.942,1.361,7137400000,209100000,6928300000,7137400000,0,555100000,0,0.035,0.65,-463100000,92000000,0.012,92000000,-463100000,-681700000,-0.66,-0.66,-0.66,9314700000,7242125000,9314700000,20335995108,-43,221.043,325200000,0.506,1.0,4621800000,0.604,16980700000,218600000,8330600000,7561875000,1052600000,0,0,0,12679400000,3803600000,8875800000,14025695108,198300000,-742600000,-13500000,1059000000,-372600000,595200000,-1163600000,0,757500000,9200000,-422200000,-422200000,-422200000,0,23700000,-0.055,5059600000,-437800000,1732100000,-0.985,1.506,-33.221,-28.424,1632100000,0,18.76,1.833,1.576,1470300000,-459200000,7650300000,7650300000,0,-0.023,-0.058,-0.061,-0.061,24600000,4060000000,1.0,747638332,642800000,642800000,11.902,5567500000,72600000,-259500000,990900000,7.448,-222100000
