ticker,dimension,calendardate,datekey,reportperiod,lastupdated,accoci,assets,assetsavg,assetsc,assetsnc,assetturnover,bvps,capex,cashneq,cashnequsd,cor,consolinc,currentratio,de,debt,debtc,debtnc,debtusd,deferredrev,depamor,deposits,divyield,dps,ebit,ebitda,ebitdamargin,ebitdausd,ebitusd,ebt,eps,epsdil,epsusd,equity,equityavg,equityusd,ev,evebit,evebitda,fcf,fcfps,fxusd,gp,grossmargin,intangibles,intexp,invcap,invcapavg,inventory,investments,investmentsc,investmentsnc,liabilities,liabilitiesc,liabilitiesnc,marketcap,ncf,ncfbus,ncfcommon,ncfdebt,ncfdiv,ncff,ncfi,ncfinv,ncfo,ncfx,netinc,netinccmn,netinccmnusd,netincdis,netincnci,netmargin,opex,opinc,payables,payoutratio,pb,pe,pe1,ppnenet,prefdivis,price,ps,ps1,receivables,retearn,revenue,revenueusd,rnd,roa,roe,roic,ros,sbcomp,sgna,sharefactor,sharesbas,shareswa,shareswadil,sps,tangibles,taxassets,taxexp,taxliabilities,tbvps,workingcapital
CPWR,MRY,2011-12-31,2011-03-31,2011-03-31,2017-04-10,-741000,2038377000,1949857000,742740000,1295637000,0.476,4.355,-34604000,180244000,180244000,289115000,107441000,1.24,1.14,0,0,0,0,856156000,50332000,0,0.0,0.0,154776000,205108000,0.221,205108000,154776000,154776000,0.49,0.48,0.49,952612000,930598750,952612000,2344514815,15,11.431,125432000,0.573,1.0,639815000,0.689,690766000,0,568532000,570320000,0,0,0,0,1085765000,598835000,486930000,2426377815,30347000,-18165000,-81645000,0,0,-81645000,-52769000,0,160036000,4725000,107441000,107441000,107441000,0,0,0.116,489501000,150314000,18931000,0.0,2.547,22.583,22.636,333166000,0,11.091,2.612,2.612,681366000,297067000,928930000,928930000,90330000,0.055,0.115,0.271,0.167,18768000,399171000,1.0,218760115,218760115,,4.246,1347611000,83325000,47335000,77420000,6.16,143905000
CPWR,MRY,2012-12-31,2012-03-31,2012-03-31,2017-04-10,-10550000,2167538000,2113455750,641358000,1526180000,0.361,4.804,-46702000,99180000,99180000,188868000,88371000,1.093,1.064,45000000,0,45000000,45000000,820409000,60551000,0,0.0,0.0,113537000,174088000,0.228,174088000,113537000,110376000,0.4,0.4,0.4,1049937000,1010742750,1049937000,1956706516,17,11.24,132939000,0.608,1.0,574623000,0.753,920862000,3161000,605524000,613204250,0,0,0,0,1117601000,586972000,530629000,1928907516,-81064000,-249337000,-6579000,45000000,0,38421000,-296939000,0,179641000,-2187000,88371000,88371000,88371000,0,0,0.116,490810000,83813000,16169000,0.0,1.837,21.827,22.063,321991000,0,8.825,2.526,2.526,661296000,372408000,763491000,763491000,94233000,0.042,0.087,0.185,0.149,24724000,396577000,1.0,218569127,218569127,,3.493,1246676000,93144000,22005000,86080000,5.704,54386000
CPWR,MRY,2013-12-31,2013-03-31,2013-03-31,2017-04-10,-18784000,1973282000,2027784250,593239000,1380043000,0.357,4.704,-56071000,89873000,89873000,195946000,-17251000,1.069,0.977,18000000,0,18000000,18000000,728315000,65919000,0,0.0,0.0,522000,66441000,0.092,66441000,522000,-1334000,-0.08,-0.08,-0.08,998226000,1034241000,998226000,2550463054,4885,38.387,76341000,0.36,1.0,527958000,0.729,838705000,1856000,507624000,575804500,0,0,0,0,975056000,555080000,419976000,2545347054,-9307000,0,-55518000,-27000000,0,-83232000,-55259000,0,132412000,-3228000,-17251000,-17251000,-17251000,0,0,-0.024,485554000,42404000,18717000,0.0,2.55,-147.548,-149.928,302492000,0,11.994,3.516,3.516,599478000,301298000,723904000,723904000,95356000,-0.009,-0.017,0.001,0.001,31677000,374447000,1.0,212214825,212214825,,3.411,1134577000,74323000,15917000,78157000,5.346,38159000
CPWR,MRY,2014-12-31,2014-03-31,2014-03-31,2017-04-10,-6915000,1997109000,1975558250,752554000,1244555000,0.365,5.046,-38978000,300059000,300059000,223920000,68125000,1.4,0.814,0,0,0,0,685123000,63427000,0,0.05,0.5,85631000,149058000,0.207,149058000,85631000,84527000,0.33,0.32,0.33,1101034000,1070210750,1101034000,2091068282,24,14.029,122548000,0.562,1.0,496836000,0.689,747308000,1104000,412388000,497806000,0,0,0,0,896075000,537354000,358721000,2199965282,210186000,112000000,31701000,-18000000,-108171000,-27434000,76440000,0,161526000,-346000,71583000,71583000,71583000,-29926000,-3458000,0.099,448981000,47855000,14251000,1.515,1.998,30.733,30.555,287013000,0,10.083,3.052,3.052,554107000,257236000,720756000,720756000,86181000,0.036,0.067,0.172,0.119,40881000,350810000,1.0,218183424,218183424,,3.303,1249801000,56546000,12944000,69484000,5.728,215200000
