ticker,dimension,calendardate,datekey,reportperiod,lastupdated,accoci,assets,assetsavg,assetsc,assetsnc,assetturnover,bvps,capex,cashneq,cashnequsd,cor,consolinc,currentratio,de,debt,debtc,debtnc,debtusd,deferredrev,depamor,deposits,divyield,dps,ebit,ebitda,ebitdamargin,ebitdausd,ebitusd,ebt,eps,epsdil,epsusd,equity,equityavg,equityusd,ev,evebit,evebitda,fcf,fcfps,fxusd,gp,grossmargin,intangibles,intexp,invcap,invcapavg,inventory,investments,investmentsc,investmentsnc,liabilities,liabilitiesc,liabilitiesnc,marketcap,ncf,ncfbus,ncfcommon,ncfdebt,ncfdiv,ncff,ncfi,ncfinv,ncfo,ncfx,netinc,netinccmn,netinccmnusd,netincdis,netincnci,netmargin,opex,opinc,payables,payoutratio,pb,pe,pe1,ppnenet,prefdivis,price,ps,ps1,receivables,retearn,revenue,revenueusd,rnd,roa,roe,roic,ros,sbcomp,sgna,sharefactor,sharesbas,shareswa,shareswadil,sps,tangibles,taxassets,taxexp,taxliabilities,tbvps,workingcapital
CRAI,MRY,2011-12-31,2011-12-31,2011-12-31,2018-05-08,-6338000,372107000,366947000,189924000,182183000,0.832,25.429,-8246000,61587000,61587000,199383000,16945000,2.308,0.386,2281000,650000,1631000,2281000,7707000,5103000,0,0.0,0.0,28897000,34000000,0.111,34000000,28897000,27989000,1.6,1.57,1.6,268407000,266507000,268407000,173668155,6,5.108,21785000,2.064,1.0,105845000,0.347,143126000,908000,87402000,102342250,0,14495000,14495000,0,103700000,82273000,21427000,210912155,-25918000,-844000,-8434000,-22214000,0,-31778000,-23521000,-14431000,30031000,-650000,16851000,16851000,16851000,0,94000,0.055,76781000,29064000,10469000,0.0,0.786,12.516,12.4,21611000,0,19.84,0.691,0.686,84720000,175600000,305228000,305228000,0,0.046,0.063,0.282,0.095,5720000,71752000,1.0,10630653,10555000,10739000,28.918,228981000,21003000,11138000,8659000,21.694,107651000
CRAI,MRY,2012-12-31,2012-12-29,2012-12-29,2018-05-08,-4388000,292010000,333039250,171677000,120333000,0.812,21.168,-2732000,55451000,55451000,182381000,-52843000,2.481,0.376,1698000,691000,1007000,1698000,6748000,5841000,0,0.0,0.0,-57870000,-52029000,-0.192,-52029000,-57870000,-58170000,-5.21,-5.21,-5.21,212234000,253270750,212234000,149700068,-2,-2.877,-11257000,-1.107,1.0,88009000,0.325,72599000,300000,96448000,100387250,0,0,0,0,79776000,69210000,10566000,190305068,-6136000,0,-8415000,-650000,0,-10344000,12752000,15484000,-8525000,-19000,-52990000,-52990000,-52990000,0,147000,-0.196,145819000,-57810000,9766000,0.0,0.897,-3.591,-3.608,17980000,0,18.8,0.704,0.707,77270000,122610000,270390000,270390000,0,-0.159,-0.209,-0.576,-0.214,4866000,67235000,1.0,10122610,10167000,10167000,26.595,219411000,24038000,-5180000,2420000,21.884,102467000
CRAI,MRY,2013-12-31,2013-12-28,2013-12-28,2018-05-08,-3424000,320304000,301938500,162963000,157341000,0.922,22.303,-2816000,51251000,51251000,189262000,11235000,1.853,0.426,1007000,0,1007000,1007000,6098000,6460000,0,0.0,0.0,18627000,25087000,0.09,25087000,18627000,18053000,1.13,1.12,1.13,224637000,219200250,224637000,193616723,10,7.718,15632000,1.55,1.0,89170000,0.32,86110000,574000,95990000,117958250,0,0,0,0,95667000,87960000,7707000,210511723,-4200000,-15591000,-1983000,-1820000,0,-4526000,-18393000,14000,18448000,271000,11370000,11370000,11370000,0,-135000,0.041,70653000,18517000,13766000,0.0,0.937,18.515,18.327,15655000,0,20.71,0.756,0.75,82131000,133980000,278432000,278432000,0,0.038,0.052,0.158,0.067,3028000,64242000,1.0,10164738,10084000,10173000,27.611,234194000,18761000,6683000,1585000,23.252,75003000
CRAI,MRY,2014-12-31,2015-01-03,2015-01-03,2018-05-08,-6704000,313472000,308710500,144529000,168943000,0.992,23.057,-4192000,48199000,48199000,206813000,13407000,1.637,0.46,981000,0,981000,981000,6220000,6438000,0,0.0,0.0,23977000,30415000,0.099,30415000,23977000,23546000,1.4,1.38,1.4,214704000,223969000,214704000,245610130,10,8.075,25958000,2.663,1.0,99558000,0.325,87060000,431000,90921000,106818000,0,45356000,2449000,42907000,98768000,88273000,10495000,289313130,-3052000,-1784000,-25023000,-26000,0,-25879000,-5862000,114000,30150000,-1461000,13638000,13638000,13638000,0,-231000,0.045,75517000,24041000,13700000,0.0,1.347,21.214,21.686,14696000,0,30.36,0.944,0.966,83165000,147618000,306371000,306371000,0,0.044,0.061,0.224,0.078,5227000,69074000,1.0,9529418,9747000,9897000,31.432,226412000,19272000,9908000,1608000,24.314,56256000
CRAI,MRY,2015-12-31,2016-01-02,2016-01-02,2018-05-08,-9250000,313717000,302614500,140794000,172923000,1.003,23.782,-17975000,38139000,38139000,207650000,6325000,1.628,0.486,75000,75000,0,75000,5730000,6542000,0,0.0,0.0,13685000,20227000,0.067,20227000,13685000,13147000,0.84,0.83,0.84,211068000,213603750,211068000,146330757,10,7.234,2449000,0.272,1.0,95909000,0.316,80561000,538000,108634000,121458500,0,44685000,4402000,40283000,102649000,86458000,16191000,167258757,-10060000,0,-12204000,-300000,0,-13044000,-16496000,1479000,20424000,-944000,7657000,7657000,7657000,0,-1332000,0.025,83515000,12394000,13652000,0.0,0.792,21.844,22.202,31338000,0,18.65,0.551,0.554,86377000,155275000,303559000,303559000,0,0.025,0.036,0.113,0.045,5663000,72439000,1.0,8968298,9010000,9195000,33.691,233156000,18856000,5490000,0,26.271,54336000
CRAI,MRY,2016-12-31,2016-12-31,2016-12-31,2018-05-08,-13818000,323642000,306921250,170511000,153131000,1.058,25.14,-13023000,53530000,53530000,227380000,14233000,1.812,0.557,0,0,0,0,3021000,7875000,0,0.004,0.14,21013000,28888000,0.089,28888000,21013000,20544000,1.5,1.49,1.5,207883000,208432750,207883000,277630345,13,9.611,35140000,4.133,1.0,97399000,0.3,77449000,469000,98563000,122356500,0,33962000,5897000,28065000,115759000,94100000,21659000,302814345,15391000,1100000,-16462000,-75000,-1166000,-19190000,-11923000,0,48163000,-1659000,12888000,12888000,12888000,0,1345000,0.04,78480000,18919000,13729000,0.093,1.457,23.496,24.4,36381000,0,36.6,0.932,0.958,91789000,166914000,324779000,324779000,0,0.042,0.062,0.172,0.065,6474000,70584000,1.0,8273616,8503000,8601000,38.196,246193000,10049000,7656000,122000,29.773,76411000
CRAI,MRY,2017-12-31,2017-12-30,2017-12-30,2018-05-08,-9896000,361757000,333234000,184281000,177476000,1.111,25.358,-9757000,54035000,54035000,258829000,7701000,1.511,0.746,0,0,0,0,6896000,8859000,0,0.013,0.59,15571000,24430000,0.066,24430000,15571000,15087000,0.91,0.89,0.91,207229000,209960250,207229000,343606618,22,14.065,36101000,4.354,1.0,111246000,0.301,98208000,484000,87533000,113170750,0,28628000,5540000,23088000,154528000,121981000,32547000,364505618,505000,-15913000,-13108000,0,-5062000,-21851000,-25670000,0,45858000,2168000,7624000,7624000,7624000,0,77000,0.021,95482000,15764000,18473000,0.648,1.759,47.81,49.396,44643000,0,44.95,0.985,1.007,113333000,169390000,370075000,370075000,0,0.023,0.036,0.138,0.042,6616000,86537000,1.0,8109135,8292000,8497000,44.63,263549000,8713000,7463000,365000,32.25,62300000
