ticker,dimension,calendardate,datekey,reportperiod,lastupdated,accoci,assets,assetsavg,assetsc,assetsnc,assetturnover,bvps,capex,cashneq,cashnequsd,cor,consolinc,currentratio,de,debt,debtc,debtnc,debtusd,deferredrev,depamor,deposits,divyield,dps,ebit,ebitda,ebitdamargin,ebitdausd,ebitusd,ebt,eps,epsdil,epsusd,equity,equityavg,equityusd,ev,evebit,evebitda,fcf,fcfps,fxusd,gp,grossmargin,intangibles,intexp,invcap,invcapavg,inventory,investments,investmentsc,investmentsnc,liabilities,liabilitiesc,liabilitiesnc,marketcap,ncf,ncfbus,ncfcommon,ncfdebt,ncfdiv,ncff,ncfi,ncfinv,ncfo,ncfx,netinc,netinccmn,netinccmnusd,netincdis,netincnci,netmargin,opex,opinc,payables,payoutratio,pb,pe,pe1,ppnenet,prefdivis,price,ps,ps1,receivables,retearn,revenue,revenueusd,rnd,roa,roe,roic,ros,sbcomp,sgna,sharefactor,sharesbas,shareswa,shareswadil,sps,tangibles,taxassets,taxexp,taxliabilities,tbvps,workingcapital
CRI,MRY,2011-12-31,2011-12-31,2011-12-31,2018-04-26,-11282000,1402709000,1314419750,782147000,620562000,1.605,13.751,-45485000,233494000,233494000,1417456000,114016000,5.12,0.741,236000000,0,236000000,236000000,0,32735000,0,0.0,0.0,188437000,221172000,0.105,221172000,188437000,180888000,1.96,1.94,1.96,805709000,755800250,805709000,2487019454,13,11.245,35589000,0.607,1.0,692278000,0.328,495113000,7549000,757349000,771185750,347215000,0,0,0,597000000,152753000,444247000,2332653454,-13888000,-61207000,6786000,0,0,11505000,-106692000,0,81074000,225000,114016000,114016000,114016000,0,0,0.054,504812000,187466000,102804000,0.0,2.895,20.459,20.311,122346000,0,39.81,1.106,1.106,157754000,584667000,2109734000,2109734000,0,0.087,0.151,0.244,0.089,9644000,542086000,1.0,58594661,58594661,,36.006,907596000,25165000,66872000,114421000,15.489,629394000
CRI,MRY,2012-12-31,2012-12-29,2012-12-29,2018-04-26,-11205000,1630109000,1502707000,957703000,672406000,1.585,16.694,-83392000,382236000,382236000,1443786000,161150000,3.921,0.654,186000000,0,186000000,186000000,0,39848000,0,0.0,0.0,262156000,302004000,0.127,302004000,262156000,255391000,2.73,2.69,2.73,985479000,907225000,985479000,3133637923,11,10.376,195227000,3.307,1.0,937948000,0.394,495821000,6765000,693817000,728418000,349530000,0,0,0,644630000,244235000,400395000,3201958923,148742000,0,5685000,-51916000,0,-46317000,-83392000,0,278619000,-168000,161150000,161150000,161150000,0,0,0.068,675962000,261986000,149625000,0.0,3.249,19.869,19.868,170110000,0,54.24,1.344,1.344,168046000,745817000,2381734000,2381734000,0,0.107,0.178,0.36,0.11,13049000,713211000,1.0,59033166,59033166,,40.346,1134288000,35675000,94241000,114341000,19.214,713468000
CRI,MRY,2013-12-31,2013-12-28,2013-12-28,2018-04-26,-10082000,1812484000,1712368250,970381000,842103000,1.541,12.851,-182525000,286546000,286546000,1543332000,160407000,3.606,1.587,586000000,0,586000000,586000000,0,54915000,0,0.007,0.48,262902000,317817000,0.12,317817000,262902000,249465000,2.78,2.75,2.78,700731000,850944750,700731000,4259336286,16,13.402,27171000,0.498,1.0,1095379000,0.415,516335000,13437000,1326464000,1043240250,417754000,0,0,0,1111753000,269139000,842614000,3875155286,-95690000,0,-441221000,393011000,-27715000,-84658000,-220532000,0,209696000,-196000,160407000,160407000,160407000,0,0,0.061,831228000,264151000,164010000,0.173,5.53,24.158,25.565,307885000,0,71.07,1.469,1.469,193611000,705936000,2638711000,2638711000,0,0.094,0.189,0.252,0.1,16040000,868480000,1.0,54525894,54525894,,48.394,1296149000,37313000,89058000,121434000,23.771,701242000
CRI,MRY,2014-12-31,2015-01-03,2015-01-03,2018-04-26,-23037000,1893096000,1815337000,1041458000,851638000,1.594,14.87,-101182000,340638000,340638000,1709428000,194670000,4.2,1.406,586000000,0,586000000,586000000,0,58487000,0,0.009,0.76,330559000,389046000,0.134,389046000,330559000,302906000,3.65,3.62,3.65,786684000,746946750,786684000,5002228634,15,12.858,181215000,3.425,1.0,1184440000,0.409,499272000,27653000,1391215000,1437274250,444844000,0,0,0,1106412000,247971000,858441000,4549874634,54092000,0,-73035000,-177000,-40477000,-122438000,-104732000,0,282397000,-1135000,194670000,194670000,194670000,0,0,0.067,851095000,333345000,150243000,0.208,5.784,23.372,23.562,333097000,0,86.0,1.572,1.572,184563000,809194000,2893868000,2893868000,0,0.107,0.261,0.23,0.114,17598000,890251000,1.0,52905519,52905519,,54.699,1393824000,36625000,108236000,121536000,26.346,793487000
CRI,MRY,2015-12-31,2016-01-02,2016-01-02,2018-04-26,-36367000,2003654000,1929209750,1130608000,873046000,1.562,16.831,-103425000,381209000,381209000,1755855000,237822000,4.304,1.29,578972000,0,578972000,578972000,0,68399000,0,0.01,0.88,395219000,463618000,0.154,463618000,395219000,368188000,4.55,4.5,4.55,875051000,831661500,875051000,4925725181,12,10.625,204562000,3.935,1.0,1258024000,0.417,485722000,27031000,1452977000,1458511500,469934000,0,0,0,1128603000,262718000,865885000,4628707181,40571000,0,-103314000,-1279000,-46028000,-162005000,-103425000,0,307987000,-1986000,237822000,237822000,237822000,0,0,0.079,865167000,392857000,157648000,0.193,5.29,19.463,19.567,371704000,0,89.03,1.536,1.536,207570000,910900000,3013879000,3013879000,0,0.123,0.286,0.271,0.131,17029000,909233000,1.0,51990421,51990421,,57.97,1517932000,34080000,130366000,128838000,29.196,867890000
CRI,MRY,2016-12-31,2016-12-31,2016-12-31,2018-04-26,-34740000,1946597000,1927314250,1057086000,889511000,1.66,15.963,-88340000,299358000,299358000,1820035000,258106000,3.808,1.47,580376000,0,580376000,580376000,0,73441000,0,0.015,1.32,423114000,496555000,0.155,496555000,423114000,396070000,5.13,5.08,5.13,788124000,794919250,788124000,4705145962,11,9.476,280889000,5.689,1.0,1379149000,0.431,484937000,27044000,1465069000,1505732000,487591000,0,0,0,1158473000,277609000,880864000,4265158962,-81851000,0,-293279000,0,-66355000,-363507000,-88340000,0,369229000,767000,258106000,258106000,258106000,0,0,0.081,952591000,426558000,158432000,0.257,5.412,16.525,16.84,385874000,0,86.39,1.333,1.333,202471000,822375000,3199184000,3199184000,0,0.134,0.325,0.281,0.132,16847000,995406000,1.0,49370980,49370980,,64.799,1461660000,35486000,137964000,130656000,29.606,779477000
CRI,MRY,2017-12-31,2017-12-30,2017-12-30,2018-04-26,-29093000,2071042000,2023667500,1020712000,1050330000,1.68,18.118,-69458000,178494000,178494000,1917096000,302764000,3.081,1.415,617306000,0,617306000,617306000,0,84412000,0,0.013,1.48,421076000,505488000,0.149,505488000,421076000,391032000,6.31,6.24,6.31,857416000,787855750,857416000,6141721454,14,12.15,260163000,5.498,1.0,1483314000,0.436,643971000,30044000,1534635000,1568880250,548722000,0,0,0,1213626000,331248000,882378000,5560017454,-120864000,-158457000,-180324000,33916000,-70914000,-223075000,-227915000,0,329621000,505000,302764000,302764000,302764000,0,0,0.089,1063746000,419568000,182114000,0.235,6.485,18.364,18.62,377924000,0,117.49,1.635,1.635,240561000,886037000,3400410000,3400410000,0,0.15,0.384,0.268,0.124,17549000,1106927000,1.0,47323325,47323325,,71.855,1427071000,0,88268000,84944000,30.156,689464000
