ticker,dimension,calendardate,datekey,reportperiod,lastupdated,accoci,assets,assetsavg,assetsc,assetsnc,assetturnover,bvps,capex,cashneq,cashnequsd,cor,consolinc,currentratio,de,debt,debtc,debtnc,debtusd,deferredrev,depamor,deposits,divyield,dps,ebit,ebitda,ebitdamargin,ebitdausd,ebitusd,ebt,eps,epsdil,epsusd,equity,equityavg,equityusd,ev,evebit,evebitda,fcf,fcfps,fxusd,gp,grossmargin,intangibles,intexp,invcap,invcapavg,inventory,investments,investmentsc,investmentsnc,liabilities,liabilitiesc,liabilitiesnc,marketcap,ncf,ncfbus,ncfcommon,ncfdebt,ncfdiv,ncff,ncfi,ncfinv,ncfo,ncfx,netinc,netinccmn,netinccmnusd,netincdis,netincnci,netmargin,opex,opinc,payables,payoutratio,pb,pe,pe1,ppnenet,prefdivis,price,ps,ps1,receivables,retearn,revenue,revenueusd,rnd,roa,roe,roic,ros,sbcomp,sgna,sharefactor,sharesbas,shareswa,shareswadil,sps,tangibles,taxassets,taxexp,taxliabilities,tbvps,workingcapital
CRL,MRY,2011-12-31,2011-12-31,2011-12-31,2018-05-10,4593000,1558320000,1648434500,425843000,1132477000,0.693,10.631,-49143000,68905000,68905000,740405000,109977000,1.964,1.962,717945000,14758000,703187000,717945000,56530000,85230000,0,0.0,0.0,169292000,254522000,0.223,254522000,169292000,126706000,2.16,2.14,2.16,525583000,554325500,525583000,2010311750,11,7.898,157699000,3.19,1.0,402242000,0.352,290998000,42586000,1699565000,1746195250,92969000,0,0,0,1030957000,216797000,814160000,1351210750,-110255000,0,-263170000,-2257000,0,-271786000,-36645000,7051000,206842000,-7107000,109566000,109566000,109566000,5545000,411000,0.096,227936000,174306000,34332000,0.0,2.571,12.332,12.653,738030000,0,27.33,1.183,1.183,184810000,-465596000,1142647000,1142647000,0,0.066,0.198,0.097,0.148,21706000,198648000,1.0,49440569,49440569,,23.112,1267322000,44804000,17140000,0,25.633,209046000
CRL,MRY,2012-12-31,2012-12-29,2012-12-29,2018-05-10,6603000,1586344000,1563848250,485252000,1101092000,0.722,12.374,-47534000,109685000,109685000,737449000,97866000,1.418,1.636,666520000,139384000,527136000,666520000,56422000,81275000,0,0.0,0.0,158265000,239540000,0.212,239540000,158265000,124923000,2.03,2.01,2.03,600805000,578488250,600805000,2376158447,15,9.92,160472000,3.305,1.0,392081000,0.347,293531000,33342000,1507401000,1567720750,88470000,0,0,0,983144000,342247000,640897000,1790636447,40780000,-16861000,-45830000,-66231000,0,-111121000,-54990000,6619000,208006000,-1009000,97295000,97295000,97295000,4252000,571000,0.086,226316000,165765000,31218000,0.0,2.98,18.404,18.167,717020000,0,36.88,1.585,1.585,203001000,-368301000,1129530000,1129530000,0,0.062,0.168,0.101,0.14,21855000,208248000,1.0,48553049,48553049,,23.264,1292813000,38554000,27628000,0,26.627,143005000
CRL,MRY,2013-12-31,2013-12-28,2013-12-28,2018-05-10,5357000,1632756000,1625482250,552550000,1080206000,0.717,13.321,-39154000,155927000,155927000,770626000,104151000,2.237,1.51,663789000,21437000,642352000,663789000,54177000,96636000,0,0.0,0.0,156708000,253344000,0.217,253344000,156708000,135739000,2.15,2.12,2.15,640984000,645690000,640984000,3076151473,19,12.142,169891000,3.531,1.0,394902000,0.339,315238000,20969000,1578346000,1570054500,89396000,0,0,0,968098000,247034000,721064000,2566125473,46242000,-29218000,-72143000,-11500000,0,-84237000,-74047000,-5982000,209045000,-2613000,102828000,102828000,102828000,1265000,1323000,0.088,243501000,151401000,31770000,0.0,4.003,24.956,24.805,676182000,0,53.33,2.202,2.202,220630000,-265473000,1165528000,1165528000,0,0.063,0.159,0.1,0.134,24542000,225695000,1.0,48117860,48117860,,24.222,1317518000,26822000,32911000,0,27.381,305516000
CRL,MRY,2014-12-31,2014-12-27,2014-12-27,2018-05-10,-74247000,1870578000,1807040250,579254000,1291324000,0.718,14.326,-56925000,160023000,160023000,825002000,128198000,1.966,1.735,772461000,31904000,740557000,772461000,78124000,96445000,0,0.0,0.0,186319000,282764000,0.218,282764000,186319000,174369000,2.72,2.66,2.72,672203000,677444000,672203000,3672564321,19,12.988,195207000,4.16,1.0,472660000,0.364,499952000,11950000,1688378000,1707608000,89043000,0,0,0,1166232000,294686000,871546000,3016595321,4096000,-234267000,-48330000,104384000,0,61414000,-297990000,-5648000,252132000,-10379000,126698000,126698000,126698000,1726000,1500000,0.098,294990000,177670000,33815000,0.0,4.488,23.809,23.636,676797000,0,64.29,2.325,2.325,257991000,-138775000,1297662000,1297662000,0,0.07,0.187,0.109,0.144,31035000,269033000,1.0,46921688,46921688,,27.656,1370626000,41624000,47671000,23087000,29.211,284568000
CRL,MRY,2015-12-31,2015-12-26,2015-12-26,2018-05-10,-135548000,2068497000,1958621500,559234000,1509263000,0.696,15.723,-63252000,117947000,117947000,832210000,151087000,1.794,1.777,863030000,17033000,845997000,863030000,81343000,94881000,0,0.0,0.0,207776000,302657000,0.222,302657000,207776000,192704000,3.21,3.13,3.21,733067000,700710500,733067000,4511983446,21,14.908,243581000,5.224,1.0,531092000,0.39,719633000,15072000,1782186000,1763438000,93735000,0,0,0,1302933000,311761000,991172000,3733616446,-42612000,-281886000,-78111000,75183000,0,-7258000,-327616000,19743000,306833000,-12695000,149313000,149313000,149313000,950000,1774000,0.11,324643000,206449000,36675000,0.0,5.093,25.005,24.947,677959000,0,80.08,2.739,2.739,270068000,10538000,1363302000,1363302000,0,0.076,0.213,0.118,0.152,40122000,300414000,1.0,46623582,46623582,,29.241,1348864000,40028000,43391000,48223000,28.931,247473000
CRL,MRY,2016-12-31,2016-12-31,2016-12-31,2018-05-10,-253764000,2711800000,2567173750,656832000,2054968000,0.655,17.68,-55288000,117626000,117626000,1034766000,156366000,1.529,2.22,1235009000,27313000,1207696000,1235009000,127731000,126658000,0,0.0,0.0,249309000,375967000,0.224,375967000,249309000,221600000,3.29,3.23,3.29,836768000,828977250,836768000,4759402043,19,12.659,261611000,5.528,1.0,646666000,0.385,1181965000,27709000,2217625000,2169458500,95833000,0,0,0,1858016000,429593000,1428423000,3605965043,-69000,-688730000,10930000,388030000,0,380756000,-692672000,47652000,316899000,-2996000,154765000,154765000,154765000,-280000,1601000,0.092,409247000,237419000,68485000,0.0,4.309,23.3,23.158,755827000,0,76.19,2.145,2.145,364050000,165303000,1681432000,1681432000,0,0.06,0.187,0.115,0.148,43642000,367548000,1.0,47328587,47328587,,35.527,1529835000,28746000,66835000,55717000,32.324,227239000
CRL,MRY,2017-12-31,2017-12-30,2017-12-30,2018-05-10,-144731000,2929922000,2816644750,826625000,2103297000,0.66,22.066,-82431000,163794000,163794000,1155287000,125449000,1.783,1.785,1145103000,30998000,1114105000,1145103000,117569000,131159000,0,0.0,0.0,324501000,455660000,0.245,455660000,324501000,294724000,2.6,2.54,2.6,1045080000,976630000,1045080000,6243188692,19,13.701,235643000,4.975,1.0,702314000,0.378,1174668000,29777000,2273059000,2273023500,114956000,0,0,0,1865906000,463504000,1402402000,5183718692,46437000,1233000,-68039000,-135579000,0,-208476000,-72586000,9128000,318074000,11234000,123355000,123355000,123355000,137000,2094000,0.066,414816000,287498000,77838000,0.0,4.96,42.023,42.096,781973000,0,109.45,2.791,2.791,430016000,288658000,1857601000,1857601000,0,0.044,0.126,0.143,0.175,44003000,373446000,1.0,47361523,47361523,,39.222,1755254000,22654000,171369000,89540000,37.061,363121000
