ticker,dimension,calendardate,datekey,reportperiod,lastupdated,accoci,assets,assetsavg,assetsc,assetsnc,assetturnover,bvps,capex,cashneq,cashnequsd,cor,consolinc,currentratio,de,debt,debtc,debtnc,debtusd,deferredrev,depamor,deposits,divyield,dps,ebit,ebitda,ebitdamargin,ebitdausd,ebitusd,ebt,eps,epsdil,epsusd,equity,equityavg,equityusd,ev,evebit,evebitda,fcf,fcfps,fxusd,gp,grossmargin,intangibles,intexp,invcap,invcapavg,inventory,investments,investmentsc,investmentsnc,liabilities,liabilitiesc,liabilitiesnc,marketcap,ncf,ncfbus,ncfcommon,ncfdebt,ncfdiv,ncff,ncfi,ncfinv,ncfo,ncfx,netinc,netinccmn,netinccmnusd,netincdis,netincnci,netmargin,opex,opinc,payables,payoutratio,pb,pe,pe1,ppnenet,prefdivis,price,ps,ps1,receivables,retearn,revenue,revenueusd,rnd,roa,roe,roic,ros,sbcomp,sgna,sharefactor,sharesbas,shareswa,shareswadil,sps,tangibles,taxassets,taxexp,taxliabilities,tbvps,workingcapital
CRS,MRY,2011-12-31,2011-06-30,2011-06-30,2018-04-26,-233300000,1991900000,1740175000,1157600000,834300000,0.963,17.363,-78500000,492500000,492500000,1426100000,71700000,2.928,1.588,507800000,100000000,407800000,507800000,0,66500000,0,0.012,0.72,104200000,170700000,0.102,170700000,104200000,87100000,1.59,1.59,1.59,765700000,656700000,765700000,2613467082,25,15.31,-14300000,-0.324,1.0,249000000,0.149,74900000,17100000,1536900000,1361825000,328600000,30500000,30500000,0,1215900000,395400000,820500000,2539067082,227100000,-45400000,1600000,233600000,-32100000,213900000,-55400000,68500000,64200000,4400000,71000000,71000000,71000000,0,700000,0.042,152600000,96400000,170500000,0.453,3.316,35.762,36.277,662900000,0,57.68,1.516,1.519,259400000,1022100000,1675100000,1675100000,0,0.041,0.108,0.077,0.062,0,149500000,1.0,44019887,44100000,44700000,37.984,1917000000,14900000,16100000,48300000,43.469,762200000
CRS,MRY,2012-12-31,2012-06-30,2012-06-30,2018-04-26,-412500000,2627800000,2243600000,1249700000,1378100000,0.904,21.025,-156600000,211000000,211000000,1637700000,121600000,2.255,1.372,406900000,101000000,305900000,406900000,0,83800000,0,0.015,0.72,212000000,295800000,0.146,295800000,212000000,188200000,2.55,2.53,2.55,1103800000,956975000,1103800000,2736397989,12,9.251,-10400000,-0.221,1.0,391000000,0.193,370400000,23800000,1899100000,1768875000,642000000,0,0,0,1514700000,554200000,960500000,2504297989,-281500000,-12900000,1800000,-253700000,-33700000,-283400000,-140800000,28700000,146200000,-3500000,121200000,121200000,121200000,0,400000,0.06,180900000,210100000,236100000,0.282,2.269,20.663,18.761,924600000,0,47.84,1.234,1.111,354200000,1109600000,2028700000,2028700000,0,0.054,0.127,0.12,0.105,13300000,169200000,1.0,52347366,47100000,47500000,43.072,2257400000,10600000,67000000,31400000,42.998,695500000
CRS,MRY,2013-12-31,2013-06-30,2013-06-30,2018-04-26,-335700000,2882900000,2746125000,1281500000,1601400000,0.827,24.633,-309000000,257500000,257500000,1838200000,146500000,3.042,1.212,604200000,0,604200000,604200000,0,104100000,0,0.016,0.72,237400000,341500000,0.15,341500000,237400000,216400000,2.75,2.73,2.75,1303100000,1218500000,1303100000,2786715133,11,8.16,-120500000,-2.278,1.0,433500000,0.191,352700000,21000000,2455700000,2242800000,659200000,0,0,0,1579800000,421200000,1158600000,2376015133,46500000,0,2300000,196000000,-38300000,155500000,-301000000,8000000,188500000,3500000,146100000,146100000,146100000,0,400000,0.064,200800000,232700000,252700000,0.262,1.823,16.263,16.389,1168400000,0,45.07,1.046,1.05,342000000,1217300000,2271700000,2271700000,0,0.053,0.12,0.106,0.105,13100000,200800000,1.0,52718330,52900000,53200000,42.943,2530200000,2700000,70300000,73300000,47.83,860300000
CRS,MRY,2014-12-31,2014-06-30,2014-06-30,2018-04-26,-245200000,3057500000,2960775000,1194500000,1863000000,0.734,28.065,-348900000,120000000,120000000,1774100000,132800000,2.774,1.033,604300000,0,604300000,604300000,0,111900000,0,0.011,0.72,213400000,325300000,0.15,325300000,213400000,196400000,2.48,2.47,2.48,1504300000,1412200000,1504300000,3877058374,18,11.918,-109300000,-2.051,1.0,398900000,0.184,338300000,17000000,2772900000,2690100000,699200000,0,0,0,1553200000,430600000,1122600000,3358058374,-137500000,0,7100000,0,-38500000,-29100000,-348600000,300000,239600000,600000,132800000,132800000,132800000,0,0,0.061,186900000,212000000,278100000,0.29,2.232,25.287,25.504,1407000000,0,63.25,1.545,1.551,339600000,1311600000,2173000000,2173000000,0,0.045,0.094,0.079,0.098,11400000,186900000,1.0,53091832,53300000,53600000,40.769,2719200000,0,63600000,115200000,50.731,763900000
CRS,MRY,2015-12-31,2015-06-30,2015-06-30,2018-04-26,-328200000,2902600000,2984300000,1070400000,1832200000,0.746,26.1,-170300000,70000000,70000000,1908400000,58700000,3.323,1.189,603800000,0,603800000,603800000,0,122300000,0,0.019,0.72,116800000,239100000,0.107,239100000,116800000,89100000,1.11,1.11,1.11,1325900000,1421800000,1325900000,2530025288,21,10.581,112300000,2.135,1.0,318300000,0.143,329000000,27700000,2785300000,2869175000,655800000,0,0,0,1576700000,322100000,1254600000,1949625288,-50000000,0,-122200000,0,-37900000,-159400000,-170000000,300000,282600000,-3200000,58700000,58700000,58700000,0,0,0.026,206800000,111500000,169500000,0.649,1.47,33.213,34.847,1397000000,0,38.68,0.876,0.914,304100000,1332400000,2226700000,2226700000,0,0.02,0.041,0.041,0.052,10000000,177700000,1.0,50403963,52600000,52700000,42.333,2573600000,3300000,30400000,146500000,50.661,748300000
CRS,MRY,2016-12-31,2016-06-30,2016-06-30,2018-04-26,-409900000,2794300000,2823125000,1010700000,1783600000,0.642,23.559,-93800000,82000000,82000000,1557500000,11300000,3.383,1.529,611300000,0,611300000,611300000,0,119300000,0,0.022,0.72,49500000,168800000,0.093,168800000,49500000,21500000,0.23,0.23,0.23,1104900000,1199275000,1104900000,2148668229,43,12.729,163100000,3.391,1.0,255900000,0.141,308000000,28000000,2716800000,2775150000,628700000,0,0,0,1689400000,298800000,1390600000,1534168229,12000000,0,-123400000,0,-34800000,-163100000,-82600000,7200000,256900000,800000,11300000,11300000,11300000,0,0,0.006,204300000,51600000,159600000,3.13,1.389,135.767,143.174,1351400000,0,32.93,0.846,0.873,253600000,1308900000,1813400000,1813400000,0,0.004,0.009,0.018,0.027,8700000,173800000,1.0,46588771,48100000,48200000,37.701,2486300000,8200000,10200000,102400000,53.013,711900000
CRS,MRY,2017-12-31,2017-06-30,2017-06-30,2018-04-26,-343100000,2878100000,2823000000,1093600000,1784500000,0.637,25.502,-96000000,66300000,66300000,1513300000,47000000,2.762,1.401,605000000,55000000,550000000,605000000,0,117800000,0,0.019,0.72,100000000,217800000,0.121,217800000,100000000,70200000,0.99,0.99,0.99,1198600000,1152850000,1198600000,2351197850,23,10.795,33300000,0.709,1.0,284300000,0.158,328300000,29800000,2692500000,2758625000,690400000,0,0,0,1679500000,396000000,1283500000,1749497850,-15700000,-23300000,2200000,-1400000,-34100000,-32800000,-112100000,7200000,129300000,-100000,47000000,47000000,47000000,0,0,0.026,183900000,100400000,201100000,0.727,1.46,37.223,37.808,1316800000,0,37.43,0.973,0.979,290400000,1321800000,1797600000,1797600000,0,0.017,0.041,0.036,0.056,13000000,183900000,1.0,46740525,47000000,47100000,38.247,2549800000,7600000,23200000,184800000,54.251,697600000
