ticker,dimension,calendardate,datekey,reportperiod,lastupdated,accoci,assets,assetsavg,assetsc,assetsnc,assetturnover,bvps,capex,cashneq,cashnequsd,cor,consolinc,currentratio,de,debt,debtc,debtnc,debtusd,deferredrev,depamor,deposits,divyield,dps,ebit,ebitda,ebitdamargin,ebitdausd,ebitusd,ebt,eps,epsdil,epsusd,equity,equityavg,equityusd,ev,evebit,evebitda,fcf,fcfps,fxusd,gp,grossmargin,intangibles,intexp,invcap,invcapavg,inventory,investments,investmentsc,investmentsnc,liabilities,liabilitiesc,liabilitiesnc,marketcap,ncf,ncfbus,ncfcommon,ncfdebt,ncfdiv,ncff,ncfi,ncfinv,ncfo,ncfx,netinc,netinccmn,netinccmnusd,netincdis,netincnci,netmargin,opex,opinc,payables,payoutratio,pb,pe,pe1,ppnenet,prefdivis,price,ps,ps1,receivables,retearn,revenue,revenueusd,rnd,roa,roe,roic,ros,sbcomp,sgna,sharefactor,sharesbas,shareswa,shareswadil,sps,tangibles,taxassets,taxexp,taxliabilities,tbvps,workingcapital
CRUS,MRY,2011-12-31,2011-03-26,2011-03-26,2018-02-05,-754000,496621000,377944500,319470000,177151000,0.978,6.425,-20060000,37039000,37039000,167576000,203503000,6.137,0.133,0,0,0,0,6844000,8145000,0,0.0,0.0,84214000,92359000,0.25,92359000,84214000,84214000,3.0,2.82,3.0,438379000,319904500,438379000,1403552288,16,15.197,66880000,0.986,1.0,201995000,0.547,26152000,0,381376000,266682500,40497000,178016000,165314000,12702000,58242000,52054000,6188000,1432043288,20930000,0,8239000,0,0,8239000,-74249000,-52604000,86940000,0,203503000,203503000,203503000,0,0,0.551,118668000,83327000,27639000,0.0,3.267,7.037,7.053,34563000,0,21.16,3.875,3.885,39098000,-552814000,369571000,369571000,63934000,0.538,0.636,0.316,0.228,8141000,58734000,1.0,67676904,67857000,72103000,5.446,470469000,132933000,-119289000,0,6.895,267416000
CRUS,MRY,2012-12-31,2012-03-31,2012-03-31,2018-02-05,-762000,544462000,489178000,351587000,192875000,0.873,7.25,-35948000,65997000,65997000,196402000,87983000,4.817,0.169,0,0,0,0,7228000,9972000,0,0.0,0.0,79983000,89955000,0.211,89955000,79983000,79983000,1.35,1.29,1.35,465857000,414239750,465857000,1493968823,18,16.608,47247000,0.728,1.0,230441000,0.54,24268000,0,381212000,354447250,55915000,118791000,115877000,2914000,78605000,72985000,5620000,1525484823,28958000,0,-72674000,0,0,-72674000,18437000,59216000,83195000,0,87983000,87983000,87983000,0,0,0.206,150905000,79536000,38108000,0.0,3.275,17.338,17.63,66978000,0,23.8,3.574,3.621,44153000,-541609000,426843000,426843000,85697000,0.18,0.212,0.226,0.187,12178000,65208000,1.0,64096001,64934000,68063000,6.573,520194000,142208000,-8000000,0,8.096,278602000
CRUS,MRY,2013-12-31,2013-03-30,2013-03-30,2018-02-05,-919000,651347000,651054750,444534000,206813000,1.244,8.6,-52902000,66402000,66402000,414595000,136598000,4.776,0.188,0,0,0,0,4956000,13562000,0,0.0,0.0,201190000,214752000,0.265,214752000,201190000,201190000,2.12,2.0,2.12,548174000,526255250,548174000,1377007974,6,6.412,107922000,1.671,1.0,395191000,0.488,10677000,0,481189000,441594000,119300000,170145000,105235000,64910000,103173000,93079000,10094000,1464459974,405000,22220000,-75725000,0,0,-75619000,-84800000,-51511000,160824000,0,136598000,136598000,136598000,0,0,0.169,194441000,200750000,60827000,0.0,2.672,10.721,10.731,100623000,0,22.75,1.808,1.814,69289000,-492741000,809786000,809786000,114071000,0.21,0.26,0.456,0.248,21389000,76998000,1.0,64371867,64580000,68454000,12.539,640670000,81608000,64592000,0,10.051,351455000
CRUS,MRY,2014-12-31,2014-03-29,2014-03-29,2018-02-05,-886000,724744000,701561000,475333000,249411000,1.018,10.248,-15058000,31850000,31850000,358175000,108111000,5.76,0.137,0,0,0,0,5631000,14883000,0,0.0,0.0,155737000,170620000,0.239,170620000,155737000,155737000,1.72,1.65,1.72,637358000,610200750,637358000,1141764719,7,6.692,212980000,3.385,1.0,356163000,0.499,28366000,0,582005000,537371250,69743000,352660000,263417000,89243000,87386000,82523000,4863000,1216454719,-34552000,-20402000,-50686000,0,0,-42241000,-220349000,-182482000,228038000,0,108111000,108111000,108111000,0,0,0.151,201274000,154889000,51932000,0.0,1.909,11.252,11.349,103650000,0,19.52,1.703,1.72,63220000,-440634000,714338000,714338000,126189000,0.154,0.177,0.29,0.218,14629000,74861000,1.0,62318377,62926000,65535000,11.352,696378000,47089000,47626000,0,11.197,392810000
CRUS,MRY,2015-12-31,2015-03-28,2015-03-28,2018-02-05,-2110000,1148778000,1012077750,451913000,696865000,0.906,12.04,-32311000,76401000,76401000,490820000,55178000,2.559,0.518,180439000,0,180439000,180439000,6105000,34855000,0,0.0,0.0,97176000,132031000,0.144,132031000,97176000,91549000,0.88,0.85,0.88,756771000,700142500,756771000,2222242465,22,16.831,131166000,2.099,1.0,425748000,0.465,438858000,5627000,637380000,568839000,84196000,184318000,124246000,60072000,392007000,176578000,215429000,2088410465,44551000,-444138000,-9831000,177614000,0,205475000,-324401000,168411000,163477000,0,55178000,55178000,55178000,0,0,0.06,329151000,96597000,112213000,0.0,2.76,37.849,37.83,144346000,0,33.29,2.279,2.27,112608000,-400613000,916568000,916568000,197878000,0.055,0.079,0.171,0.106,-143000,99509000,1.0,62733868,62503000,65235000,14.664,709920000,44152000,36371000,0,11.295,275335000
CRUS,MRY,2016-12-31,2016-03-26,2016-03-26,2018-02-05,332000,1181883000,1205937750,506129000,675754000,0.97,13.677,-41569000,168793000,168793000,614411000,123630000,3.95,0.375,160439000,0,160439000,160439000,0,58060000,0,0.0,0.0,179297000,237357000,0.203,237357000,179297000,175989000,1.96,1.87,1.96,859483000,837013250,859483000,2176669999,12,9.17,107477000,1.701,1.0,554840000,0.475,450350000,3308000,595055000,617513000,142015000,81213000,60582000,20631000,322400000,128124000,194276000,2175802999,92392000,-36759000,-60747000,-20000000,0,-76897000,20243000,103090000,149046000,0,123630000,123630000,123630000,0,0,0.106,376420000,178420000,71619000,0.0,2.532,17.599,17.587,162656000,0,34.47,1.861,1.863,88532000,-344345000,1169251000,1169251000,269217000,0.103,0.148,0.29,0.153,29656000,117082000,1.0,63121642,63197000,65993000,18.502,731533000,25772000,52359000,0,11.641,378005000
CRUS,MRY,2017-12-31,2017-03-25,2017-03-25,2018-02-05,-573000,1413470000,1364376750,775928000,637542000,1.128,17.928,-41849000,351166000,351166000,781125000,261209000,5.386,0.227,60000000,0,60000000,60000000,0,63433000,0,0.0,0.0,318647000,382080000,0.248,382080000,318647000,315047000,4.12,3.92,4.12,1151692000,1024154750,1151692000,3647396037,11,9.546,327902000,5.178,1.0,757815000,0.492,421955000,3600000,556274000,639749000,167895000,99813000,99813000,0,261778000,144075000,117703000,3857771037,182373000,0,-13010000,-103290000,0,-117513000,-69865000,-18569000,369751000,0,261209000,261209000,261209000,0,0,0.17,440844000,316971000,73811000,0.0,3.35,14.769,14.578,168139000,0,60.06,2.507,2.472,119974000,-107014000,1538940000,1538940000,303658000,0.191,0.255,0.498,0.207,39593000,127265000,1.0,64231952,63329000,66561000,24.301,991515000,32841000,53838000,0,15.434,631853000
