ticker,dimension,calendardate,datekey,reportperiod,lastupdated,accoci,assets,assetsavg,assetsc,assetsnc,assetturnover,bvps,capex,cashneq,cashnequsd,cor,consolinc,currentratio,de,debt,debtc,debtnc,debtusd,deferredrev,depamor,deposits,divyield,dps,ebit,ebitda,ebitdamargin,ebitdausd,ebitusd,ebt,eps,epsdil,epsusd,equity,equityavg,equityusd,ev,evebit,evebitda,fcf,fcfps,fxusd,gp,grossmargin,intangibles,intexp,invcap,invcapavg,inventory,investments,investmentsc,investmentsnc,liabilities,liabilitiesc,liabilitiesnc,marketcap,ncf,ncfbus,ncfcommon,ncfdebt,ncfdiv,ncff,ncfi,ncfinv,ncfo,ncfx,netinc,netinccmn,netinccmnusd,netincdis,netincnci,netmargin,opex,opinc,payables,payoutratio,pb,pe,pe1,ppnenet,prefdivis,price,ps,ps1,receivables,retearn,revenue,revenueusd,rnd,roa,roe,roic,ros,sbcomp,sgna,sharefactor,sharesbas,shareswa,shareswadil,sps,tangibles,taxassets,taxexp,taxliabilities,tbvps,workingcapital
CRVL,MRY,2011-12-31,2011-03-31,2011-03-31,2018-02-02,0,164225000,153063500,82227000,81998000,2.487,4.222,-18504000,17548000,17548000,284098000,24663000,1.499,0.648,0,0,0,0,0,12249000,0,0.0,0.0,37403000,49652000,0.13,49652000,37403000,37403000,1.045,1.025,1.045,99639000,101141000,99639000,599262365,16,12.069,26558000,1.125,1.0,96570000,0.254,43498000,0,48341000,46775500,0,0,0,0,64586000,54838000,9748000,618250365,2027000,-1235000,-25563000,0,0,-23296000,-19739000,0,45062000,0,24663000,24663000,24663000,0,0,0.065,59167000,37403000,14590000,0.0,6.205,25.068,25.445,38500000,0,26.59,1.624,1.649,48964000,248494000,380668000,380668000,0,0.161,0.244,0.8,0.098,2544000,59167000,1.0,23251236,23602000,24058000,16.129,120727000,9298000,12740000,9748000,5.115,27389000
CRVL,MRY,2012-12-31,2012-03-31,2012-03-31,2018-02-02,0,171882000,169236250,81247000,90635000,2.438,4.809,-23214000,12413000,12413000,318826000,26552000,1.815,0.557,0,0,0,0,0,14723000,0,0.0,0.0,43437000,58160000,0.141,58160000,43437000,43437000,1.16,1.14,1.16,110382000,108546250,110382000,437958098,10,7.53,12458000,0.543,1.0,93842000,0.227,42960000,0,71747000,61375500,0,0,0,0,61500000,44762000,16738000,452694098,-5672000,-45000,-19081000,0,0,-18085000,-23259000,0,35672000,0,26552000,26552000,26552000,0,0,0.064,50405000,43437000,12773000,0.0,4.101,17.049,17.194,47364000,0,19.945,1.097,1.109,49334000,275046000,412668000,412668000,0,0.157,0.245,0.708,0.105,2276000,50405000,1.0,22697122,22952000,23254000,17.98,128922000,7237000,16885000,16738000,5.617,36485000
CRVL,MRY,2013-12-31,2013-03-31,2013-03-31,2018-02-02,0,182382000,177709250,92900000,89482000,2.416,5.005,-14887000,29929000,29929000,337650000,26730000,1.761,0.637,0,0,0,0,0,15739000,0,0.0,0.0,43895000,59634000,0.139,59634000,43895000,43895000,1.2,1.19,1.2,111402000,114110750,111402000,506731070,11,8.497,39932000,1.794,1.0,91660000,0.214,42477000,0,57221000,61676500,0,0,0,0,70980000,52755000,18225000,535669070,13225000,0,-27015000,0,0,-26707000,-14887000,0,54819000,0,26730000,26730000,26730000,0,0,0.062,47765000,43895000,13587000,0.0,4.808,20.04,20.621,46584000,0,24.745,1.248,1.283,49105000,301776000,429310000,429310000,0,0.15,0.234,0.712,0.102,997000,47765000,1.0,21647568,22256000,22458000,19.29,139905000,6448000,17165000,18225000,6.286,40145000
CRVL,MRY,2014-12-31,2014-03-31,2014-03-31,2018-02-02,0,214481000,200378500,120960000,93521000,2.39,5.995,-18344000,51008000,51008000,370335000,34392000,1.684,0.695,0,0,0,0,0,16411000,0,0.0,0.0,56507000,72918000,0.152,72918000,56507000,56507000,1.63,1.61,1.63,126522000,118056000,126522000,997752742,17,13.683,36456000,1.727,1.0,108481000,0.227,42007000,0,49626000,52193500,0,0,0,0,87959000,71840000,16119000,1041208742,15044000,0,-23447000,0,0,-21412000,-18344000,0,54800000,0,34392000,34392000,34392000,0,0,0.072,51974000,56507000,18465000,0.0,8.229,30.275,30.528,51253000,0,49.76,2.175,2.193,57229000,336168000,478816000,478816000,0,0.172,0.291,1.083,0.118,2140000,51974000,1.0,20924613,21104000,21372000,22.688,172474000,6861000,22115000,16119000,8.173,49120000
CRVL,MRY,2015-12-31,2015-03-31,2015-03-31,2018-02-02,0,211573000,212100250,112047000,99526000,2.323,6.189,-22868000,42835000,42835000,392656000,28590000,1.512,0.654,0,0,0,0,0,17995000,0,0.0,0.0,45564000,63559000,0.129,63559000,45564000,45564000,1.38,1.37,1.38,127923000,130257750,127923000,655583462,14,10.315,21448000,1.038,1.0,99969000,0.203,41550000,0,53100000,57852500,0,0,0,0,83650000,74088000,9562000,701647462,-9350000,0,-29795000,0,0,-29398000,-24268000,-1400000,44316000,0,28590000,28590000,28590000,0,0,0.058,54405000,45564000,15770000,0.0,5.485,24.542,24.935,56299000,0,34.41,1.424,1.444,57537000,364758000,492625000,492625000,0,0.135,0.219,0.788,0.092,2209000,54405000,1.0,20390801,20669000,20890000,23.834,170023000,0,16974000,9562000,8.226,37959000
CRVL,MRY,2016-12-31,2016-03-31,2016-03-31,2018-02-02,0,220269000,219291250,123108000,97161000,2.296,6.655,-16756000,58428000,58428000,399040000,28525000,1.531,0.669,0,0,0,0,0,19952000,0,0.0,0.0,46060000,66012000,0.131,66012000,46060000,46060000,1.44,1.43,1.44,131948000,128701250,131948000,721302730,15,10.927,34555000,1.743,1.0,104544000,0.208,41101000,0,40325000,50874750,0,0,0,0,88321000,80415000,7906000,771728730,7263000,0,-27405000,0,0,-26692000,-17356000,-600000,51311000,0,28525000,28525000,28525000,0,0,0.057,58484000,46060000,13233000,0.0,5.849,27.054,27.375,53268000,0,39.42,1.532,1.552,59747000,393283000,503584000,503584000,0,0.13,0.222,0.905,0.091,2192000,58484000,1.0,19577086,19826000,20004000,25.4,179168000,0,17535000,7906000,9.037,42693000
CRVL,MRY,2017-12-31,2017-03-31,2017-03-31,2018-02-02,0,235383000,235197500,128867000,106516000,2.205,7.14,-31041000,61082000,61082000,413894000,29479000,1.431,0.698,0,0,0,0,0,20948000,0,0.0,0.0,47549000,68497000,0.132,68497000,47549000,47549000,1.52,1.51,1.52,138646000,142087250,138646000,762629217,16,11.134,21011000,1.082,1.0,104792000,0.202,40665000,0,43585000,42710750,0,0,0,0,96737000,90051000,6686000,832067217,-4168000,0,-25213000,0,0,-25213000,-31007000,34000,52052000,0,29479000,29479000,29479000,0,0,0.057,57243000,47549000,16583000,0.0,6.001,28.226,28.618,63042000,0,43.5,1.604,1.629,62841000,422762000,518686000,518686000,0,0.125,0.207,1.113,0.092,2432000,57243000,1.0,19127982,19418000,19570000,26.712,194718000,0,18070000,6686000,10.028,38816000
