ticker,dimension,calendardate,datekey,reportperiod,lastupdated,accoci,assets,assetsavg,assetsc,assetsnc,assetturnover,bvps,capex,cashneq,cashnequsd,cor,consolinc,currentratio,de,debt,debtc,debtnc,debtusd,deferredrev,depamor,deposits,divyield,dps,ebit,ebitda,ebitdamargin,ebitdausd,ebitusd,ebt,eps,epsdil,epsusd,equity,equityavg,equityusd,ev,evebit,evebitda,fcf,fcfps,fxusd,gp,grossmargin,intangibles,intexp,invcap,invcapavg,inventory,investments,investmentsc,investmentsnc,liabilities,liabilitiesc,liabilitiesnc,marketcap,ncf,ncfbus,ncfcommon,ncfdebt,ncfdiv,ncff,ncfi,ncfinv,ncfo,ncfx,netinc,netinccmn,netinccmnusd,netincdis,netincnci,netmargin,opex,opinc,payables,payoutratio,pb,pe,pe1,ppnenet,prefdivis,price,ps,ps1,receivables,retearn,revenue,revenueusd,rnd,roa,roe,roic,ros,sbcomp,sgna,sharefactor,sharesbas,shareswa,shareswadil,sps,tangibles,taxassets,taxexp,taxliabilities,tbvps,workingcapital
CSL,MRY,2011-12-31,2011-12-31,2011-12-31,2018-04-28,-45000000,3137900000,2806275000,1214100000,1923800000,0.888,24.348,-76100000,74700000,74700000,1908300000,180300000,2.034,1.092,762400000,158100000,604300000,762400000,146000000,88000000,0,0.016,0.7,274300000,362300000,0.145,362300000,274300000,253300000,2.91,2.86,2.91,1500100000,1443550000,1500100000,3165908735,11,8.738,115100000,1.868,1.0,584100000,0.234,1324400000,21000000,1904300000,1674100000,539000000,0,0,0,1637800000,596900000,1040900000,2729308735,-14700000,-387600000,13800000,286100000,-43500000,256400000,-463500000,0,191200000,1200000,180300000,180300000,180300000,-8300000,0,0.072,318100000,266000000,260800000,0.241,1.819,15.138,15.223,560300000,0,44.3,1.095,1.095,486400000,1566100000,2492400000,2492400000,21700000,0.064,0.125,0.164,0.11,12500000,298800000,1.0,61609678,61609678,,40.455,1813500000,51300000,73000000,0,29.435,617200000
CSL,MRY,2012-12-31,2012-12-31,2012-12-31,2018-04-28,-35500000,3457300000,3309700000,1205300000,2252000000,0.861,28.423,-140400000,112500000,112500000,2084200000,270200000,2.561,0.934,752300000,0,752300000,752300000,153000000,104900000,0,0.013,0.76,413400000,518300000,0.182,518300000,413400000,387900000,4.3,4.22,4.3,1788100000,1684550000,1788100000,4184124975,10,8.073,345500000,5.492,1.0,767000000,0.269,1473600000,25500000,2152900000,1920350000,325000000,0,0,0,1669200000,470600000,1198600000,3696624975,37800000,-288500000,38800000,-11400000,-48000000,-20600000,-428500000,400000,485900000,1000000,270200000,270200000,270200000,-41500000,0,0.095,382700000,384300000,205900000,0.177,2.067,13.681,13.665,465200000,0,58.76,1.297,1.297,408400000,1788300000,2851200000,2851200000,26100000,0.082,0.16,0.215,0.145,8500000,356600000,1.0,62910568,62910568,,45.321,1983700000,37300000,117700000,0,31.532,734700000
CSL,MRY,2013-12-31,2013-12-31,2013-12-31,2018-04-28,-31500000,3493000000,3502650000,1535000000,1958000000,0.84,31.227,-98900000,754500000,754500000,2197400000,209700000,4.078,0.759,751000000,0,751000000,751000000,161000000,113900000,0,0.011,0.84,341300000,455200000,0.155,455200000,341300000,307500000,3.29,3.22,3.29,1986100000,1896450000,1986100000,5470274706,16,12.017,315800000,4.965,1.0,745600000,0.253,1438500000,33800000,1674600000,1988300000,298800000,0,0,0,1506900000,376400000,1130500000,5050074706,642000000,369000000,19500000,-2100000,-53700000,-41500000,270100000,0,414700000,-1300000,209700000,209700000,209700000,25500000,0,0.071,383000000,362600000,187000000,0.255,2.543,24.082,24.134,497200000,0,79.4,1.716,1.716,399600000,1944300000,2943000000,2943000000,29300000,0.06,0.111,0.172,0.116,11900000,353700000,1.0,63602956,63602956,,46.271,2054500000,35700000,97800000,0,32.302,1158600000
CSL,MRY,2014-12-31,2014-12-31,2014-12-31,2018-04-28,-61800000,3758700000,3669975000,1611500000,2147200000,0.873,34.364,-118800000,730800000,730800000,2384500000,251300000,4.109,0.705,749800000,0,749800000,749800000,169000000,104000000,0,0.01,0.94,407900000,511900000,0.16,511900000,407900000,375700000,3.89,3.82,3.89,2205000000,2120000000,2205000000,5736577560,14,11.206,177100000,2.76,1.0,819500000,0.256,1576200000,32200000,1809300000,1785600000,339100000,0,0,0,1553700000,392200000,1161500000,5790377560,-23700000,-194000000,42500000,-1500000,-61200000,-20200000,-297800000,0,295900000,-1600000,251300000,251300000,251300000,400000,0,0.078,412800000,406700000,198000000,0.242,2.626,23.042,23.198,547300000,0,90.24,1.807,1.807,439200000,2134400000,3204000000,3204000000,33800000,0.068,0.119,0.228,0.127,3300000,379000000,1.0,64166418,64166418,,49.933,2182500000,35400000,124400000,0,34.013,1219300000
CSL,MRY,2015-12-31,2015-12-31,2015-12-31,2018-04-28,-87100000,3950900000,3947725000,1319500000,2631400000,0.898,36.383,-72100000,410700000,410700000,2536500000,319700000,2.178,0.683,745400000,149800000,595600000,745400000,183700000,129300000,0,0.012,1.1,502000000,631300000,0.178,631300000,502000000,468000000,4.89,4.82,4.89,2347400000,2307525000,2347400000,6159529014,12,9.757,457100000,7.049,1.0,1006700000,0.284,2022200000,34000000,1657600000,1801550000,356000000,0,0,0,1603500000,605800000,997700000,5765329014,-320100000,-598900000,-97800000,-1500000,-72300000,-173000000,-670800000,0,529200000,-5500000,319700000,319700000,319700000,-100000,0,0.09,503400000,503300000,212600000,0.225,2.456,18.034,18.137,585800000,0,88.69,1.627,1.623,502500000,2381800000,3543200000,3543200000,42800000,0.081,0.139,0.279,0.142,2700000,461900000,1.0,65005401,64844000,65804000,54.642,1928700000,0,148300000,0,29.893,713700000
CSL,MRY,2016-12-31,2016-12-31,2016-12-31,2018-04-28,-122200000,3965800000,4031650000,1355200000,2610600000,0.912,38.374,-108800000,385300000,385300000,2518100000,250100000,2.639,0.608,596400000,0,596400000,596400000,195200000,137800000,0,0.012,1.3,440400000,578200000,0.157,578200000,440400000,409800000,3.86,3.82,3.86,2466900000,2447850000,2466900000,7354999871,16,12.721,422400000,6.577,1.0,1157300000,0.315,1953400000,30600000,1710000000,1731925000,377000000,0,0,0,1498900000,513500000,985400000,7114199871,-25400000,-185500000,-26600000,-150000000,-84500000,-261100000,-293400000,0,531200000,-2100000,250100000,250100000,250100000,700000,0,0.068,719200000,438100000,243600000,0.337,2.884,28.445,28.573,632200000,0,110.29,1.936,1.927,511600000,2547400000,3675400000,3675400000,48100000,0.062,0.102,0.254,0.12,-2600000,532000000,1.0,64504487,64226000,64883000,57.226,2012400000,0,159700000,0,31.304,841700000
CSL,MRY,2017-12-31,2017-12-31,2017-12-31,2018-04-28,-85700000,5299800000,4479325000,1644600000,3655200000,0.913,40.922,-159900000,378300000,378300000,2941900000,365500000,2.497,1.096,1586200000,0,1586200000,1586200000,215800000,169100000,0,0.013,1.44,501900000,671000000,0.164,671000000,501900000,468400000,5.75,5.71,5.75,2528300000,2488825000,2528300000,7676468367,15,11.44,298800000,4.737,1.0,1148000000,0.281,2517100000,33500000,3332000000,2313675000,448800000,0,0,0,2771500000,658600000,2112900000,7042168367,-5700000,-934300000,-269600000,997200000,-92100000,627200000,-1094300000,0,458700000,2700000,365500000,365500000,365500000,-200000,0,0.089,642300000,505700000,332100000,0.25,2.785,19.267,19.765,731100000,0,113.65,1.722,1.753,625700000,2820800000,4089900000,4089900000,54900000,0.082,0.147,0.217,0.123,13200000,589400000,1.0,61963646,63073000,63551000,64.844,2782700000,0,102900000,0,45.04,986000000
