ticker,dimension,calendardate,datekey,reportperiod,lastupdated,accoci,assets,assetsavg,assetsc,assetsnc,assetturnover,bvps,capex,cashneq,cashnequsd,cor,consolinc,currentratio,de,debt,debtc,debtnc,debtusd,deferredrev,depamor,deposits,divyield,dps,ebit,ebitda,ebitdamargin,ebitdausd,ebitusd,ebt,eps,epsdil,epsusd,equity,equityavg,equityusd,ev,evebit,evebitda,fcf,fcfps,fxusd,gp,grossmargin,intangibles,intexp,invcap,invcapavg,inventory,investments,investmentsc,investmentsnc,liabilities,liabilitiesc,liabilitiesnc,marketcap,ncf,ncfbus,ncfcommon,ncfdebt,ncfdiv,ncff,ncfi,ncfinv,ncfo,ncfx,netinc,netinccmn,netinccmnusd,netincdis,netincnci,netmargin,opex,opinc,payables,payoutratio,pb,pe,pe1,ppnenet,prefdivis,price,ps,ps1,receivables,retearn,revenue,revenueusd,rnd,roa,roe,roic,ros,sbcomp,sgna,sharefactor,sharesbas,shareswa,shareswadil,sps,tangibles,taxassets,taxexp,taxliabilities,tbvps,workingcapital
CSV,MRY,2011-12-31,2011-12-31,2011-12-31,2018-04-28,0,672777000,669829250,31272000,641505000,0.274,6.883,-10644000,1137000,1137000,132577000,6978000,0.966,4.305,229553000,628000,228925000,229553000,100895000,9613000,0,0.013,0.075,29657000,39270000,0.214,39270000,29657000,11568000,0.38,0.38,0.38,126778000,125782750,126778000,325043731,10,8.277,20511000,1.117,1.0,50937000,0.278,193962000,18089000,674862000,677876500,5102000,183716000,0,183716000,545799000,32369000,513430000,103305731,-142000,-18574000,-17000,-366000,-1376000,-2079000,-29218000,0,31155000,0,6978000,6964000,6964000,-768000,0,0.038,22745000,28192000,13874000,0.197,0.815,14.834,14.737,208089000,14000,5.6,0.563,0.56,61892000,-63987000,183514000,183514000,0,0.01,0.055,0.044,0.162,1867000,21732000,1.0,18447452,18359000,18397000,9.996,478815000,0,4590000,0,25.996,-1097000
CSV,MRY,2012-12-31,2012-12-31,2012-12-31,2018-04-28,0,738085000,712173250,33139000,704946000,0.278,7.442,-10436000,1698000,1698000,136964000,11403000,0.786,4.473,268542000,11218000,257324000,268542000,103792000,10076000,0,0.008,0.1,35285000,45361000,0.229,45361000,35285000,18197000,0.63,0.63,0.63,134818000,131752750,134818000,468667207,13,10.332,15325000,0.845,1.0,61227000,0.309,218442000,17088000,744312000,725847000,5133000,200398000,0,200398000,603067000,42175000,560892000,214975207,561000,-44538000,-3635000,40133000,-1804000,29774000,-54974000,0,25761000,0,11403000,11389000,11389000,-1086000,0,0.057,24960000,36267000,5243000,0.159,1.595,18.876,18.841,227589000,14000,11.87,1.085,1.086,66905000,-52598000,198191000,198191000,0,0.016,0.086,0.049,0.178,2174000,23986000,1.0,18110801,18126000,18226000,10.934,519643000,0,6794000,0,28.683,-9036000
CSV,MRY,2013-12-31,2013-12-31,2013-12-31,2018-04-28,0,746599000,739770000,36117000,710482000,0.288,8.703,-10695000,1377000,1377000,148789000,19296000,0.758,3.787,249522000,13424000,236098000,249522000,86067000,11748000,0,0.005,0.1,41163000,52911000,0.248,52911000,41163000,28541000,1.06,1.0,1.06,155973000,148512500,155973000,597238279,14,11.288,29150000,1.635,1.0,64285000,0.302,221087000,12622000,726037000,721666000,5300000,207827000,0,207827000,590626000,47620000,543006000,356320279,-321000,-9517000,894000,-19019000,-1817000,-19954000,-20212000,0,39845000,0,19296000,19292000,19292000,-4176000,0,0.091,27379000,36906000,7046000,0.094,2.284,18.47,18.425,233601000,4000,19.53,1.672,1.634,53637000,-33306000,213074000,213074000,0,0.026,0.13,0.057,0.193,3583000,25923000,1.0,18244766,17826000,22393000,11.953,525512000,0,9245000,0,29.322,-11503000
CSV,MRY,2014-12-31,2014-12-31,2014-12-31,2018-04-28,0,827528000,811452250,36705000,790823000,0.279,9.897,-23675000,413000,413000,156116000,15838000,1.114,3.601,279865000,9838000,270027000,279865000,88140000,11945000,0,0.005,0.1,33401000,45346000,0.201,45346000,33401000,23093000,0.86,0.85,0.86,179875000,172366500,179875000,668016705,19,14.732,12890000,0.712,1.0,70008000,0.31,257442000,10308000,816588000,796967750,5294000,218249000,0,218249000,647653000,32950000,614703000,387600705,-964000,-55682000,-14922000,60075000,-1840000,41828000,-79357000,0,36565000,0,15838000,15838000,15838000,-392000,0,0.07,30293000,39715000,6472000,0.116,2.155,24.473,24.36,261775000,0,20.95,1.714,1.678,58357000,-17468000,226124000,226124000,0,0.02,0.092,0.042,0.148,4622000,28915000,1.0,18501227,18108000,18257000,12.488,570086000,0,7255000,0,31.368,3755000
CSV,MRY,2015-12-31,2015-12-31,2015-12-31,2018-04-28,0,833139000,834587750,33761000,799378000,0.291,9.37,-35824000,535000,535000,164994000,20853000,0.907,4.287,325347000,12236000,313111000,325347000,88469000,13780000,0,0.004,0.1,45149000,58929000,0.243,58929000,45149000,34590000,1.16,1.12,1.16,157594000,175317000,157594000,719039717,15,12.202,15662000,0.88,1.0,77508000,0.32,275394000,10559000,845339000,832399250,5654000,191971000,0,191971000,675545000,37218000,638327000,417696717,122000,-9660000,-44241000,41711000,-1819000,-5880000,-45484000,0,51486000,0,20853000,20853000,20853000,0,0,0.086,28860000,48648000,7917000,0.086,2.65,20.031,20.776,290471000,0,24.1,1.722,1.768,59723000,3385000,242502000,242502000,0,0.025,0.119,0.054,0.186,4444000,27114000,1.0,17331814,17791000,18313000,13.631,557745000,0,13737000,0,33.162,-3457000
CSV,MRY,2016-12-31,2016-12-31,2016-12-31,2018-04-28,0,885069000,853633500,32967000,852102000,0.291,10.616,-23104000,3286000,3286000,168550000,19581000,0.745,4.036,339897000,13267000,326630000,339897000,87829000,15421000,0,0.005,0.15,43979000,59400000,0.239,59400000,43979000,32241000,1.18,1.12,1.18,175734000,170225000,175734000,807362483,18,13.592,26931000,1.631,1.0,79650000,0.321,290444000,11738000,886963000,865567250,6147000,205825000,0,205825000,709335000,44273000,665062000,475733483,2751000,-22171000,870000,1124000,-2492000,-2009000,-45275000,0,50035000,0,19581000,19581000,19581000,0,0,0.079,29446000,50204000,10198000,0.127,2.707,24.296,24.271,311232000,0,28.64,1.917,1.906,63461000,20711000,248200000,248200000,0,0.023,0.115,0.051,0.177,3229000,27944000,1.0,16610806,16515000,17460000,15.029,594625000,0,12660000,0,35.92,-11306000
CSV,MRY,2017-12-31,2017-12-31,2017-12-31,2018-04-28,0,921533000,892648250,30140000,891393000,0.289,12.333,-16395000,952000,952000,181340000,37193000,0.706,3.662,360207000,17251000,342956000,360207000,89275000,15979000,0,0.009,0.225,45730000,61709000,0.239,61709000,45730000,32782000,2.25,2.09,2.25,197656000,186571250,197656000,754794632,16,12.232,28835000,1.754,1.0,76799000,0.298,306073000,12948000,931997000,900729000,6519000,214764000,0,214764000,723877000,42718000,681159000,413564632,-2334000,-23068000,-14870000,11088000,-3709000,-8101000,-39463000,0,45230000,0,37193000,37193000,37193000,0,0,0.144,27858000,48941000,6547000,0.1,2.092,11.119,11.427,323625000,0,25.71,1.602,1.637,66586000,57904000,258139000,258139000,0,0.042,0.199,0.051,0.177,3162000,26253000,1.0,16085750,16438000,17715000,15.704,615460000,0,-4411000,0,38.401,-12578000
