ticker,dimension,calendardate,datekey,reportperiod,lastupdated,accoci,assets,assetsavg,assetsc,assetsnc,assetturnover,bvps,capex,cashneq,cashnequsd,cor,consolinc,currentratio,de,debt,debtc,debtnc,debtusd,deferredrev,depamor,deposits,divyield,dps,ebit,ebitda,ebitdamargin,ebitdausd,ebitusd,ebt,eps,epsdil,epsusd,equity,equityavg,equityusd,ev,evebit,evebitda,fcf,fcfps,fxusd,gp,grossmargin,intangibles,intexp,invcap,invcapavg,inventory,investments,investmentsc,investmentsnc,liabilities,liabilitiesc,liabilitiesnc,marketcap,ncf,ncfbus,ncfcommon,ncfdebt,ncfdiv,ncff,ncfi,ncfinv,ncfo,ncfx,netinc,netinccmn,netinccmnusd,netincdis,netincnci,netmargin,opex,opinc,payables,payoutratio,pb,pe,pe1,ppnenet,prefdivis,price,ps,ps1,receivables,retearn,revenue,revenueusd,rnd,roa,roe,roic,ros,sbcomp,sgna,sharefactor,sharesbas,shareswa,shareswadil,sps,tangibles,taxassets,taxexp,taxliabilities,tbvps,workingcapital
CUB,MRY,2011-12-31,2011-09-30,2011-09-30,2018-05-02,-26493000,966524000,916152000,676106000,290418000,1.421,21.668,-8728000,329148000,329148000,983269000,86354000,2.195,0.668,15918000,4541000,11377000,15918000,0,22341000,134316000,0.007,0.28,121704000,144045000,0.111,144045000,121704000,120163000,3.22,3.22,3.22,579310000,534965000,579310000,747880514,6,5.192,120366000,4.502,1.0,318315000,0.245,200494000,1541000,144724000,138665250,38359000,25829000,25829000,0,387214000,308076000,79138000,1044587514,33714000,-126825000,-4000,-4555000,-7486000,-12045000,-77301000,58252000,129094000,-6034000,86044000,86044000,86044000,0,310000,0.066,199732000,118583000,43984000,0.087,1.803,12.14,12.134,48467000,0,39.07,0.803,0.803,250990000,629560000,1301584000,1301584000,25260000,0.094,0.161,0.878,0.094,0,159791000,1.0,26736307,26736000,26736000,48.683,766030000,47224000,34119000,30845000,28.652,368030000
CUB,MRY,2012-12-31,2012-09-30,2012-09-30,2018-05-02,-21148000,1026317000,987623250,712726000,313591000,1.422,25.073,-14226000,281016000,281016000,1060140000,97631000,2.522,0.531,11503000,4561000,6942000,11503000,0,22857000,100764000,0.005,0.24,139361000,162218000,0.116,162218000,139361000,137759000,3.64,3.64,3.64,670342000,624509000,670342000,1050816528,7,6.478,-68903000,-2.577,1.0,343944000,0.245,186307000,1602000,287854000,221480500,52366000,0,0,0,355975000,282643000,73332000,1338419528,-116881000,0,0,-4549000,-6417000,-79550000,11603000,25829000,-54677000,5743000,97427000,97427000,97427000,0,204000,0.069,207739000,136205000,47917000,0.066,1.997,13.738,13.753,55327000,0,50.06,0.953,0.953,372767000,715043000,1404084000,1404084000,28722000,0.099,0.156,0.629,0.099,0,164189000,1.0,26736307,26736000,26736000,52.517,840010000,31034000,40332000,25595000,31.419,430083000
CUB,MRY,2013-12-31,2013-09-30,2013-09-30,2018-05-02,-2803000,1109618000,1101552750,742599000,367019000,1.236,26.821,-9052000,273273000,273273000,1055313000,25269000,3.005,0.547,102920000,557000,102363000,102920000,0,25359000,84307000,0.004,0.24,43015000,68374000,0.05,68374000,43015000,39588000,0.94,0.94,0.94,717080000,702995500,717080000,1256809959,29,18.381,-22328000,-0.835,1.0,306094000,0.225,193636000,3427000,498471000,425926750,59746000,4055000,4055000,0,392538000,247158000,145380000,1435204959,-8375000,-63691000,0,91457000,-6417000,77040000,-76793000,-4050000,-13276000,4654000,25086000,25086000,25086000,0,183000,0.018,265359000,40735000,40310000,0.255,2.001,57.211,57.106,56305000,0,53.68,1.054,1.054,398023000,740002000,1361407000,1361407000,24445000,0.023,0.036,0.101,0.032,3251000,165230000,1.0,26736307,26736000,26760000,50.92,915982000,35561000,14502000,19165000,34.26,495441000
CUB,MRY,2014-12-31,2014-09-30,2014-09-30,2018-05-02,-5372000,1194606000,1183364500,765387000,429219000,1.182,29.209,-16620000,260544000,260544000,1082535000,69580000,2.833,0.527,102390000,563000,101827000,102390000,0,30440000,91690000,0.005,0.24,93406000,123846000,0.089,123846000,93406000,89322000,2.59,2.59,2.59,782501000,760284500,782501000,1128490970,12,9.112,98190000,3.666,1.0,315817000,0.226,247759000,4084000,518518000,546891000,38775000,25557000,25557000,0,412105000,270175000,141930000,1253702970,-12404000,-83456000,-1091000,-573000,-6429000,-9826000,-121583000,-21507000,114810000,4195000,69491000,69491000,69491000,0,89000,0.05,223327000,92490000,31344000,0.093,1.602,18.041,18.069,64149000,0,46.8,0.897,0.897,410049000,803059000,1398352000,1398352000,17959000,0.059,0.091,0.171,0.067,5315000,181672000,1.0,26788525,26787000,26845000,52.203,946847000,44228000,19831000,20687000,35.343,495212000
CUB,MRY,2015-12-31,2015-09-30,2015-09-30,2018-05-02,-51836000,1300276000,1273659500,775302000,524974000,1.124,28.132,-22202000,287721000,287721000,1091326000,22914000,2.236,0.719,186705000,60525000,126180000,186705000,0,37662000,77083000,0.006,0.27,76282000,113944000,0.08,113944000,76282000,71882000,0.85,0.85,0.85,756288000,760747000,756288000,1020867777,13,8.959,67487000,2.511,1.0,339719000,0.237,310835000,4400000,541649000,500134750,63700000,30533000,30533000,0,543988000,346776000,197212000,1127467777,26988000,-92178000,-2652000,84463000,-7256000,73304000,-125055000,-7682000,89689000,-10950000,22885000,22885000,22885000,0,29000,0.016,264332000,75387000,47170000,0.318,1.491,49.267,49.341,74690000,0,41.94,0.788,0.788,395734000,818642000,1431045000,1431045000,17992000,0.018,0.03,0.153,0.053,8358000,212518000,1.0,26882875,26872000,26938000,53.254,989441000,13580000,48997000,28569000,36.804,428526000
CUB,MRY,2016-12-31,2016-09-30,2016-09-30,2018-05-02,-119817000,1504408000,1444175250,782651000,721757000,1.012,25.56,-32093000,272775000,272775000,1116906000,1735000,1.504,1.181,440741000,240450000,200291000,440741000,0,45478000,49481000,0.006,0.27,3722000,49200000,0.034,49200000,3722000,-7477000,0.06,0.06,0.06,689896000,725056000,689896000,1447832481,388,29.427,12509000,0.464,1.0,344759000,0.236,530349000,11199000,621782000,628630000,66362000,12996000,12996000,0,814512000,520243000,294269000,1263478481,-21349000,-243459000,-1563000,254506000,-7285000,233126000,-260566000,14986000,44602000,-38511000,1735000,1735000,1735000,0,0,0.001,337541000,7218000,81172000,4.5,1.831,728.23,780.167,96316000,0,46.81,0.864,0.864,403507000,813035000,1461665000,1461665000,31976000,0.001,0.002,0.006,0.003,8765000,269593000,1.0,26991636,26976000,27040000,54.184,974059000,11900000,-9212000,17285000,36.088,262408000
CUB,MRY,2017-12-31,2017-09-30,2017-09-30,2018-05-02,-106626000,1336285000,1395599250,621543000,714742000,1.065,25.425,-36932000,68577000,68577000,1122142000,-11209000,1.651,0.938,254761000,55000000,199761000,254761000,0,51099000,56132000,0.005,0.27,18877000,69976000,0.047,69976000,18877000,3850000,-0.41,-0.41,-0.41,689631000,672295500,689631000,1616277674,85,23.098,-12196000,-0.45,1.0,363719000,0.245,411420000,15027000,734570000,675863750,87715000,0,0,0,646654000,376479000,270175000,1383475674,-136984000,-16830000,-210000,-185978000,-7341000,-129826000,-42482000,10047000,24736000,10588000,-11209000,-11209000,-11209000,0,0,-0.008,346205000,17514000,88521000,-0.659,2.006,-123.425,-124.39,113220000,0,51.0,0.931,0.93,371497000,794485000,1485861000,1485861000,52652000,-0.008,-0.017,0.028,0.013,5234000,258088000,1.0,27126974,27106000,27106000,54.817,924865000,12745000,15059000,9838000,34.098,245064000
