ticker,dimension,calendardate,datekey,reportperiod,lastupdated,accoci,assets,assetsavg,assetsc,assetsnc,assetturnover,bvps,capex,cashneq,cashnequsd,cor,consolinc,currentratio,de,debt,debtc,debtnc,debtusd,deferredrev,depamor,deposits,divyield,dps,ebit,ebitda,ebitdamargin,ebitdausd,ebitusd,ebt,eps,epsdil,epsusd,equity,equityavg,equityusd,ev,evebit,evebitda,fcf,fcfps,fxusd,gp,grossmargin,intangibles,intexp,invcap,invcapavg,inventory,investments,investmentsc,investmentsnc,liabilities,liabilitiesc,liabilitiesnc,marketcap,ncf,ncfbus,ncfcommon,ncfdebt,ncfdiv,ncff,ncfi,ncfinv,ncfo,ncfx,netinc,netinccmn,netinccmnusd,netincdis,netincnci,netmargin,opex,opinc,payables,payoutratio,pb,pe,pe1,ppnenet,prefdivis,price,ps,ps1,receivables,retearn,revenue,revenueusd,rnd,roa,roe,roic,ros,sbcomp,sgna,sharefactor,sharesbas,shareswa,shareswadil,sps,tangibles,taxassets,taxexp,taxliabilities,tbvps,workingcapital
CUBE,MRY,2011-12-31,2011-12-31,2011-12-31,2018-04-28,-12831000,1875979000,1591066500,,,0.133,8.284,-426728000,20360000,20360000,87570000,2447000,,0.869,758441000,,,758441000,9568000,73702000,0,0.026,0.28,32389000,106091000,0.503,106091000,32389000,-398000,-0.02,-0.02,-0.02,955913000,771337500,955913000,1926394919,59,18.158,-342401000,-3.325,1.0,123434000,0.585,0,32787000,2614060000,2244759750,0,15181000,,,830925000,,,1304095919,3178000,-15462000,204140000,121216000,-27849000,360951000,-442100000,0,84327000,0,-398000,-1616000,-1616000,-15847000,2845000,-0.008,86665000,36769000,62426000,-14.0,1.364,-806.99,-532.0,1788720000,1218000,10.64,6.18,5.193,0,-342013000,211004000,211004000,0,-0.001,-0.002,0.014,0.153,3204000,24693000,1.0,122565406,102976000,102976000,2.049,1875979000,0,0,0,16.257,
CUBE,MRY,2012-12-31,2012-12-31,2012-12-31,2018-04-28,-19796000,2150319000,2086230750,,,0.128,7.664,-194783000,10565000,10565000,103488000,3628000,,1.124,1023759000,,,1023759000,11090000,118573000,0,0.03,0.43,42135000,160708000,0.603,160708000,42135000,1817000,-0.03,-0.03,-0.03,989791000,950498000,989791000,2948051973,69,18.344,-76355000,-0.613,1.0,162834000,0.611,0,40318000,3163513000,3022843250,0,0,,,1112420000,,,1883988973,-4574000,-80249000,103708000,158298000,-39755000,148934000,-271936000,0,118428000,0,1817000,-4191000,-4191000,-16904000,1811000,-0.016,139047000,23787000,77127000,-14.333,1.903,-449.532,-485.667,2089707000,6008000,14.57,7.074,6.814,0,-410225000,266322000,266322000,0,-0.002,-0.004,0.014,0.158,4550000,26131000,1.0,129306038,124548000,124548000,2.138,2150319000,0,0,0,16.651,
CUBE,MRY,2013-12-31,2013-12-31,2013-12-31,2018-04-28,-11014000,2358624000,2218110500,,,0.144,7.873,-255911000,7201000,7201000,118222000,41994000,,1.125,1138818000,,,1138818000,12394000,117074000,0,0.029,0.46,81872000,198946000,0.625,198946000,81872000,41448000,0.26,0.26,0.26,1092276000,1029139000,1092276000,3254874082,39,16.361,-113049000,-0.836,1.0,200173000,0.629,0,40424000,3490241000,3276384000,0,156310000,,,1229142000,,,2217640082,-1319000,-157461000,104000000,104592000,-59159000,138743000,-282924000,5192000,142862000,0,41448000,35440000,35440000,-31585000,546000,0.111,145725000,54448000,77554000,1.769,2.03,62.574,61.308,2155170000,6008000,15.94,6.965,6.768,0,-440837000,318395000,318395000,0,0.016,0.034,0.025,0.257,5617000,29563000,1.0,139124221,135191000,137742000,2.355,2358624000,0,0,0,17.0,
CUBE,MRY,2014-12-31,2014-12-31,2014-12-31,2018-04-28,-8759000,2786339000,2569239750,,,0.147,8.957,-591048000,6206000,6206000,132701000,26702000,,0.889,1173851000,,,1173851000,15311000,129003000,0,0.025,0.55,73181000,202184000,0.536,202184000,73181000,26379000,0.14,0.14,0.14,1448026000,1260544750,1448026000,4674829017,63,23.122,-425016000,-2.85,1.0,244262000,0.648,0,46802000,3953984000,3720279250,0,95709000,,,1286898000,,,3594498017,-275000,54346000,429808000,9251000,-75849000,356392000,-522699000,0,166032000,0,26379000,20371000,20371000,-672000,323000,0.054,162719000,81543000,97335000,3.929,2.482,176.452,157.643,2625129000,6008000,22.07,9.535,8.73,0,-519193000,376963000,376963000,0,0.008,0.016,0.02,0.194,1735000,28422000,1.0,162868057,149107000,150863000,2.528,2786339000,0,0,0,17.235,
CUBE,MRY,2015-12-31,2015-12-31,2015-12-31,2018-04-28,-4978000,3104164000,2926505750,,,0.152,9.497,-381736000,87469000,87469000,153172000,78756000,,0.848,1251542000,,,1251542000,17519000,154113000,0,0.023,0.69,121448000,275561000,0.62,275561000,121448000,77712000,0.43,0.42,0.43,1643327000,1531226000,1643327000,6465256984,53,23.462,-164464000,-0.975,1.0,291349000,0.655,0,43736000,4268237000,4105062000,0,97281000,,,1393183000,,,5282776984,59968000,-1982000,251551000,86433000,-107093000,217304000,-374608000,0,217272000,0,77712000,71704000,71704000,0,1044000,0.161,183461000,107888000,123719000,1.605,3.215,73.675,71.209,2872983000,6008000,30.62,11.884,11.616,0,-584654000,444521000,444521000,0,0.025,0.047,0.03,0.273,3722000,28371000,1.0,172527008,168640000,170191000,2.636,3104164000,0,0,0,17.94,
CUBE,MRY,2016-12-31,2016-12-31,2016-12-31,2018-04-28,-1850000,3475028000,3390855750,,,0.15,9.193,-541350000,10866000,10866000,165847000,88376000,,1.063,1595743000,,,1595743000,20226000,164442000,0,0.034,0.9,138304000,302746000,0.594,302746000,138304000,87905000,0.45,0.45,0.45,1655382000,1696522250,1655382000,6276918472,45,20.733,-276186000,-1.549,1.0,344192000,0.675,0,50399000,5059905000,4828457500,0,98682000,,,1759384000,,,4819620472,-59896000,-4063000,149405000,304552000,-149280000,219411000,-544471000,0,265164000,0,87905000,79923000,79923000,0,471000,0.157,201240000,142952000,143003000,2.0,2.911,60.303,59.489,3326816000,7982000,26.77,9.45,9.355,0,-658583000,510039000,510039000,0,0.024,0.047,0.029,0.271,4850000,32823000,1.0,180038120,178246000,179533000,2.861,3475028000,0,0,0,19.299,
CUBE,MRY,2017-12-31,2017-12-31,2017-12-31,2018-04-28,3000,3545336000,3501927000,,,0.16,8.979,-163250000,9158000,9158000,181508000,135611000,,1.139,1634990000,,,1634990000,21529000,148319000,0,0.038,1.11,191240000,339559000,0.608,339559000,191240000,134288000,0.74,0.74,0.74,1629134000,1623677000,1629134000,6841073827,35,20.147,130188000,0.721,1.0,377435000,0.675,0,56952000,5171168000,5108676500,0,91206000,,,1855646000,,,5231089827,2295000,15483000,32007000,32926000,-195006000,-143319000,-147824000,0,293438000,0,134288000,134288000,134288000,0,1323000,0.24,181720000,195715000,198641000,1.5,3.211,38.954,39.081,3408790000,0,28.92,9.359,9.34,0,-729311000,558943000,558943000,0,0.038,0.083,0.037,0.342,5586000,34745000,1.0,180881391,180525000,181448000,3.096,3545336000,0,0,0,19.539,
