ticker,dimension,calendardate,datekey,reportperiod,lastupdated,accoci,assets,assetsavg,assetsc,assetsnc,assetturnover,bvps,capex,cashneq,cashnequsd,cor,consolinc,currentratio,de,debt,debtc,debtnc,debtusd,deferredrev,depamor,deposits,divyield,dps,ebit,ebitda,ebitdamargin,ebitdausd,ebitusd,ebt,eps,epsdil,epsusd,equity,equityavg,equityusd,ev,evebit,evebitda,fcf,fcfps,fxusd,gp,grossmargin,intangibles,intexp,invcap,invcapavg,inventory,investments,investmentsc,investmentsnc,liabilities,liabilitiesc,liabilitiesnc,marketcap,ncf,ncfbus,ncfcommon,ncfdebt,ncfdiv,ncff,ncfi,ncfinv,ncfo,ncfx,netinc,netinccmn,netinccmnusd,netincdis,netincnci,netmargin,opex,opinc,payables,payoutratio,pb,pe,pe1,ppnenet,prefdivis,price,ps,ps1,receivables,retearn,revenue,revenueusd,rnd,roa,roe,roic,ros,sbcomp,sgna,sharefactor,sharesbas,shareswa,shareswadil,sps,tangibles,taxassets,taxexp,taxliabilities,tbvps,workingcapital
CUO,MRY,2011-12-31,2011-12-31,2011-12-31,2018-05-15,0,75871000,77624250,44838000,31033000,1.381,30.492,-1285000,840000,840000,87019000,-1948000,3.513,0.539,12433000,500000,11933000,12433000,0,4193000,0,0.0,0.0,-2544000,1649000,0.015,1649000,-2544000,-3102000,-1.2,-1.2,-1.2,49306000,49654500,49306000,30037583,-11,18.216,-1728000,-1.069,1.0,20187000,0.188,7471000,558000,67231000,67661000,17397000,35000,35000,0,26565000,12762000,13803000,19406583,-192000,240000,0,1148000,0,1648000,-1397000,-352000,-443000,0,-1948000,-1948000,-1948000,70000,0,-0.018,22456000,-2269000,4192000,0.0,0.394,-9.962,-9.967,21809000,0,11.96,0.181,0.18,18932000,62999000,107206000,107206000,0,-0.025,-0.039,-0.038,-0.024,448000,18482000,1.0,1622624,1617000,1617000,66.299,68400000,1624000,-1154000,307000,42.301,32076000
CUO,MRY,2012-12-31,2012-12-29,2012-12-29,2018-05-15,0,71545000,71234500,42173000,29372000,1.59,32.34,-1765000,1734000,1734000,94947000,3389000,3.317,0.354,3908000,500000,3408000,3908000,0,3627000,0,0.0,0.0,5662000,9289000,0.082,9289000,5662000,5106000,2.07,2.07,2.07,52844000,49209250,52844000,32209481,5,3.467,5079000,3.108,1.0,18281000,0.161,7405000,556000,53599000,56532500,15847000,0,0,0,18701000,12715000,5986000,25053481,894000,0,0,-8525000,0,-4185000,-1765000,0,6844000,0,3389000,3389000,3389000,19000,0,0.03,12540000,5741000,4191000,0.0,0.474,7.393,7.406,20007000,0,15.33,0.221,0.221,20298000,66388000,113228000,113228000,0,0.048,0.069,0.1,0.05,150000,18017000,1.0,1634278,1634000,1634000,69.295,64140000,2667000,1717000,803000,39.253,29458000
CUO,MRY,2013-12-31,2013-12-28,2013-12-28,2018-05-15,0,71962000,71139750,43234000,28728000,1.708,31.941,-1502000,924000,924000,101085000,-859000,3.317,0.382,4408000,0,4408000,4408000,0,3028000,0,0.0,0.0,-1011000,2017000,0.017,2017000,-1011000,-1385000,-0.52,-0.52,-0.52,52064000,52170250,52064000,34926811,-34,17.316,-1185000,-0.723,1.0,20456000,0.168,7347000,374000,55064000,53410750,16212000,0,0,0,19898000,13035000,6863000,32521811,-810000,0,-125000,500000,0,375000,-1502000,0,317000,0,-859000,-859000,-859000,0,0,-0.007,21467000,-1011000,5335000,0.0,0.625,-37.86,-37.981,19009000,0,19.75,0.268,0.266,22756000,65529000,121541000,121541000,0,-0.012,-0.016,-0.019,-0.008,204000,17861000,1.0,1646674,1639000,1639000,74.156,64615000,1985000,-526000,360000,39.641,30199000
CUO,MRY,2014-12-31,2015-01-03,2015-01-03,2018-05-15,0,71801000,72942250,41325000,30476000,1.808,28.394,-2223000,675000,675000,113043000,-5459000,1.988,0.533,5800000,5800000,0,5800000,0,2791000,0,0.0,0.0,-8529000,-5738000,-0.044,-5738000,-8529000,-8943000,-3.31,-3.31,-3.31,46822000,49313000,46822000,30139752,-3,-5.253,-1641000,-0.995,1.0,18833000,0.143,7295000,414000,48847000,53217500,17476000,0,0,0,24979000,20784000,4195000,27194752,-249000,0,0,1392000,0,1392000,-2223000,0,582000,0,-5459000,-5459000,-5459000,0,0,-0.041,27362000,-8529000,5762000,0.0,0.581,-4.982,-4.979,17720000,0,16.48,0.206,0.206,20011000,60070000,131876000,131876000,0,-0.075,-0.111,-0.16,-0.065,217000,18976000,1.0,1650167,1649000,1649000,79.973,64506000,4384000,-3484000,0,39.118,20541000
CUO,MRY,2015-12-31,2016-01-02,2016-01-02,2018-05-15,0,75755000,74757750,45116000,30639000,1.83,29.149,-2070000,547000,547000,111257000,1413000,2.102,0.565,6200000,6200000,0,6200000,0,2421000,0,0.0,0.0,2647000,5068000,0.037,5068000,2647000,2194000,0.85,0.85,0.85,48416000,47534000,48416000,31134396,11,6.143,-512000,-0.308,1.0,25578000,0.187,7250000,453000,52691000,50587250,19646000,0,0,0,27339000,21467000,5872000,24849396,-128000,0,-16000,400000,0,384000,-2070000,0,1558000,0,1413000,1413000,1413000,0,0,0.01,22986000,2592000,7122000,0.0,0.513,17.586,17.588,17639000,0,14.95,0.182,0.181,22715000,61483000,136835000,136835000,0,0.019,0.03,0.052,0.019,197000,20866000,1.0,1662167,1661000,1661000,82.381,68505000,3219000,781000,0,41.243,23649000
CUO,MRY,2016-12-31,2016-12-31,2016-12-31,2018-05-15,0,78008000,77177750,45883000,32125000,1.964,31.279,-4095000,301000,301000,119819000,3686000,2.323,0.494,2000000,2000000,0,2000000,0,2436000,0,0.0,0.0,6201000,8637000,0.057,8637000,6201000,5834000,2.21,2.21,2.21,52204000,50968500,52204000,40784449,6,4.722,4004000,2.399,1.0,31773000,0.21,7229000,367000,52727000,52703000,20645000,0,0,0,25804000,19751000,6053000,40024449,-246000,0,-50000,-4200000,0,-4250000,-4095000,0,8099000,0,3686000,3686000,3686000,0,0,0.024,25878000,5895000,7532000,0.0,0.767,10.859,10.837,19606000,0,23.95,0.264,0.264,22391000,65169000,151592000,151592000,0,0.048,0.072,0.118,0.041,152000,23151000,1.0,1671167,1669000,1669000,90.828,70779000,2355000,2148000,0,42.408,26132000
CUO,MRY,2017-12-31,2017-12-30,2017-12-30,2018-05-15,0,82489000,83377750,47051000,35438000,1.833,32.335,-5655000,507000,507000,124715000,1818000,2.151,0.519,3500000,3500000,0,3500000,0,2554000,0,0.0,0.0,3205000,5759000,0.038,5759000,3205000,2839000,1.08,1.08,1.08,54322000,53364750,54322000,39326173,12,6.829,-1268000,-0.755,1.0,28095000,0.184,7229000,366000,56379000,57470500,20359000,0,0,0,28167000,21874000,6293000,31961173,206000,0,-26000,1500000,0,1474000,-5655000,0,4387000,0,1818000,1818000,1818000,0,0,0.012,24969000,3126000,18374000,0.0,0.588,17.58,17.593,22824000,0,19.0,0.209,0.209,24227000,66987000,152810000,152810000,0,0.022,0.034,0.056,0.021,326000,22643000,1.0,1682167,1680000,1680000,90.958,75260000,1673000,1021000,0,44.798,25177000
