ticker,dimension,calendardate,datekey,reportperiod,lastupdated,accoci,assets,assetsavg,assetsc,assetsnc,assetturnover,bvps,capex,cashneq,cashnequsd,cor,consolinc,currentratio,de,debt,debtc,debtnc,debtusd,deferredrev,depamor,deposits,divyield,dps,ebit,ebitda,ebitdamargin,ebitdausd,ebitusd,ebt,eps,epsdil,epsusd,equity,equityavg,equityusd,ev,evebit,evebitda,fcf,fcfps,fxusd,gp,grossmargin,intangibles,intexp,invcap,invcapavg,inventory,investments,investmentsc,investmentsnc,liabilities,liabilitiesc,liabilitiesnc,marketcap,ncf,ncfbus,ncfcommon,ncfdebt,ncfdiv,ncff,ncfi,ncfinv,ncfo,ncfx,netinc,netinccmn,netinccmnusd,netincdis,netincnci,netmargin,opex,opinc,payables,payoutratio,pb,pe,pe1,ppnenet,prefdivis,price,ps,ps1,receivables,retearn,revenue,revenueusd,rnd,roa,roe,roic,ros,sbcomp,sgna,sharefactor,sharesbas,shareswa,shareswadil,sps,tangibles,taxassets,taxexp,taxliabilities,tbvps,workingcapital
CVGW,MRY,2011-12-31,2011-10-31,2011-10-31,2018-03-09,3935000,185323000,181642250,71478000,113845000,2.877,6.486,-4826000,2774000,2774000,480221000,10955000,1.138,0.935,41552000,23308000,18244000,41552000,0,4327000,0,0.024,0.55,19333000,23660000,0.045,23660000,19333000,18317000,0.75,0.75,0.75,95780000,97033750,95780000,379762102,19,16.051,3040000,0.206,1.0,42308000,0.081,18349000,1016000,142917000,144272000,17787000,32283000,0,32283000,89543000,62835000,26708000,333346102,1710000,-16081000,213000,21974000,-8100000,14751000,-20907000,0,7866000,0,11068000,11068000,11068000,0,-113000,0.021,23976000,18332000,12119000,0.733,3.48,30.118,30.093,47091000,0,22.57,0.638,0.637,39450000,41902000,522529000,522529000,0,0.061,0.114,0.134,0.037,188000,23976000,1.0,14769433,14743000,14743000,35.443,166974000,5247000,7249000,8002000,11.307,8643000
CVGW,MRY,2012-12-31,2012-10-31,2012-10-31,2018-03-09,9390000,207891000,201346500,83464000,124427000,2.737,7.417,-7749000,7103000,7103000,490454000,15630000,1.131,0.89,38625000,25586000,13039000,38625000,0,5909000,0,0.023,0.55,27167000,33076000,0.06,33076000,27167000,26015000,1.07,1.05,1.07,110022000,104592000,110022000,383472293,14,11.594,14262000,0.964,1.0,60665000,0.11,18262000,1152000,147343000,151443250,22948000,39361000,0,39361000,97869000,73808000,24061000,349131293,4329000,300000,791000,-2927000,-8123000,-10233000,-7449000,0,22011000,0,15802000,15802000,15802000,0,-172000,0.029,35286000,25379000,16373000,0.514,3.173,22.094,22.065,50562000,0,23.61,0.633,0.634,41239000,49342000,551119000,551119000,0,0.078,0.151,0.179,0.049,417000,32714000,1.0,14787433,14795000,14795000,37.25,189629000,4984000,10213000,10665000,12.783,9656000
CVGW,MRY,2013-12-31,2013-10-31,2013-10-31,2018-03-09,13414000,239939000,228229750,109730000,130209000,3.03,7.905,-6746000,8019000,8019000,632003000,-2684000,0.971,1.015,47040000,39248000,7792000,47040000,0,6367000,0,0.022,0.65,-5412000,955000,0.001,955000,-5412000,-6510000,-0.12,-0.12,-0.12,119093000,115232750,119093000,471164163,-87,493.366,6966000,0.469,1.0,59448000,0.086,18262000,1098000,147716000,154501750,28673000,46951000,0,46951000,120846000,112982000,7864000,436589163,916000,-1000000,751000,8415000,-9646000,-5050000,-7746000,0,13712000,0,-1795000,-1795000,-1795000,0,-889000,-0.003,66352000,-6904000,26189000,-5.417,3.666,-243.225,-247.417,52649000,0,29.69,0.631,0.638,58273000,35054000,691451000,691451000,0,-0.008,-0.016,-0.035,-0.008,376000,33485000,1.0,14704923,14856000,14856000,46.544,221677000,4008000,-4715000,129000,14.714,-3252000
CVGW,MRY,2014-12-31,2014-10-31,2014-10-31,2018-03-09,12713000,283464000,260388500,123044000,160420000,3.005,11.369,-11613000,6744000,6744000,711282000,-215000,1.218,0.58,43790000,40999000,2791000,43790000,0,6926000,0,0.014,0.7,-2836000,4090000,0.005,4090000,-2836000,-3819000,0.01,0.01,0.01,179406000,152085000,179406000,793271138,-279,193.954,12934000,0.82,1.0,71228000,0.091,18262000,983000,201251000,179961500,30975000,62735000,0,62735000,104058000,100997000,3061000,765107138,-1275000,-10140000,127000,-3250000,-11005000,-4069000,-21753000,0,24547000,0,97000,97000,97000,0,-312000,0.0,87687000,-16459000,21725000,70.0,4.265,7887.702,4854.0,57352000,0,48.54,0.978,0.978,59876000,22180000,782510000,782510000,0,0.0,0.001,-0.016,-0.004,727000,36605000,1.0,15762405,15765000,15765000,49.636,265202000,18208000,-3916000,0,16.806,22047000
CVGW,MRY,2015-12-31,2015-10-31,2015-10-31,2018-03-09,2419000,284945000,293826500,116822000,168123000,2.916,10.746,-18099000,7171000,7171000,771597000,27199000,1.194,0.532,39702000,39116000,586000,39702000,0,8038000,0,0.015,0.75,44122000,52160000,0.061,52160000,44122000,43292000,1.57,1.57,1.57,185982000,189038000,185982000,927849195,21,17.789,19184000,1.109,1.0,85227000,0.099,18262000,830000,201356000,213122750,26351000,47135000,0,47135000,98963000,97858000,1105000,893675195,427000,-3217000,249000,-4088000,-12971000,-15802000,-21054000,262000,37283000,0,27199000,27199000,27199000,0,0,0.032,41558000,43669000,23524000,0.478,4.805,32.857,32.745,69448000,0,51.41,1.043,1.038,61426000,35472000,856824000,856824000,0,0.093,0.144,0.207,0.051,2108000,41558000,1.0,17383295,17295000,17295000,49.542,266683000,25388000,16093000,234000,15.409,18964000
CVGW,MRY,2016-12-31,2016-10-31,2016-10-31,2018-03-09,6544000,327933000,314606250,134953000,192980000,2.974,12.383,-21859000,13842000,13842000,828145000,38459000,1.234,0.525,19583000,19138000,445000,19583000,0,8812000,0,0.014,0.8,60647000,69459000,0.074,69459000,60647000,59891000,2.19,2.18,2.19,215069000,207072250,215069000,1035953833,17,14.915,40109000,2.312,1.0,107534000,0.115,18262000,756000,206071000,209362250,31849000,58688000,0,58688000,112864000,109341000,3523000,1031481833,6671000,128000,104000,-20119000,-13907000,-33566000,-21731000,0,61968000,0,38022000,38022000,38022000,0,437000,0.041,46440000,61094000,43412000,0.365,4.796,27.129,27.009,87837000,0,59.15,1.102,1.097,74526000,57798000,935679000,935679000,0,0.121,0.184,0.29,0.065,1687000,46440000,1.0,17438408,17347000,17347000,53.939,309671000,15278000,21869000,0,17.83,25612000
CVGW,MRY,2017-12-31,2017-10-31,2017-10-31,2018-03-09,10434000,364117000,367808500,119828000,244289000,2.924,14.007,-44510000,6625000,6625000,961021000,37324000,1.032,0.492,20568000,20129000,439000,20568000,0,10691000,0,0.012,0.9,58743000,69434000,0.065,69434000,58743000,57720000,2.14,2.13,2.14,244122000,237202000,244122000,1321915292,22,19.038,17630000,1.012,1.0,114544000,0.106,18262000,1023000,243631000,255617250,30858000,73381000,0,73381000,119995000,116167000,3828000,1292195292,-7217000,-9158000,65000,942000,-15696000,-15689000,-53668000,0,62140000,0,37270000,37270000,37270000,0,54000,0.035,56651000,57893000,39435000,0.421,5.293,34.671,34.439,120072000,0,73.7,1.201,1.193,74096000,78411000,1075565000,1075565000,0,0.101,0.157,0.23,0.055,4320000,56651000,1.0,17533179,17416000,17416000,61.757,345855000,11160000,20450000,0,19.845,3661000
