ticker,dimension,calendardate,datekey,reportperiod,lastupdated,accoci,assets,assetsavg,assetsc,assetsnc,assetturnover,bvps,capex,cashneq,cashnequsd,cor,consolinc,currentratio,de,debt,debtc,debtnc,debtusd,deferredrev,depamor,deposits,divyield,dps,ebit,ebitda,ebitdamargin,ebitdausd,ebitusd,ebt,eps,epsdil,epsusd,equity,equityavg,equityusd,ev,evebit,evebitda,fcf,fcfps,fxusd,gp,grossmargin,intangibles,intexp,invcap,invcapavg,inventory,investments,investmentsc,investmentsnc,liabilities,liabilitiesc,liabilitiesnc,marketcap,ncf,ncfbus,ncfcommon,ncfdebt,ncfdiv,ncff,ncfi,ncfinv,ncfo,ncfx,netinc,netinccmn,netinccmnusd,netincdis,netincnci,netmargin,opex,opinc,payables,payoutratio,pb,pe,pe1,ppnenet,prefdivis,price,ps,ps1,receivables,retearn,revenue,revenueusd,rnd,roa,roe,roic,ros,sbcomp,sgna,sharefactor,sharesbas,shareswa,shareswadil,sps,tangibles,taxassets,taxexp,taxliabilities,tbvps,workingcapital
CVI,MRY,2011-12-31,2011-12-31,2011-12-31,2018-04-28,-1008000,3119291000,2467363500,1356783000,1762508000,2.038,13.296,-91200000,388328000,388328000,4277600000,378600000,2.309,1.58,863783000,9880000,853903000,863783000,9026000,90300000,0,0.0,0.0,611100000,701400000,0.139,701400000,611100000,555300000,4.0,3.94,4.0,1151612000,987954500,1151612000,1314892617,2,1.875,187400000,2.166,1.0,751500000,0.149,41281000,55800000,2965906000,2123834000,636221000,0,0,0,1819588000,587559000,1232029000,1621521617,188300000,-586000000,-3700000,308200000,0,584100000,-674400000,0,278600000,0,345800000,345800000,345800000,0,32800000,0.069,184900000,566600000,466559000,0.0,1.408,4.689,4.683,1672961000,0,18.73,0.322,0.322,188634000,566855000,5029100000,5029100000,0,0.14,0.35,0.288,0.122,24900000,98000000,1.0,86573498,86500000,87800000,58.14,3078010000,30167000,209500000,404291000,35.538,769224000
CVI,MRY,2012-12-31,2012-12-31,2012-12-31,2018-04-28,-1200000,3610900000,3437858250,1761100000,1849800000,2.492,17.57,-212200000,896000000,896000000,7219000000,412600000,2.815,1.279,898200000,1100000,897100000,898200000,1000000,130000000,0,0.0,0.0,679600000,809600000,0.094,809600000,679600000,604200000,4.36,4.33,4.36,1525100000,1354189250,1525100000,4100353929,6,5.065,550400000,6.341,1.0,1348300000,0.157,41300000,75400000,2946100000,2827367750,528100000,0,0,0,1950800000,625700000,1325100000,4236486929,507700000,0,100000,7500000,0,-44200000,-210700000,0,762600000,0,378600000,378600000,378600000,0,34000000,0.044,313400000,1034900000,440100000,0.0,2.778,11.19,11.19,1782900000,0,48.79,0.494,0.494,221100000,945400000,8567300000,8567300000,0,0.11,0.28,0.24,0.079,39100000,183400000,1.0,86831050,86800000,87400000,98.702,3569600000,61500000,225600000,423600000,41.124,1135400000
CVI,MRY,2013-12-31,2013-12-31,2013-12-31,2018-04-28,-600000,3665800000,3834089750,1731700000,1934100000,2.344,13.694,-256500000,842100000,842100000,8019000000,522000000,3.453,1.54,676200000,1300000,674900000,676200000,700000,142800000,0,0.328,14.25,604900000,747700000,0.083,747700000,604900000,554400000,4.27,4.27,4.27,1188600000,1301363250,1188600000,3560372501,5,4.762,183600000,2.115,1.0,966800000,0.108,41300000,50500000,2957100000,2893025500,526600000,0,0,0,1830400000,501500000,1328900000,3771072501,-53900000,0,292100000,-245000000,-1237300000,-243700000,-250300000,6100000,440100000,0,370700000,370700000,370700000,0,151300000,0.041,256300000,710500000,378000000,3.337,3.173,10.173,10.171,1864400000,0,43.43,0.42,0.42,241900000,76200000,8985800000,8985800000,0,0.097,0.285,0.209,0.067,18500000,113500000,1.0,86831050,86800000,86800000,103.523,3624500000,38600000,183700000,633200000,41.757,1230200000
CVI,MRY,2014-12-31,2014-12-31,2014-12-31,2018-04-28,-300000,3462500000,3766075000,1456600000,2005900000,2.419,11.384,-218400000,753700000,753700000,8729200000,309400000,3.439,1.809,674900000,1400000,673500000,674900000,13600000,154400000,0,0.129,5.0,311600000,466000000,0.051,466000000,311600000,271600000,2.0,2.0,2.0,988100000,1166175000,988100000,3243429945,10,6.96,421900000,4.861,1.0,380300000,0.042,41200000,40000000,2918900000,2977700000,329600000,0,0,0,1787200000,423600000,1363600000,3361229945,-88400000,0,0,-1200000,-434200000,-432100000,-296600000,-78300000,640300000,0,173900000,173900000,173900000,0,135500000,0.019,116000000,264300000,275000000,2.5,3.402,19.329,19.355,1916000000,0,38.71,0.369,0.369,181200000,-184900000,9109500000,9109500000,0,0.046,0.149,0.105,0.034,12400000,109700000,1.0,86831050,86800000,86800000,104.948,3421300000,17400000,97700000,665000000,39.416,1033000000
CVI,MRY,2015-12-31,2015-12-31,2015-12-31,2018-04-28,0,3299400000,3461125000,1273600000,2025800000,1.57,11.338,-218700000,765100000,765100000,4931500000,297800000,2.628,1.726,667100000,126400000,540700000,667100000,3100000,164100000,0,0.051,2.0,302500000,466600000,0.086,466600000,302500000,254100000,1.95,1.95,1.95,984100000,1028525000,984100000,3078701817,10,6.598,318100000,3.665,1.0,501000000,0.092,41200000,48400000,2675600000,2694050000,289900000,0,0,0,1698900000,484600000,1214300000,3416801817,11400000,0,0,-1300000,-173700000,-374800000,-150600000,68000000,536800000,0,169600000,169600000,169600000,0,128200000,0.031,79400000,421600000,261500000,1.026,3.472,20.146,20.179,1967100000,0,39.35,0.629,0.629,107400000,-189200000,5432500000,5432500000,0,0.049,0.165,0.112,0.056,12900000,99000000,1.0,86831050,86800000,86800000,62.586,3258200000,6900000,84500000,663200000,37.537,789000000
CVI,MRY,2016-12-31,2016-12-31,2016-12-31,2018-04-28,0,4050200000,3836275000,1315500000,2734700000,1.247,9.886,-132700000,735800000,735800000,4573800000,8900000,2.325,2.728,1164600000,1800000,1162800000,1164600000,12600000,193100000,0,0.079,2.0,88800000,281900000,0.059,281900000,88800000,4900000,0.28,0.28,0.28,858100000,902425000,858100000,2608340359,29,9.253,134800000,1.553,1.0,208600000,0.044,41200000,83900000,3871900000,3650175000,349200000,5600000,0,5600000,2340600000,565900000,1774700000,2204640359,-29300000,-69400000,0,120100000,-173600000,-95400000,-201400000,700000,267500000,0,24700000,24700000,24700000,0,-15800000,0.005,117700000,90900000,261600000,7.143,2.569,89.257,90.679,2672100000,0,25.39,0.461,0.461,151900000,-338100000,4782400000,4782400000,0,0.006,0.027,0.024,0.019,9300000,109100000,1.0,86831050,86800000,86800000,55.097,4009000000,10200000,-19800000,606900000,46.187,749600000
CVI,MRY,2017-12-31,2017-12-31,2017-12-31,2018-04-28,0,3806700000,3980450000,1094200000,2712500000,1.504,10.585,-118600000,481800000,481800000,5685700000,216900000,2.013,2.289,1166500000,2100000,1164400000,1166500000,12900000,214000000,0,0.054,2.0,127600000,341600000,0.057,341600000,127600000,17500000,2.7,2.7,2.7,918800000,825125000,918800000,3550588302,27,10.394,48300000,0.556,1.0,302700000,0.051,41200000,110100000,3906500000,3782150000,385200000,82800000,0,82800000,2102700000,543700000,1559000000,3233588302,-254000000,-76500000,0,-3400000,-173700000,-225900000,-195000000,0,166900000,0,234400000,234400000,234400000,0,-17500000,0.039,124900000,177800000,333900000,0.741,3.519,13.795,13.793,2571800000,0,37.24,0.54,0.54,183800000,-277400000,5988400000,5988400000,0,0.059,0.284,0.034,0.021,18800000,114200000,1.0,86831050,86800000,86800000,68.991,3765500000,9700000,-216900000,412400000,43.381,550500000
