ticker,dimension,calendardate,datekey,reportperiod,lastupdated,accoci,assets,assetsavg,assetsc,assetsnc,assetturnover,bvps,capex,cashneq,cashnequsd,cor,consolinc,currentratio,de,debt,debtc,debtnc,debtusd,deferredrev,depamor,deposits,divyield,dps,ebit,ebitda,ebitdamargin,ebitdausd,ebitusd,ebt,eps,epsdil,epsusd,equity,equityavg,equityusd,ev,evebit,evebitda,fcf,fcfps,fxusd,gp,grossmargin,intangibles,intexp,invcap,invcapavg,inventory,investments,investmentsc,investmentsnc,liabilities,liabilitiesc,liabilitiesnc,marketcap,ncf,ncfbus,ncfcommon,ncfdebt,ncfdiv,ncff,ncfi,ncfinv,ncfo,ncfx,netinc,netinccmn,netinccmnusd,netincdis,netincnci,netmargin,opex,opinc,payables,payoutratio,pb,pe,pe1,ppnenet,prefdivis,price,ps,ps1,receivables,retearn,revenue,revenueusd,rnd,roa,roe,roic,ros,sbcomp,sgna,sharefactor,sharesbas,shareswa,shareswadil,sps,tangibles,taxassets,taxexp,taxliabilities,tbvps,workingcapital
CWST,MRY,2011-12-31,2011-04-30,2011-04-30,2018-05-05,378000,690581000,734813250,72405000,618176000,0.619,3.568,-53629000,1893000,1893000,306014000,38428000,0.863,6.348,465107000,1533000,463574000,465107000,0,58121000,0,0.0,0.0,60248000,118369000,0.26,118369000,60248000,14705000,1.47,1.47,1.47,93987000,58595250,93987000,740263371,12,6.254,-5420000,-0.208,1.0,148671000,0.327,103659000,45543000,966215000,1068907250,3461000,38263000,0,38263000,596594000,83921000,512673000,177914371,-218000,-1744000,476000,-118500000,0,-117895000,-55103000,0,48209000,0,38428000,38428000,38428000,-41392000,0,0.085,122218000,26453000,42499000,0.0,1.893,4.63,4.599,453361000,0,6.76,0.391,0.388,56211000,-192649000,454685000,454685000,0,0.052,0.656,0.056,0.133,1463000,63396000,1.0,26318694,26105000,26105000,17.418,586922000,5600000,-23723000,9364000,22.281,-11516000
CWST,MRY,2012-12-31,2012-04-30,2012-04-30,2018-05-05,-1952000,633743000,675231000,67356000,566387000,0.693,0.612,-56871000,4610000,4610000,318068000,-77592000,0.829,37.46,476765000,1566000,475199000,476765000,0,58415000,0,0.0,0.0,-30985000,27430000,0.059,27430000,-30985000,-75993000,-2.9,-2.9,-2.9,16431000,66121000,16431000,635741994,-20,23.177,7300000,0.273,1.0,149882000,0.32,104676000,45008000,919976000,952424000,3503000,22925000,0,22925000,615512000,81246000,534266000,162662994,2717000,-2102000,337000,9102000,0,10229000,-70634000,-5045000,64171000,0,-77586000,-77586000,-77586000,-111000,-6000,-0.166,160915000,-11033000,46709000,0.0,9.9,-2.097,-2.079,414666000,0,6.03,0.348,0.345,47472000,-270235000,467950000,467950000,0,-0.115,-1.173,-0.033,-0.066,1601000,60264000,1.0,26975621,26749000,26749000,17.494,529067000,4993000,1593000,5336000,19.704,-13890000
CWST,MRY,2013-12-31,2013-04-30,2013-04-30,2018-05-05,-592000,663119000,662255250,64545000,598574000,0.688,0.29,-54144000,1831000,1831000,323014000,-54463000,0.733,57.392,496205000,1218000,494987000,496205000,0,56576000,0,0.0,0.0,-15098000,41478000,0.091,41478000,-15098000,-56668000,-1.59,-1.59,-1.59,11285000,18663500,11285000,665250716,-44,16.039,-10238000,-0.301,1.0,132321000,0.291,127602000,41570000,941793000,917783500,3494000,20399000,0,20399000,647668000,88098000,559570000,172856716,-2779000,-25843000,42184000,136000,0,44947000,-89455000,-3207000,43906000,0,-54142000,-54142000,-54142000,4480000,-321000,-0.119,119900000,12421000,51974000,0.0,15.317,-3.193,-2.742,422502000,0,4.36,0.38,0.326,48689000,-324377000,455335000,455335000,0,-0.082,-2.901,-0.016,-0.033,2420000,58205000,1.0,39646036,34015000,34015000,13.386,535517000,3858000,-2526000,6798000,13.744,-23553000
CWST,MRY,2014-12-31,2014-04-30,2014-04-30,2018-05-05,39000,649897000,668149000,70805000,579092000,0.745,-0.211,-44435000,2540000,2540000,354592000,-27404000,0.789,-78.32,508019000,885000,507134000,508019000,0,60339000,0,0.0,0.0,16879000,77218000,0.155,77218000,16879000,-21296000,-0.58,-0.58,-0.58,-8407000,4462250,-8407000,713147891,42,9.236,5207000,0.131,1.0,143041000,0.287,132559000,38175000,933071000,950265500,3905000,16752000,0,16752000,658434000,89746000,568688000,204193891,709000,-8305000,143000,8865000,0,9008000,-57910000,1335000,49642000,0,-23095000,-23095000,-23095000,-284000,-4309000,-0.046,132183000,10858000,51788000,0.0,-24.289,-8.841,-8.793,403424000,0,5.1,0.41,0.408,52603000,-347472000,497633000,497633000,0,-0.035,-5.176,0.018,0.034,2404000,61865000,1.0,40038018,39820000,39820000,12.497,517338000,2967000,1799000,6954000,12.962,-18941000
CWST,MRY,2015-12-31,2015-12-31,2015-12-31,2018-05-05,7000,633669000,651566500,76668000,557001000,0.839,-0.526,-49280000,2312000,2312000,382615000,-11781000,0.898,-30.445,507433000,1448000,505985000,507433000,0,62704000,0,0.0,0.0,28802000,91506000,0.167,91506000,28802000,-11618000,-0.32,-0.32,-0.32,-21523000,-19180500,-21523000,774708564,26,8.466,21227000,0.522,1.0,163885000,0.3,128228000,40420000,925216000,968238000,4282000,12333000,0,12333000,655266000,85346000,569920000,244982564,107000,5335000,161000,-24938000,0,-21616000,-48784000,0,70507000,0,-12969000,-12969000,-12969000,0,1188000,-0.024,132019000,31866000,44921000,0.0,-11.382,-18.89,-18.688,402252000,0,5.98,0.448,0.445,60167000,-366459000,546500000,546500000,0,-0.02,0.676,0.03,0.053,2894000,72892000,1.0,40966984,40642000,40642000,13.447,505441000,651000,1351000,5595000,12.362,-8678000
CWST,MRY,2016-12-31,2016-12-31,2016-12-31,2018-05-05,-68000,631512000,629698500,78588000,552924000,0.897,-0.592,-52876000,2544000,2544000,381973000,-6858000,0.953,-26.75,508647000,4686000,503961000,508647000,0,61856000,0,0.0,0.0,32587000,94443000,0.167,94443000,32587000,-6355000,-0.17,-0.17,-0.17,-24526000,-22267250,-24526000,1011911068,31,10.715,27558000,0.668,1.0,183057000,0.324,127595000,38942000,927594000,926437000,4915000,12333000,0,12333000,656062000,82426000,573636000,514871068,232000,-2839000,128000,-18713000,0,-17238000,-62964000,0,80434000,0,-6849000,-6849000,-6849000,0,-9000,-0.012,138112000,44945000,44997000,0.0,-20.993,-75.175,-73.0,398466000,0,12.41,0.911,0.906,61196000,-373308000,565030000,565030000,0,-0.011,0.308,0.035,0.058,3393000,75356000,1.0,41488402,41233000,41233000,13.703,503917000,654000,494000,6178000,12.165,-3838000
CWST,MRY,2017-12-31,2017-12-31,2017-12-31,2018-05-05,184000,614949000,604373750,84380000,530569000,0.992,-0.901,-64151000,1995000,1995000,405188000,-21799000,0.953,-17.242,482502000,4926000,477576000,482502000,0,62102000,0,0.0,0.0,-11892000,50210000,0.084,50210000,-11892000,-37052000,-0.52,-0.52,-0.52,-37862000,-49037250,-37862000,1449980168,-121,28.878,43387000,1.037,1.0,194121000,0.324,130754000,25160000,876133000,886516000,6534000,12333000,0,12333000,652811000,88569000,564242000,967845168,-549000,-5056000,1278000,-32918000,0,-31640000,-76447000,0,107538000,0,-21799000,-21799000,-21799000,0,0,-0.036,206704000,-12583000,47081000,0.0,-25.562,-44.399,-44.269,361547000,0,23.02,1.615,1.607,65953000,-395107000,599309000,599309000,0,-0.036,0.445,-0.013,-0.02,6432000,79243000,1.0,42043665,41846000,41846000,14.322,484195000,12089000,-15253000,2305000,11.519,-4189000
