ticker,dimension,calendardate,datekey,reportperiod,lastupdated,accoci,assets,assetsavg,assetsc,assetsnc,assetturnover,bvps,capex,cashneq,cashnequsd,cor,consolinc,currentratio,de,debt,debtc,debtnc,debtusd,deferredrev,depamor,deposits,divyield,dps,ebit,ebitda,ebitdamargin,ebitdausd,ebitusd,ebt,eps,epsdil,epsusd,equity,equityavg,equityusd,ev,evebit,evebitda,fcf,fcfps,fxusd,gp,grossmargin,intangibles,intexp,invcap,invcapavg,inventory,investments,investmentsc,investmentsnc,liabilities,liabilitiesc,liabilitiesnc,marketcap,ncf,ncfbus,ncfcommon,ncfdebt,ncfdiv,ncff,ncfi,ncfinv,ncfo,ncfx,netinc,netinccmn,netinccmnusd,netincdis,netincnci,netmargin,opex,opinc,payables,payoutratio,pb,pe,pe1,ppnenet,prefdivis,price,ps,ps1,receivables,retearn,revenue,revenueusd,rnd,roa,roe,roic,ros,sbcomp,sgna,sharefactor,sharesbas,shareswa,shareswadil,sps,tangibles,taxassets,taxexp,taxliabilities,tbvps,workingcapital
CYS,MRY,2011-12-31,2011-12-31,2011-12-31,2018-04-28,0,9518057000,9289129250,,,0.053,13.121,0,11508000,11508000,0,291933000,,7.834,7880814000,,,7880814000,0,0,0,0.171,2.25,291933000,291933000,0.591,291933000,291933000,291933000,3.66,3.66,3.66,1077458000,1035185000,1077458000,8620836522,29,29.53,-4516896000,-57.182,1.0,494313000,1.0,0,0,17387363000,16366085000,0,9466128000,,,8440599000,,,1087347522,9998000,0,275884000,4436971000,-185961000,4526894000,0,0,-4516896000,0,291933000,291933000,291933000,0,0,0.591,23189000,471124000,478919000,0.615,1.009,3.725,3.59,0,0,13.14,2.2,2.1,5550000,78746000,494313000,494313000,0,0.031,0.282,0.018,0.591,5263000,14747000,1.0,82750953,78992000,78992000,6.258,9518057000,0,0,0,115.907,
CYS,MRY,2012-12-31,2012-12-31,2012-12-31,2018-04-28,0,21057496000,18025161500,,,0.022,17.205,0,13882000,13882000,0,372787000,,7.764,13981307000,,,13981307000,0,0,0,0.201,2.37,372787000,372787000,0.948,372787000,372787000,372787000,2.64,2.64,2.64,2402662000,2040761000,2402662000,15957640807,42,42.806,288591000,2.067,1.0,393312000,1.0,0,0,35024921000,29483261250,0,20985887000,,,18654834000,,,2066159807,2374000,0,1236807000,6100493000,-358350000,7051319000,-7337536000,-11413852000,288591000,0,372787000,370382000,370382000,0,0,0.942,20525000,372787000,4574517000,0.898,0.86,5.578,4.473,0,2405000,11.81,5.253,4.193,10343000,91032000,393312000,393312000,0,0.021,0.181,0.013,0.948,2834000,20525000,1.0,174950026,139651000,139651000,2.816,21057496000,0,0,0,150.787,
CYS,MRY,2013-12-31,2013-12-31,2013-12-31,2018-04-28,0,14633064000,18321533000,,,-0.025,10.85,0,4992000,4992000,0,-475782000,,7.274,11206950000,,,11206950000,0,0,0,0.178,1.32,-475782000,-475782000,1.046,-475782000,-475782000,-475782000,-2.9,-2.9,-2.9,1768656000,2021868000,1768656000,12961160333,-27,-27.242,310256000,1.825,1.0,-454747000,1.0,0,0,25835022000,30939398250,0,14161500000,,,12864408000,,,1236686333,-8890000,0,-116287000,-2774357000,-235772000,-2932885000,2613739000,5982281000,310256000,0,-475782000,-491636000,-491636000,0,0,1.081,21035000,-475782000,1623782000,-0.455,0.699,-2.515,-2.555,0,15854000,7.41,-2.72,-2.77,429233000,-545390000,-454747000,-454747000,0,-0.027,-0.243,-0.015,1.046,3471000,21035000,1.0,166894242,169967000,169967000,-2.676,14633064000,0,0,0,89.765,
CYS,MRY,2014-12-31,2014-12-31,2014-12-31,2018-04-28,0,14895863000,14491127750,,,0.031,12.191,0,4323000,4323000,0,425609000,,6.542,11289559000,,,11289559000,0,0,0,0.142,1.24,425609000,425609000,0.949,425609000,425609000,425609000,2.5,2.5,2.5,1975168000,1920470750,1975168000,11805479321,27,27.738,218037000,1.346,1.0,448492000,1.0,0,0,26181099000,24875054500,0,14757816000,,,12920695000,,,1412761321,-669000,0,-1952000,82609000,-221659000,-141002000,-77704000,-395683000,218037000,0,425609000,404797000,404797000,0,0,0.903,22883000,425609000,1582662000,0.496,0.715,3.49,3.488,0,20812000,8.72,3.15,3.15,94747000,-341502000,448492000,448492000,0,0.028,0.211,0.017,0.949,4514000,22883000,1.0,162013913,162013913,,2.768,14895863000,0,0,0,91.942,
CYS,MRY,2015-12-31,2015-12-31,2015-12-31,2018-04-28,0,14330704000,14899353250,,,0.001,10.947,0,9982000,9982000,0,-4765000,,7.457,11086477000,,,11086477000,0,0,0,0.154,1.1,-4765000,-4765000,-0.296,-4765000,-4765000,-4765000,-0.17,-0.17,-0.17,1694614000,1794795000,1694614000,12428544413,-2608,-2608.299,257607000,1.664,1.0,16078000,1.0,0,0,25407199000,26105465500,0,13178513000,,,12636090000,,,1103748413,5659000,0,-87944000,-201783000,-191866000,-481593000,229645000,1325237000,257607000,0,-4765000,-25578000,-25578000,0,0,-1.591,20843000,-4765000,1494508000,-6.471,0.651,-43.152,-41.941,0,20813000,7.13,68.65,68.65,1106595000,-519222000,16078000,16078000,0,-0.002,-0.014,0.0,-0.296,4021000,20843000,1.0,154803424,154803424,,0.104,14330704000,0,0,0,92.574,
CYS,MRY,2016-12-31,2016-12-31,2016-12-31,2018-04-28,0,13245268000,12814655750,,,0.003,10.141,0,1260000,1260000,0,16391000,,7.625,9691544000,,,9691544000,0,0,0,0.131,1.01,16391000,16391000,0.41,16391000,16391000,16391000,-0.04,-0.04,-0.04,1535719000,1680703000,1535719000,10789034747,658,658.229,167867000,1.109,1.0,40002000,1.0,0,0,22935552000,22819733750,0,12799315000,,,11709549000,,,1170585747,-8722000,0,-5509000,-1396232000,-173772000,-1575513000,1398924000,223820000,167867000,0,16391000,-4421000,-4421000,0,0,-0.111,23611000,16391000,1973466000,-25.25,0.762,-264.778,-193.25,0,20812000,7.73,29.263,29.263,410449000,-676603000,40002000,40002000,0,0.0,-0.003,0.001,0.41,3995000,23611000,1.0,151434120,151434120,,0.264,13245268000,0,0,0,87.466,
CYS,MRY,2017-12-31,2017-12-31,2017-12-31,2018-04-28,0,13145582000,12419363250,,,0.016,10.156,0,4132000,4132000,0,181261000,,7.35,10089917000,,,10089917000,0,0,0,0.125,1.0,181261000,181261000,0.887,181261000,181261000,181261000,1.05,1.05,1.05,1574247000,1561526000,1574247000,11627152388,64,64.146,249704000,1.611,1.0,204256000,1.0,0,0,23231367000,22132562750,0,12804048000,,,11571335000,,,1244730388,2872000,0,27439000,398373000,-174171000,251641000,-498473000,-63127000,249704000,0,181261000,160449000,160449000,0,0,0.786,22995000,181261000,1430419000,0.952,0.791,7.758,7.648,0,20812000,8.03,6.094,6.094,301398000,-669513000,204256000,204256000,0,0.013,0.103,0.008,0.887,3999000,22995000,1.0,155010011,155010011,,1.318,13145582000,0,0,0,84.805,
