ticker,dimension,calendardate,datekey,reportperiod,lastupdated,accoci,assets,assetsavg,assetsc,assetsnc,assetturnover,bvps,capex,cashneq,cashnequsd,cor,consolinc,currentratio,de,debt,debtc,debtnc,debtusd,deferredrev,depamor,deposits,divyield,dps,ebit,ebitda,ebitdamargin,ebitdausd,ebitusd,ebt,eps,epsdil,epsusd,equity,equityavg,equityusd,ev,evebit,evebitda,fcf,fcfps,fxusd,gp,grossmargin,intangibles,intexp,invcap,invcapavg,inventory,investments,investmentsc,investmentsnc,liabilities,liabilitiesc,liabilitiesnc,marketcap,ncf,ncfbus,ncfcommon,ncfdebt,ncfdiv,ncff,ncfi,ncfinv,ncfo,ncfx,netinc,netinccmn,netinccmnusd,netincdis,netincnci,netmargin,opex,opinc,payables,payoutratio,pb,pe,pe1,ppnenet,prefdivis,price,ps,ps1,receivables,retearn,revenue,revenueusd,rnd,roa,roe,roic,ros,sbcomp,sgna,sharefactor,sharesbas,shareswa,shareswadil,sps,tangibles,taxassets,taxexp,taxliabilities,tbvps,workingcapital
DAEG,MRY,2011-12-31,2011-04-30,2011-04-30,2017-06-20,443000,62734000,73993500,21413000,41321000,0.635,1.24,-852000,4577000,4577000,12470000,-16665000,1.196,2.479,26600000,1869000,24731000,26600000,7951000,4419000,0,0.0,0.0,-13204000,-8785000,-0.187,-8785000,-13204000,-16610000,-1.23,-1.23,-1.23,18034000,27988000,18034000,65104103,-4,-7.411,-235000,-0.017,1.0,34523000,0.735,37557000,3406000,29299000,30694000,0,0,0,0,44700000,17901000,26799000,42274103,1522000,-21804000,2000,23608000,0,23610000,-22656000,0,617000,-49000,-16665000,-16665000,-16665000,0,0,-0.355,48418000,-13895000,1433000,0.0,2.344,-2.537,-2.358,2240000,0,2.9,0.9,0.836,15670000,-77535000,46993000,46993000,7736000,-0.225,-0.595,-0.43,-0.281,960000,24718000,1.0,14577277,13552000,13552000,3.468,25177000,0,55000,555000,1.731,3512000
DAEG,MRY,2012-12-31,2012-04-30,2012-04-30,2017-06-20,341000,41869000,54507000,17525000,24344000,0.797,0.409,-1132000,4752000,4752000,15405000,-16662000,1.119,5.954,21251000,2945000,18306000,21251000,8412000,3201000,0,0.0,0.0,-14239000,-11038000,-0.254,-11038000,-14239000,-16509000,-1.16,-1.16,-1.16,6021000,17408750,6021000,36085887,-2,-3.269,4286000,0.292,1.0,28064000,0.646,20396000,2270000,22312000,24836000,0,0,0,0,35848000,15660000,20188000,20604887,175000,0,192000,-7795000,0,-3965000,-1132000,0,5418000,-146000,-16662000,-16662000,-16662000,0,0,-0.383,41123000,-13059000,450000,0.0,3.422,-1.237,-1.207,2827000,0,1.4,0.474,0.473,10968000,-94197000,43469000,43469000,7661000,-0.306,-0.957,-0.573,-0.328,921000,18415000,1.0,14717777,14672000,14672000,2.963,21473000,0,153000,734000,1.459,1865000
DAEG,MRY,2013-12-31,2013-04-30,2013-04-30,2017-06-20,280000,39707000,38196750,18182000,21525000,1.052,0.454,-322000,5459000,5459000,13118000,532000,1.189,4.941,17689000,2519000,15170000,17689000,8449000,2661000,0,0.0,0.0,2446000,5107000,0.127,5107000,2446000,814000,0.01,0.01,0.01,6684000,6465750,6684000,30556265,12,5.983,3729000,0.253,1.0,27075000,0.674,18858000,1632000,17782000,19787500,0,0,0,0,33023000,15297000,17726000,16778265,707000,0,0,-3562000,0,-3962000,678000,0,4051000,-60000,532000,532000,532000,0,0,0.013,24760000,2315000,243000,0.0,2.51,31.538,114.0,1934000,0,1.14,0.417,0.417,10594000,-93666000,40193000,40193000,7478000,0.014,0.082,0.124,0.061,593000,18282000,1.0,14717777,14718000,14728000,2.731,20849000,0,282000,923000,1.417,2885000
DAEG,MRY,2014-12-31,2014-04-30,2014-04-30,2017-06-20,280000,33653000,33437000,14810000,18843000,0.926,0.319,-265000,7178000,7178000,9810000,-1558000,1.045,5.441,14971000,3123000,11848000,14971000,8590000,2485000,0,0.0,0.0,107000,2592000,0.084,2592000,107000,-1225000,-0.1,-0.1,-0.1,5225000,5539250,5225000,32268088,301,12.449,4103000,0.255,1.0,21148000,0.683,17320000,1332000,9949000,13993250,0,0,0,0,28428000,14177000,14251000,20972088,1719000,0,0,-2718000,0,-2784000,135000,0,4368000,0,-1558000,-1558000,-1558000,0,0,-0.05,20978000,170000,308000,0.0,4.014,-13.461,-12.8,1053000,0,1.28,0.677,0.666,6657000,-95224000,30958000,30958000,5898000,-0.047,-0.281,0.008,0.003,165000,15080000,1.0,16384444,16110000,16110000,1.922,16333000,0,333000,1032000,0.997,633000
DAEG,MRY,2015-12-31,2015-04-30,2015-04-30,2017-06-20,280000,27406000,28057250,10312000,17094000,0.895,0.225,-472000,5426000,5426000,8335000,-1686000,0.939,6.447,11839000,1029000,10810000,11839000,7584000,2173000,0,0.0,0.0,-740000,1433000,0.057,1433000,-740000,-1568000,-0.1,-0.1,-0.1,3680000,4477000,3680000,20525710,-27,14.324,1380000,0.084,1.0,16781000,0.668,15808000,828000,7032000,8873000,0,0,0,0,23726000,10979000,12747000,12943710,-1752000,0,0,-3132000,0,-3132000,-472000,0,1852000,0,-1686000,-1686000,-1686000,0,0,-0.067,17132000,-351000,616000,0.0,3.517,-7.677,-7.9,864000,0,0.79,0.515,0.515,3918000,-96910000,25116000,25116000,4794000,-0.06,-0.377,-0.083,-0.029,141000,12338000,1.0,16384444,16384000,16384000,1.533,11598000,0,118000,1119000,0.708,-667000
