ticker,dimension,calendardate,datekey,reportperiod,lastupdated,accoci,assets,assetsavg,assetsc,assetsnc,assetturnover,bvps,capex,cashneq,cashnequsd,cor,consolinc,currentratio,de,debt,debtc,debtnc,debtusd,deferredrev,depamor,deposits,divyield,dps,ebit,ebitda,ebitdamargin,ebitdausd,ebitusd,ebt,eps,epsdil,epsusd,equity,equityavg,equityusd,ev,evebit,evebitda,fcf,fcfps,fxusd,gp,grossmargin,intangibles,intexp,invcap,invcapavg,inventory,investments,investmentsc,investmentsnc,liabilities,liabilitiesc,liabilitiesnc,marketcap,ncf,ncfbus,ncfcommon,ncfdebt,ncfdiv,ncff,ncfi,ncfinv,ncfo,ncfx,netinc,netinccmn,netinccmnusd,netincdis,netincnci,netmargin,opex,opinc,payables,payoutratio,pb,pe,pe1,ppnenet,prefdivis,price,ps,ps1,receivables,retearn,revenue,revenueusd,rnd,roa,roe,roic,ros,sbcomp,sgna,sharefactor,sharesbas,shareswa,shareswadil,sps,tangibles,taxassets,taxexp,taxliabilities,tbvps,workingcapital
DAN,MRY,2011-12-31,2011-12-31,2011-12-31,2018-04-30,-650000000,5277000000,5355000000,3021000000,2256000000,1.409,11.776,-196000000,931000000,931000000,6647000000,232000000,2.079,1.98,902000000,71000000,831000000,902000000,0,307000000,0,0.0,0.0,385000000,692000000,0.092,692000000,385000000,306000000,1.28,1.02,1.28,1737000000,1755500000,1737000000,1840878052,4,2.66,174000000,1.187,1.0,897000000,0.119,500000000,79000000,3295000000,3349000000,784000000,254000000,56000000,198000000,3439000000,1453000000,1986000000,1787878052,-122000000,-279000000,0,-89000000,0,-148000000,-344000000,133000000,370000000,-37000000,219000000,188000000,188000000,8000000,13000000,0.025,512000000,385000000,942000000,0.0,1.029,9.51,9.492,1285000000,31000000,12.15,0.237,0.236,1144000000,-1001000000,7544000000,7544000000,0,0.035,0.107,0.115,0.051,12000000,407000000,1.0,147150457,146600000,215300000,51.46,4777000000,0,87000000,46000000,32.386,1568000000
DAN,MRY,2012-12-31,2012-12-31,2012-12-31,2018-04-30,-793000000,5144000000,5313250000,2953000000,2191000000,1.36,12.355,-164000000,1059000000,1059000000,6250000000,315000000,2.254,1.741,904000000,101000000,803000000,904000000,0,277000000,0,0.013,0.2,435000000,712000000,0.099,712000000,435000000,351000000,1.82,1.4,1.82,1836000000,1865750000,1836000000,2307824266,5,3.241,175000000,1.182,1.0,974000000,0.135,426000000,84000000,3253000000,3363500000,742000000,262000000,60000000,202000000,3196000000,1310000000,1886000000,2311824266,123000000,-4000000,-15000000,23000000,-30000000,-55000000,-161000000,3000000,339000000,5000000,300000000,269000000,269000000,0,15000000,0.037,526000000,448000000,766000000,0.11,1.259,8.594,8.577,1239000000,31000000,15.61,0.32,0.32,988000000,-769000000,7224000000,7224000000,0,0.051,0.144,0.129,0.06,19000000,424000000,1.0,148098928,148000000,214700000,48.811,4718000000,0,51000000,63000000,31.75,1643000000
DAN,MRY,2013-12-31,2013-12-31,2013-12-31,2018-04-30,-727000000,5129000000,5195250000,3165000000,1964000000,1.303,8.978,-209000000,1256000000,1256000000,5849000000,260000000,2.496,2.839,1624000000,57000000,1567000000,1624000000,0,262000000,0,0.01,0.2,462000000,724000000,0.107,724000000,462000000,363000000,-0.09,-0.09,-0.09,1309000000,1551750000,1309000000,3393260619,7,4.687,368000000,2.514,1.0,920000000,0.136,333000000,99000000,3896000000,3642500000,670000000,320000000,110000000,210000000,3716000000,1268000000,2448000000,2882260619,205000000,1000000,-337000000,746000000,-30000000,-150000000,-222000000,-15000000,577000000,-8000000,244000000,-13000000,-13000000,1000000,16000000,-0.002,453000000,467000000,804000000,-2.222,2.202,-221.712,-218.0,1225000000,257000000,19.62,0.426,0.424,1016000000,-812000000,6769000000,6769000000,0,-0.003,-0.008,0.127,0.068,16000000,410000000,1.0,146904211,146400000,146400000,46.236,4796000000,0,119000000,35000000,32.894,1897000000
DAN,MRY,2014-12-31,2014-12-31,2014-12-31,2018-04-30,-997000000,4905000000,5072250000,2954000000,1951000000,1.305,6.421,-234000000,1121000000,1121000000,5672000000,328000000,2.343,3.449,1653000000,65000000,1588000000,1653000000,0,213000000,0,0.009,0.2,367000000,580000000,0.088,580000000,367000000,249000000,1.97,1.84,1.97,1080000000,1225750000,1080000000,4188846721,11,7.222,276000000,1.747,1.0,945000000,0.143,259000000,118000000,3917000000,3949000000,654000000,373000000,169000000,204000000,3725000000,1261000000,2464000000,3682846721,10000000,9000000,-260000000,57000000,-32000000,-254000000,-246000000,-21000000,510000000,-118000000,319000000,312000000,312000000,15000000,9000000,0.047,563000000,382000000,791000000,0.102,3.41,11.804,11.036,1176000000,7000000,21.74,0.557,0.519,872000000,-532000000,6617000000,6617000000,0,0.062,0.255,0.093,0.055,16000000,411000000,1.0,169404173,158000000,173500000,41.88,4646000000,0,-70000000,32000000,27.622,1693000000
DAN,MRY,2015-12-31,2015-12-31,2015-12-31,2018-04-30,-1174000000,4301000000,4607250000,2431000000,1870000000,1.315,4.815,-260000000,791000000,791000000,5211000000,180000000,2.232,4.766,1575000000,22000000,1553000000,1575000000,0,174000000,0,0.017,0.23,354000000,528000000,0.087,528000000,354000000,241000000,1.0,0.99,1.0,728000000,918750000,728000000,2898967297,8,5.49,146000000,0.918,1.0,849000000,0.14,182000000,113000000,3814000000,3945500000,625000000,312000000,162000000,150000000,3470000000,1089000000,2381000000,2109967297,-255000000,0,-311000000,-51000000,-37000000,-403000000,-258000000,4000000,406000000,-75000000,159000000,159000000,159000000,-4000000,21000000,0.026,455000000,394000000,712000000,0.23,2.898,13.27,13.8,1167000000,0,13.8,0.348,0.362,788000000,-410000000,6060000000,6060000000,0,0.035,0.173,0.09,0.058,14000000,391000000,1.0,152896181,159000000,160000000,38.113,4119000000,96000000,82000000,17000000,27.242,1342000000
DAN,MRY,2016-12-31,2016-12-31,2016-12-31,2018-04-30,-1284000000,4860000000,4627000000,2284000000,2576000000,1.259,8.04,-322000000,707000000,707000000,4982000000,653000000,1.823,3.127,1664000000,69000000,1595000000,1664000000,0,182000000,0,0.013,0.24,329000000,511000000,0.088,511000000,329000000,216000000,4.38,4.36,4.38,1157000000,862750000,1157000000,3667762267,11,7.178,62000000,0.425,1.0,844000000,0.145,199000000,113000000,4365000000,4141750000,638000000,180000000,30000000,150000000,3618000000,1253000000,2365000000,2729762267,-69000000,-44000000,-81000000,68000000,-35000000,-88000000,-365000000,1000000,384000000,-15000000,640000000,640000000,640000000,0,13000000,0.11,432000000,412000000,819000000,0.055,2.359,4.265,4.333,1413000000,0,18.98,0.469,0.476,831000000,195000000,5826000000,5826000000,0,0.138,0.742,0.079,0.056,17000000,406000000,1.0,143823091,146000000,146800000,39.904,4661000000,588000000,-424000000,15000000,32.391,1031000000
DAN,MRY,2017-12-31,2017-12-31,2017-12-31,2018-04-30,-1342000000,5644000000,5560250000,2882000000,2762000000,1.297,6.938,-393000000,603000000,603000000,6147000000,116000000,1.693,4.425,1799000000,40000000,1759000000,1799000000,0,233000000,0,0.007,0.24,496000000,729000000,0.101,729000000,496000000,394000000,0.72,0.71,0.72,1013000000,1099500000,1013000000,5870319269,11,8.053,161000000,1.11,1.0,1062000000,0.147,301000000,102000000,4837000000,4895750000,969000000,203000000,40000000,163000000,4483000000,1702000000,2781000000,4637319269,-147000000,-184000000,0,-54000000,-35000000,-120000000,-581000000,-7000000,554000000,43000000,111000000,111000000,111000000,0,5000000,0.015,572000000,490000000,1165000000,0.333,4.578,41.778,44.458,1807000000,0,32.01,0.643,0.644,1166000000,86000000,7209000000,7209000000,0,0.02,0.101,0.101,0.069,23000000,511000000,1.0,144870955,145100000,146900000,49.683,5343000000,420000000,283000000,53000000,36.596,1180000000
