ticker,dimension,calendardate,datekey,reportperiod,lastupdated,accoci,assets,assetsavg,assetsc,assetsnc,assetturnover,bvps,capex,cashneq,cashnequsd,cor,consolinc,currentratio,de,debt,debtc,debtnc,debtusd,deferredrev,depamor,deposits,divyield,dps,ebit,ebitda,ebitdamargin,ebitdausd,ebitusd,ebt,eps,epsdil,epsusd,equity,equityavg,equityusd,ev,evebit,evebitda,fcf,fcfps,fxusd,gp,grossmargin,intangibles,intexp,invcap,invcapavg,inventory,investments,investmentsc,investmentsnc,liabilities,liabilitiesc,liabilitiesnc,marketcap,ncf,ncfbus,ncfcommon,ncfdebt,ncfdiv,ncff,ncfi,ncfinv,ncfo,ncfx,netinc,netinccmn,netinccmnusd,netincdis,netincnci,netmargin,opex,opinc,payables,payoutratio,pb,pe,pe1,ppnenet,prefdivis,price,ps,ps1,receivables,retearn,revenue,revenueusd,rnd,roa,roe,roic,ros,sbcomp,sgna,sharefactor,sharesbas,shareswa,shareswadil,sps,tangibles,taxassets,taxexp,taxliabilities,tbvps,workingcapital
DAR,MRY,2011-12-31,2011-12-31,2011-12-31,2018-05-09,-30904000,1417030000,1410611750,219680000,1197350000,1.274,7.863,-58624000,39301000,39301000,0,169418000,1.726,0.54,280030000,10000,280020000,280030000,0,78909000,0,0.0,0.0,309457000,388366000,0.216,388366000,309457000,272294000,1.47,1.47,1.47,920375000,872665750,920375000,1836802277,5,4.73,182240000,1.557,1.0,1797249000,1.0,744283000,37163000,786219000,800758500,50830000,21733000,0,21733000,496655000,127257000,369398000,1555687277,19734000,-25059000,293117000,-430009000,0,-137447000,-83683000,0,240864000,0,169418000,169418000,169418000,0,0,0.094,215044000,1582205000,60402000,0.0,1.69,9.183,9.041,400222000,0,13.29,0.866,0.866,95807000,368006000,1797249000,1797249000,0,0.12,0.194,0.386,0.172,3932000,136135000,1.0,117056981,117056981,,15.354,672747000,24507000,102876000,31133000,5.747,92423000
DAR,MRY,2012-12-31,2012-12-29,2012-12-29,2018-05-09,-31329000,1552416000,1489328250,290262000,1262154000,1.19,9.022,-111543000,103610000,103610000,0,130770000,2.204,0.461,250224000,82000,250142000,250224000,0,85371000,0,0.0,0.0,230839000,316210000,0.178,316210000,230839000,206785000,1.11,1.11,1.11,1062436000,1012292750,1062436000,1992286513,8,6.301,137994000,1.172,1.0,1772552000,1.0,718771000,24054000,848575000,811376000,65065000,62495000,0,62495000,489980000,131684000,358296000,1830092513,64313000,-46424000,72000,-30032000,0,-31392000,-153832000,0,249537000,0,130770000,130770000,130770000,0,0,0.074,237084000,1535468000,54014000,0.0,1.723,13.995,14.0,453927000,0,15.54,1.032,1.032,98131000,498776000,1772552000,1772552000,0,0.088,0.129,0.285,0.13,8904000,151713000,1.0,117766571,117766571,,15.051,833645000,12609000,76015000,46615000,7.079,158578000
DAR,MRY,2013-12-31,2013-12-28,2013-12-28,2018-05-09,-29423000,3244133000,2047846500,1127502000,2116631000,0.88,17.096,-115949000,871211000,871211000,0,108967000,6.377,0.605,886835000,19888000,866947000,886835000,0,98787000,0,0.0,0.0,201786000,300573000,0.167,300573000,201786000,163678000,0.91,0.91,0.91,2020952000,1351057000,2020952000,2697121997,13,8.973,94772000,0.802,1.0,1802268000,1.0,1290301000,38108000,1792652000,1147737750,65133000,115114000,0,115114000,1223181000,176804000,1046377000,2455328997,767608000,-779034000,840558000,632359000,0,1457446000,-895425000,0,210721000,-5134000,108967000,108967000,108967000,0,0,0.06,292883000,1509385000,43742000,0.0,1.215,22.533,22.824,666573000,0,20.77,1.362,1.362,112844000,607743000,1802268000,1802268000,0,0.053,0.081,0.176,0.112,9433000,170825000,1.0,118215166,118215166,,15.246,1953832000,31801000,54711000,138759000,16.528,950698000
DAR,MRY,2014-12-31,2015-01-03,2015-01-03,2018-05-09,-177060000,5126547000,5402264250,1008612000,4117935000,0.732,11.859,-219656000,109127000,109127000,0,68311000,2.086,1.575,2152440000,54401000,2098039000,2152440000,0,269517000,0,0.0,0.0,212772000,482289000,0.122,482289000,212772000,77356000,0.39,0.39,0.39,1952990000,1985535250,1952990000,5080166742,23,10.533,55516000,0.337,1.0,3956443000,1.0,2252832000,135416000,4433627000,4616675750,401613000,202712000,0,202712000,3075413000,483401000,2592012000,2990712742,-762073000,-2094400000,416000,1331053000,0,1275569000,-2323794000,0,275172000,10980000,64215000,64215000,64215000,0,4096000,0.016,668764000,3287679000,168518000,0.0,1.531,46.573,46.564,1574116000,0,18.16,0.756,0.756,409779000,671958000,3956443000,3956443000,0,0.012,0.032,0.046,0.054,20807000,374580000,1.0,164686825,164686825,,24.024,2873715000,39406000,13141000,383636000,17.45,525211000
DAR,MRY,2015-12-31,2016-01-02,2016-01-02,2018-05-09,-335918000,4760619000,4876402500,931788000,3828831000,0.695,11.356,-226008000,157215000,157215000,0,85279000,2.11,1.489,1931017000,45166000,1885851000,1931017000,0,269904000,0,0.0,0.0,197562000,467466000,0.138,467466000,197562000,92032000,0.48,0.48,0.48,1870709000,1851063500,1870709000,3608076950,18,7.718,194951000,1.183,1.0,3391255000,1.0,2015451000,105530000,4077302000,4222566750,344583000,247238000,0,247238000,2786009000,441668000,2344341000,1732918950,48100000,-377000,-5741000,-108282000,0,-139589000,-229669000,0,420959000,-3601000,78531000,78531000,78531000,0,6748000,0.023,594586000,2796669000,149998000,0.0,0.926,22.067,21.917,1508167000,0,10.52,0.511,0.511,371392000,750489000,3391255000,3391255000,0,0.016,0.042,0.047,0.058,8995000,316383000,1.0,164726136,164726136,,20.587,2745168000,28315000,13501000,367360000,16.665,490120000
DAR,MRY,2016-12-31,2016-12-31,2016-12-31,2018-05-09,-340006000,4698017000,4811652750,893302000,3804715000,0.705,11.986,-236194000,114857000,114857000,0,107224000,1.977,1.329,1750943000,23247000,1727696000,1750943000,0,289908000,0,0.0,0.0,211815000,501723000,0.148,501723000,211815000,117628000,0.62,0.62,0.62,1972994000,1960053750,1972994000,3821695843,18,7.617,154842000,0.941,1.0,3391928000,1.0,1937820000,94187000,3944432000,4072185000,330815000,292717000,0,292717000,2621795000,451851000,2169944000,2125044843,-42320000,-8511000,-4812000,-171782000,0,-183868000,-243191000,0,391036000,-6297000,102313000,102313000,102313000,0,4911000,0.03,604314000,2787614000,180895000,0.0,1.077,20.77,20.823,1515575000,0,12.91,0.627,0.627,388397000,852802000,3391928000,3391928000,0,0.021,0.052,0.052,0.062,10330000,314005000,1.0,164604558,164604558,,20.607,2760197000,22469000,15315000,351047000,16.769,441451000
DAR,MRY,2017-12-31,2017-12-30,2017-12-30,2018-05-09,-209524000,4958225000,4860571000,956445000,4001780000,0.753,13.632,-266078000,106916000,106916000,0,133354000,1.71,1.172,1714193000,16143000,1698050000,1714193000,0,302100000,0,0.0,0.0,148240000,450340000,0.123,450340000,148240000,59314000,0.78,0.77,0.78,2244933000,2107813000,2244933000,4627644378,31,10.276,144509000,0.878,1.0,3662251000,1.0,1977593000,88926000,4028426000,4000039750,358183000,302038000,0,302038000,2630528000,559483000,2071045000,2985681378,-7790000,-16894000,22000,-122376000,0,-154852000,-284053000,0,410587000,20528000,128468000,128468000,128468000,0,4886000,0.035,649587000,3012664000,217417000,0.0,1.33,23.241,23.244,1645822000,0,18.13,0.815,0.815,391847000,981227000,3662251000,3662251000,0,0.026,0.061,0.037,0.04,17598000,347487000,1.0,164681819,164681819,,22.238,2980632000,18552000,-69154000,279008000,18.099,396962000
