ticker,dimension,calendardate,datekey,reportperiod,lastupdated,accoci,assets,assetsavg,assetsc,assetsnc,assetturnover,bvps,capex,cashneq,cashnequsd,cor,consolinc,currentratio,de,debt,debtc,debtnc,debtusd,deferredrev,depamor,deposits,divyield,dps,ebit,ebitda,ebitdamargin,ebitdausd,ebitusd,ebt,eps,epsdil,epsusd,equity,equityavg,equityusd,ev,evebit,evebitda,fcf,fcfps,fxusd,gp,grossmargin,intangibles,intexp,invcap,invcapavg,inventory,investments,investmentsc,investmentsnc,liabilities,liabilitiesc,liabilitiesnc,marketcap,ncf,ncfbus,ncfcommon,ncfdebt,ncfdiv,ncff,ncfi,ncfinv,ncfo,ncfx,netinc,netinccmn,netinccmnusd,netincdis,netincnci,netmargin,opex,opinc,payables,payoutratio,pb,pe,pe1,ppnenet,prefdivis,price,ps,ps1,receivables,retearn,revenue,revenueusd,rnd,roa,roe,roic,ros,sbcomp,sgna,sharefactor,sharesbas,shareswa,shareswadil,sps,tangibles,taxassets,taxexp,taxliabilities,tbvps,workingcapital
DCI,MRY,2011-12-31,2011-07-31,2011-07-31,2018-03-09,40027000,1726093000,1663373250,1066582000,659511000,1.379,6.092,-59851000,273494000,273494000,1480233000,225291000,2.149,0.847,266748000,61000000,205748000,266748000,0,60491000,0,0.01,0.268,324788000,385279000,0.168,385279000,324788000,312263000,1.46,1.43,1.46,934711000,900788000,934711000,4272024653,13,11.088,186204000,1.206,1.0,813796000,0.355,225237000,12525000,997866000,1021132250,271476000,0,0,0,791382000,496244000,295138000,4227285653,41494000,3493000,-93030000,-43182000,-41013000,-167352000,-56358000,0,246055000,19149000,225291000,225291000,225291000,0,0,0.098,498513000,315283000,215918000,0.184,4.523,18.764,18.966,391502000,0,27.69,1.843,1.864,445700000,925542000,2294029000,2294029000,55286000,0.135,0.25,0.318,0.142,-639000,443227000,1.0,152664704,154392740,157196918,14.858,1500856000,29805000,86972000,11196000,9.783,570338000
DCI,MRY,2012-12-31,2012-07-31,2012-07-31,2018-03-09,-101888000,1730082000,1727978750,1085662000,644420000,1.443,6.067,-77170000,225789000,225789000,1619485000,264301000,2.178,0.901,300976000,97493000,203483000,300976000,0,61165000,0,0.009,0.32,382269000,443434000,0.178,443434000,382269000,370780000,1.76,1.73,1.76,910014000,927883500,910014000,5183135435,13,11.689,182542000,1.215,1.0,873763000,0.35,209149000,11489000,1097597000,1102524000,256116000,92362000,92362000,0,820068000,498523000,321545000,5082575435,-47705000,0,-116542000,50510000,-47684000,-103400000,-176468000,-99298000,259712000,-27549000,264301000,264301000,264301000,0,0,0.106,510747000,363016000,199182000,0.182,5.585,19.23,19.392,384909000,0,34.13,2.039,2.057,438796000,366788000,2493248000,2493248000,59589000,0.153,0.285,0.347,0.153,237000,451158000,1.0,148918120,150286403,152940605,16.59,1520933000,25158000,106479000,4611000,10.14,587139000
DCI,MRY,2013-12-31,2013-07-31,2013-07-31,2018-03-09,-37473000,1743556000,1733082500,1055662000,687894000,1.406,7.338,-94337000,224138000,224138000,1589821000,247377000,2.216,0.607,210628000,107854000,102774000,210628000,0,64290000,0,0.011,0.41,359091000,423381000,0.174,423381000,359091000,348181000,1.67,1.64,1.67,1085187000,1031520500,1085187000,5294020712,14,12.504,221586000,1.494,1.0,847127000,0.348,206875000,10910000,1046736000,1074415750,234820000,99750000,99750000,0,658369000,476435000,181934000,5326927712,-1651000,0,-86529000,-88310000,-60320000,-223968000,-96311000,-1974000,315923000,2705000,247377000,247377000,247377000,0,0,0.102,503798000,343329000,186460000,0.246,4.909,21.534,21.707,419280000,0,36.25,2.186,2.206,430766000,532307000,2436948000,2436948000,62630000,0.143,0.24,0.334,0.147,-2043000,441168000,1.0,146949730,148273904,150455193,16.435,1536681000,26464000,100804000,23604000,10.391,579227000
DCI,MRY,2014-12-31,2014-07-31,2014-07-31,2018-03-09,-45810000,1942411000,1858470000,1225277000,717134000,1.331,7.022,-96800000,296418000,296418000,1595700000,260200000,2.01,0.938,430767000,187041000,243726000,430767000,0,67200000,0,0.015,0.575,370900000,438100000,0.177,438100000,370900000,360700000,1.79,1.76,1.79,1002483000,1103540000,1002483000,5618041001,15,12.824,221000000,1.518,1.0,877800000,0.355,202451000,10200000,1264729000,1184280500,253351000,127201000,127201000,0,939928000,609580000,330348000,5545226001,72300000,0,-265000000,218500000,-83100000,-120800000,-124100000,-27300000,317800000,-600000,260200000,260200000,260200000,0,0,0.105,522100000,355700000,216603000,0.321,5.531,21.311,21.67,451665000,0,38.79,2.242,2.283,474157000,702435000,2473500000,2473500000,61800000,0.14,0.236,0.313,0.15,2800000,460300000,1.0,142955040,145600000,147600000,16.988,1739960000,27886000,100500000,22386000,12.187,615697000
DCI,MRY,2015-12-31,2015-07-31,2015-07-31,2018-03-09,-162000000,1809500000,1843895000,1030700000,778800000,1.286,5.713,-93600000,189900000,189900000,1562600000,208100000,1.839,1.324,578300000,189100000,389200000,578300000,0,74300000,0,0.02,0.665,303800000,378100000,0.159,378100000,303800000,288600000,1.51,1.49,1.51,778700000,835891250,778700000,4899236372,16,12.958,119200000,0.865,1.0,808600000,0.341,261600000,15200000,1375700000,1292353500,265000000,27500000,27500000,0,1030800000,560600000,470200000,4568101372,-106500000,-105600000,-243200000,148600000,-91200000,-179000000,-111700000,87500000,212800000,-28600000,208100000,208100000,208100000,0,0,0.088,520300000,288300000,179200000,0.44,5.866,21.951,22.252,470600000,0,33.6,1.926,1.953,460000000,815200000,2371200000,2371200000,60200000,0.113,0.249,0.235,0.128,3900000,460100000,1.0,135955398,137800000,139400000,17.208,1547900000,28200000,80500000,12500000,11.357,470100000
DCI,MRY,2016-12-31,2016-07-31,2016-07-31,2018-03-09,-205600000,1787000000,1800175000,1009700000,777300000,1.233,5.765,-70700000,243200000,243200000,1465500000,190800000,1.857,1.317,566900000,216700000,350200000,566900000,0,74900000,0,0.019,0.685,278100000,353000000,0.159,353000000,278100000,257400000,1.43,1.42,1.43,771400000,755100000,771400000,5168887939,18,14.643,215400000,1.61,1.0,754800000,0.34,267800000,20700000,1299100000,1357525000,234100000,0,0,0,1015600000,543800000,471800000,4809887939,53300000,-12900000,-71100000,-15400000,-91200000,-175000000,-55600000,28000000,286100000,-2200000,190800000,190800000,190800000,0,0,0.086,480600000,274200000,143300000,0.479,6.235,25.209,25.266,469800000,0,36.13,2.166,2.177,452400000,905100000,2220300000,2220300000,55500000,0.106,0.253,0.205,0.125,4600000,425100000,1.0,133127261,133800000,134800000,16.594,1519200000,36800000,66600000,3100000,11.354,465900000
DCI,MRY,2017-12-31,2017-07-31,2017-07-31,2018-03-09,-157000000,1979700000,1867950000,1151000000,828700000,1.27,6.503,-63500000,308400000,308400000,1548800000,232800000,2.378,1.317,611200000,73900000,537300000,611200000,0,75200000,0,0.015,0.7,341500000,416700000,0.176,416700000,341500000,322000000,1.76,1.74,1.76,854500000,805475000,854500000,6534348970,19,15.681,246800000,1.861,1.0,823100000,0.347,278700000,19500000,1519700000,1316450000,293500000,0,0,0,1125200000,484100000,641100000,6225248970,65200000,-32200000,-117700000,47500000,-92400000,-157700000,-95700000,0,310300000,8300000,232800000,232800000,232800000,0,0,0.098,494500000,328600000,194000000,0.398,7.285,26.741,26.983,484600000,0,47.49,2.625,2.655,497700000,1056900000,2371900000,2371900000,54700000,0.125,0.289,0.259,0.144,4200000,439800000,1.0,131085470,132600000,134100000,17.888,1701000000,30300000,89200000,3600000,12.945,666900000
