ticker,dimension,calendardate,datekey,reportperiod,lastupdated,accoci,assets,assetsavg,assetsc,assetsnc,assetturnover,bvps,capex,cashneq,cashnequsd,cor,consolinc,currentratio,de,debt,debtc,debtnc,debtusd,deferredrev,depamor,deposits,divyield,dps,ebit,ebitda,ebitdamargin,ebitdausd,ebitusd,ebt,eps,epsdil,epsusd,equity,equityavg,equityusd,ev,evebit,evebitda,fcf,fcfps,fxusd,gp,grossmargin,intangibles,intexp,invcap,invcapavg,inventory,investments,investmentsc,investmentsnc,liabilities,liabilitiesc,liabilitiesnc,marketcap,ncf,ncfbus,ncfcommon,ncfdebt,ncfdiv,ncff,ncfi,ncfinv,ncfo,ncfx,netinc,netinccmn,netinccmnusd,netincdis,netincnci,netmargin,opex,opinc,payables,payoutratio,pb,pe,pe1,ppnenet,prefdivis,price,ps,ps1,receivables,retearn,revenue,revenueusd,rnd,roa,roe,roic,ros,sbcomp,sgna,sharefactor,sharesbas,shareswa,shareswadil,sps,tangibles,taxassets,taxexp,taxliabilities,tbvps,workingcapital
DCM,MRY,2011-12-31,2011-03-31,2011-03-31,2017-06-25,-76955000000,6791593000000,6774184000000,2155299000000,4636294000000,0.624,1166.619,-673876000000,765551000000,9235699818,662829000000,491993000000,1.919,0.395,428378000000,173378000000,255000000000,5168003982,0,693063000000,0,0.033,0.58,833265000000,1526328000000,0.361,18413805523,10052609701,828322000000,117.97,117.97,1.423,4850436000000,4743156500000,58516246317,76009197220,7,4.128,613161000000,147.477,82.89,3561444000000,0.843,877829000000,4943000000,4453423000000,4723770500000,146357000000,794622000000,141028000000,653594000000,1913999000000,1123168000000,790831000000,73184500178,407836000000,-7678000000,-20000000000,-184443000000,-216283000000,-421969000000,-455370000000,234090000000,1287037000000,-1862000000,490485000000,490485000000,5917270339,0,1508000000,0.116,1820213000000,1741231000000,609337000000,0.408,1.251,12.368,12.359,2523319000000,0,17.59,1.436,1.435,904836000000,3621965000000,4224273000000,50962140182,0,0.072,0.103,0.176,0.197,0,1127150000000,1.0,4160574200,4157685900,4157685900,12.257,5913764000000,415242000000,337837000000,162032000000,1422.369,1032131000000
DCM,MRY,2012-12-31,2012-03-31,2012-03-31,2017-06-25,-104529000000,6948082000000,6869837500000,2358261000000,4589821000000,0.617,1220.839,-717486000000,522078000000,6292857509,695008000000,460952000000,2.044,0.363,256680000000,76161000000,180519000000,3093887628,0,684783000000,0,0.04,0.66,858484000000,1543267000000,0.364,18601740219,10347721003,855710000000,111.87,111.87,1.348,5062527000000,4956481500000,61021075488,64939983934,6,3.491,393073000000,94.79,82.964,3544995000000,0.836,885721000000,2774000000,4642960000000,4548191500000,146563000000,980004000000,371504000000,608500000000,1839311000000,1154003000000,685308000000,69126490867,-243473000000,-3624000000,0,-175735000000,-223865000000,-378616000000,-974585000000,-253547000000,1110559000000,-831000000,463912000000,463912000000,5591754705,0,-2960000000,0.109,1776592000000,1768403000000,738783000000,0.489,1.133,12.362,12.363,2536297000000,0,16.67,1.353,1.353,1175628000000,3861952000000,4240003000000,51106797679,0,0.068,0.094,0.189,0.202,0,1091809000000,1.0,4146760100,4146760100,4146760100,12.325,6062361000000,380414000000,391798000000,150327000000,1461.951,1204258000000
DCM,MRY,2013-12-31,2013-03-31,2013-03-31,2017-06-25,-49112000000,7169725000000,7058903500000,2236502000000,4933223000000,0.633,1294.619,-778917000000,493674000000,5240727730,767536000000,480713000000,1.978,0.328,248260000000,77238000000,171022000000,2635470100,0,699754000000,0,0.042,0.63,815871000000,1515625000000,0.339,16089520547,8661095731,814085000000,118.41,118.41,1.257,5368475000000,5215501000000,56990475099,58339083279,6,3.626,153488000000,37.014,94.2,3702586000000,0.828,909291000000,1786000000,4884160000000,4763560000000,180736000000,672187000000,41762000000,630425000000,1759160000000,1130860000000,628300000000,61662322687,-28404000000,-17886000000,0,-19831000000,-240388000000,-260967000000,-701934000000,94169000000,932405000000,2092000000,491026000000,491026000000,5212617182,0,-10313000000,0.11,1861909000000,1840677000000,705724000000,0.501,1.082,11.829,11.83,2560284000000,0,14.87,1.299,1.299,1366104000000,4112466000000,4470122000000,47453769745,0,0.07,0.094,0.171,0.183,0,1161703000000,1.0,4146760100,4146760100,4146760100,11.444,6260434000000,343868000000,323059000000,135418000000,1509.717,1105642000000
DCM,MRY,2014-12-31,2014-03-31,2014-03-31,2017-06-25,9590000000,7508030000000,7338877500000,2526762000000,4981268000000,0.608,1360.91,-712176000000,526920000000,5121486147,785209000000,455953000000,2.095,0.322,230346000000,9743000000,220603000000,2238886070,0,718694000000,0,0.034,0.53,773919000000,1492613000000,0.335,14507699088,7522233807,772708000000,112.07,112.07,1.089,5643366000000,5505920500000,54851629840,62896289038,8,4.335,288466000000,69.564,102.884,3675994000000,0.824,928422000000,1211000000,5077048000000,4980604000000,232126000000,615967000000,19561000000,596406000000,1814517000000,1205986000000,608531000000,65394406777,33246000000,-19213000000,0,-39509000000,-248814000000,-269793000000,-703580000000,28902000000,1000642000000,5977000000,464729000000,464729000000,4517010430,0,-8776000000,0.104,1797176000000,1878818000000,798315000000,0.487,1.192,14.477,14.477,2557766000000,0,15.77,1.508,1.508,1590831000000,4328389000000,4461203000000,43361400908,0,0.063,0.084,0.155,0.173,0,1078482000000,1.0,4146760100,4146760100,4146760100,10.457,6579608000000,331092000000,307979000000,175683000000,1586.686,1320776000000
DCM,MRY,2015-12-31,2015-03-31,2015-03-31,2017-06-25,52599000000,7146340000000,7327185000000,2415376000000,4730964000000,0.598,1332.297,-663392000000,105553000000,880266332,853062000000,398034000000,2.168,0.321,222651000000,2251000000,220400000000,1856812967,0,659787000000,0,0.028,0.48,648957000000,1308744000000,0.299,10914358483,5412020485,648160000000,101.55,101.55,0.847,5380072000000,5511719000000,44867471768,69362006715,12,6.355,299585000000,74.188,119.91,3530335000000,0.805,902630000000,797000000,5246506000000,5161777000000,186275000000,877874000000,243757000000,634117000000,1728135000000,1114302000000,613833000000,72278028543,-421367000000,0,-473036000000,-9188000000,-243349000000,-734257000000,-651194000000,12839000000,962977000000,1107000000,410093000000,410093000000,3419998115,0,-12059000000,0.094,1731750000000,1798585000000,811799000000,0.567,1.611,21.134,20.581,2511067000000,0,17.43,1.977,1.925,1710177000000,4397228000000,4383397000000,36555633669,0,0.056,0.074,0.126,0.148,0,1041802000000,1.0,4146760100,4038191678,4038191678,9.052,6243710000000,298939000000,238067000000,68563000000,1546.165,1301074000000
DCM,MRY,2016-12-31,2016-03-31,2016-03-31,2017-06-25,14888000000,7214114000000,7180227000000,2580193000000,4633921000000,0.63,1366.269,-613929000000,354437000000,3156266084,881471000000,561242000000,2.115,0.35,222164000000,1964000000,220200000000,1978373303,0,625934000000,0,0.024,0.55,760609000000,1386543000000,0.306,12347183409,6773233016,760097000000,141.3,141.3,1.258,5302248000000,5341160000000,47216587253,89328188534,13,7.235,595202000000,153.37,112.296,3645613000000,0.805,858708000000,512000000,5003314000000,5124910000000,153876000000,600172000000,5872000000,594300000000,1854788000000,1219819000000,634969000000,88381387378,248884000000,0,-307486000000,-1531000000,-271643000000,-583608000000,-375251000000,241016000000,1209131000000,-1388000000,548378000000,548378000000,4883313206,0,12864000000,0.121,1614036000000,2031577000000,793084000000,0.437,1.872,18.099,18.096,2440376000000,0,22.77,2.192,2.192,1850052000000,4413030000000,4527084000000,40313741773,0,0.076,0.103,0.148,0.168,0,970419000000,1.0,3881483855,3880823341,3880823341,10.388,6355406000000,368492000000,211719000000,165332000000,1637.644,1360374000000
DCM,MRY,2017-12-31,2017-03-31,2017-03-31,2017-06-25,24631000000,7453074000000,7333594000000,2836272000000,4616802000000,0.625,1484.228,-643451000000,289610000000,2613950213,792145000000,650611000000,2.224,0.338,221880000000,61840000000,160040000000,2002635521,0,452341000000,0,0.014,0.32,940494000000,1392835000000,0.304,12571393757,8488672671,940217000000,175.12,175.12,1.581,5530629000000,5416438500000,49918127335,86524172993,10,6.883,668967000000,179.527,110.794,3792407000000,0.827,839747000000,277000000,5270541000000,5136927500000,153388000000,873478000000,301070000000,572408000000,1868986000000,1275056000000,593930000000,87810401112,-64827000000,0,-149607000000,-1287000000,-280527000000,-433097000000,-943094000000,-290910000000,1312418000000,-1054000000,652538000000,652538000000,5889651064,0,-1927000000,0.142,1512212000000,2280195000000,853538000000,0.202,1.759,14.909,14.773,2540895000000,0,23.35,2.122,2.103,1902767000000,4656139000000,4584552000000,41379063848,0,0.089,0.12,0.183,0.205,0,1047666000000,1.0,3760616750,3726266553,3726266553,11.105,6613327000000,310465000000,287679000000,105997000000,1774.786,1561216000000
