ticker,dimension,calendardate,datekey,reportperiod,lastupdated,accoci,assets,assetsavg,assetsc,assetsnc,assetturnover,bvps,capex,cashneq,cashnequsd,cor,consolinc,currentratio,de,debt,debtc,debtnc,debtusd,deferredrev,depamor,deposits,divyield,dps,ebit,ebitda,ebitdamargin,ebitdausd,ebitusd,ebt,eps,epsdil,epsusd,equity,equityavg,equityusd,ev,evebit,evebitda,fcf,fcfps,fxusd,gp,grossmargin,intangibles,intexp,invcap,invcapavg,inventory,investments,investmentsc,investmentsnc,liabilities,liabilitiesc,liabilitiesnc,marketcap,ncf,ncfbus,ncfcommon,ncfdebt,ncfdiv,ncff,ncfi,ncfinv,ncfo,ncfx,netinc,netinccmn,netinccmnusd,netincdis,netincnci,netmargin,opex,opinc,payables,payoutratio,pb,pe,pe1,ppnenet,prefdivis,price,ps,ps1,receivables,retearn,revenue,revenueusd,rnd,roa,roe,roic,ros,sbcomp,sgna,sharefactor,sharesbas,shareswa,shareswadil,sps,tangibles,taxassets,taxexp,taxliabilities,tbvps,workingcapital
DDS,MRY,2011-12-31,2012-01-28,2012-01-28,2018-03-30,-39034000,4306137000,4384370750,1591729000,2714408000,1.461,40.854,-85705000,224272000,224272000,4047269000,463909000,1.829,1.098,903039000,79101000,823938000,903039000,0,259467000,0,0.004,0.19,473450000,732917000,0.114,732917000,473450000,401391000,8.67,8.52,8.67,2052019000,1980448750,2052019000,3232299049,6,4.41,415435000,8.271,1.0,2358215000,0.368,0,72059000,4114540000,4185191500,1304124000,0,0,0,2254118000,870364000,1383754000,2317550049,-119019000,2481000,-480337000,-56767000,-10002000,-536935000,-83224000,0,501140000,0,463909000,463909000,463909000,0,0,0.072,1889487000,468728000,655653000,0.022,1.129,4.996,5.322,2440266000,0,46.14,0.362,0.362,28708000,3107344000,6405484000,6405484000,0,0.106,0.234,0.113,0.074,-10171000,1630907000,1.0,50228653,50228653,,127.526,4306137000,0,-62518000,450208000,85.731,721365000
DDS,MRY,2012-12-31,2013-02-02,2013-02-02,2018-03-30,-31275000,4048744000,4346401750,1491980000,2556764000,1.553,41.7,-105709000,124060000,124060000,4247108000,335962000,1.945,1.055,824019000,1710000,822309000,824019000,0,261572000,0,0.061,5.2,550618000,812190000,0.12,812190000,550618000,481022000,6.98,6.87,6.98,1970175000,2046206500,1970175000,4762366607,8,5.864,416994000,8.826,1.0,2504487000,0.371,0,69596000,3981587000,4106153250,1294581000,0,0,0,2078569000,767116000,1311453000,4035311607,-100212000,0,-230419000,-79020000,-252341000,-517206000,-105709000,0,522703000,0,335962000,335962000,335962000,0,0,0.05,1955141000,549346000,653769000,0.745,2.048,12.011,12.236,2287015000,0,85.41,0.598,0.598,31519000,3099566000,6751595000,6751595000,0,0.077,0.164,0.134,0.082,-49949000,1671526000,1.0,47246360,47246360,,142.902,4048744000,0,145060000,367289000,85.694,724864000
DDS,MRY,2013-12-31,2014-02-01,2014-02-01,2018-03-30,-24074000,4050739000,4219819250,1660156000,2390583000,1.586,45.353,-76628000,237134000,237134000,4223715000,323671000,2.133,1.033,822328000,784000,821544000,822328000,0,257237000,0,0.003,0.22,561576000,818813000,0.122,818813000,561576000,497071000,7.1,7.1,7.1,1992197000,1962755000,1992197000,4716290625,8,5.76,425129000,9.678,1.0,2468062000,0.369,0,64505000,3857622000,3964652500,1345321000,0,0,0,2058542000,778311000,1280231000,3834750625,113074000,0,-301566000,-1691000,-7361000,-312055000,-76628000,0,501757000,0,323671000,323671000,323671000,0,0,0.048,1907333000,560729000,640336000,0.031,1.925,11.848,12.296,2134200000,0,87.3,0.573,0.573,30840000,3413240000,6691777000,6691777000,0,0.077,0.165,0.142,0.084,0,1632036000,1.0,43926124,43926124,,152.342,4050739000,0,173400000,367439000,92.217,881845000
DDS,MRY,2014-12-31,2015-01-31,2015-01-31,2018-03-30,-31029000,4170071000,4222722000,1888442000,2281629000,1.606,49.04,-137121000,411098000,411098000,4272605000,331853000,2.359,1.065,821544000,840000,820704000,821544000,0,252334000,0,0.002,0.24,572639000,824973000,0.122,824973000,572639000,511333000,7.79,7.79,7.79,2019270000,2005375750,2019270000,5460492628,9,6.619,474468000,11.523,1.0,2507524000,0.37,0,61306000,3779873000,3857448500,1374481000,0,0,0,2150801000,800644000,1350157000,4677574628,166618000,1055000,-290408000,-784000,-10367000,-301559000,-143412000,0,611589000,0,331853000,331853000,331853000,0,0,0.049,1935450000,572074000,730422000,0.031,2.316,14.095,14.583,2029171000,0,113.6,0.69,0.69,56510000,3734891000,6780129000,6780129000,0,0.079,0.165,0.148,0.084,0,1663859000,1.0,41175833,41175833,,164.663,4170071000,0,179480000,348380000,101.275,1087798000
DDS,MRY,2015-12-31,2016-01-30,2016-01-30,2018-03-30,-17118000,3863901000,4182236000,1668883000,2195018000,1.615,48.899,-140285000,202869000,202869000,4350805000,269370000,2.222,1.152,823614000,3284000,820330000,823614000,0,252147000,0,0.004,0.26,471063000,723210000,0.107,723210000,471063000,410140000,6.91,6.91,6.91,1795305000,1921864250,1795305000,3436538292,7,4.752,309941000,8.442,1.0,2403740000,0.356,0,60923000,3733430000,3868455000,1374505000,0,0,0,2068596000,751216000,1317380000,2585093292,-200883000,0,-500000000,-5299000,-10008000,-518170000,-132939000,0,450226000,0,269370000,269370000,269370000,0,0,0.04,1934033000,469707000,691310000,0.038,1.44,9.597,10.19,1939832000,0,70.41,0.383,0.383,47138000,3994211000,6754545000,6754545000,0,0.064,0.14,0.122,0.07,0,1669916000,1.0,36714860,36714860,,183.973,3863901000,0,140770000,314692000,105.241,917667000
DDS,MRY,2016-12-31,2017-01-28,2017-01-28,2018-03-30,-11137000,3888136000,3985254500,1837921000,2050215000,1.61,51.424,-103674000,346985000,346985000,4166411000,169220000,1.882,1.264,820576000,90482000,730094000,820576000,0,245923000,0,0.005,0.28,320779000,566702000,0.088,566702000,320779000,257720000,4.93,4.93,4.93,1717417000,1758582500,1717417000,2582436161,8,4.557,413333000,12.376,1.0,2251598000,0.351,0,63059000,3385210000,3688522000,1406403000,0,0,0,2170719000,976517000,1194202000,1825166161,144116000,-17500000,-240171000,-3284000,-9787000,-253242000,-119649000,0,517007000,0,169220000,169220000,169220000,0,0,0.026,1930864000,320734000,839305000,0.057,1.063,10.786,11.085,1790267000,0,54.65,0.284,0.284,48230000,4153844000,6418009000,6418009000,0,0.042,0.096,0.087,0.05,0,1655658000,1.0,33397368,33397368,,192.171,3888136000,0,88500000,272414000,116.42,861404000
DDS,MRY,2017-12-31,2018-02-03,2018-02-03,2018-03-30,-15444000,3673169000,3918185750,1729851000,1943318000,1.639,59.967,-118781000,187028000,187028000,4199718000,221324000,1.664,1.15,730343000,162034000,568309000,730343000,0,233683000,0,0.005,0.34,276104000,509787000,0.079,509787000,276104000,213524000,7.51,7.51,7.51,1708155000,1647983750,1708155000,2516805781,9,4.937,155504000,5.459,1.0,2222958000,0.346,0,62580000,3176783000,3298945750,1463561000,0,0,0,1965014000,1039701000,925313000,1813923781,-159957000,3460000,-223013000,-90483000,-9424000,-324035000,-110207000,0,274285000,0,221324000,221324000,221324000,0,0,0.034,1946892000,276066000,835747000,0.045,1.062,8.196,8.479,1696276000,0,63.68,0.282,0.282,39650000,4365219000,6422676000,6422676000,0,0.056,0.134,0.084,0.043,0,1692145000,1.0,28484984,28484984,,225.476,3673169000,0,-7800000,158751000,128.951,690150000
