ticker,dimension,calendardate,datekey,reportperiod,lastupdated,accoci,assets,assetsavg,assetsc,assetsnc,assetturnover,bvps,capex,cashneq,cashnequsd,cor,consolinc,currentratio,de,debt,debtc,debtnc,debtusd,deferredrev,depamor,deposits,divyield,dps,ebit,ebitda,ebitdamargin,ebitdausd,ebitusd,ebt,eps,epsdil,epsusd,equity,equityavg,equityusd,ev,evebit,evebitda,fcf,fcfps,fxusd,gp,grossmargin,intangibles,intexp,invcap,invcapavg,inventory,investments,investmentsc,investmentsnc,liabilities,liabilitiesc,liabilitiesnc,marketcap,ncf,ncfbus,ncfcommon,ncfdebt,ncfdiv,ncff,ncfi,ncfinv,ncfo,ncfx,netinc,netinccmn,netinccmnusd,netincdis,netincnci,netmargin,opex,opinc,payables,payoutratio,pb,pe,pe1,ppnenet,prefdivis,price,ps,ps1,receivables,retearn,revenue,revenueusd,rnd,roa,roe,roic,ros,sbcomp,sgna,sharefactor,sharesbas,shareswa,shareswadil,sps,tangibles,taxassets,taxexp,taxliabilities,tbvps,workingcapital
DE,MRY,2011-12-31,2011-10-31,2011-10-31,2018-03-01,-3678000000,48207400000,46205950000,,,0.693,16.292,-997400000,3647200000,3647200000,21919400000,2807800000,,6.087,26589600000,,,26589600000,0,914900000,0,0.02,1.52,4982900000,5897800000,0.184,5897800000,4982900000,4223500000,6.71,6.63,6.71,6800300000,7082450000,6800300000,53999832586,10,9.156,1328900000,3.184,1.0,10093100000,0.315,1127200000,759400000,70022600000,67156850000,4370600000,3894000000,,,41392500000,,,31416832586,-143400000,850300000,-1497000000,2208100000,-593100000,139600000,-2620700000,-2359900000,2326300000,11400000,2799900000,2799900000,2799900000,0,7900000,0.087,5110900000,4982200000,7922500000,0.227,4.62,11.221,11.311,6502300000,0,75.9,0.981,0.99,24596600000,14519400000,32012500000,32012500000,1226200000,0.061,0.395,0.074,0.156,69000000,3168700000,1.0,413924013,417400000,422400000,76.695,47080200000,2858600000,1423600000,168300000,112.794,
DE,MRY,2012-12-31,2012-10-31,2012-10-31,2018-03-01,-4571500000,56265800000,52361650000,,,0.691,17.23,-1321500000,4652200000,4652200000,25007800000,3071600000,,7.221,32420400000,,,32420400000,0,1004200000,0,0.021,1.79,5506900000,6511100000,0.18,6511100000,5506900000,4724100000,7.72,7.63,7.72,6842100000,7095050000,6842100000,61292735742,11,9.414,-153800000,-0.387,1.0,11149300000,0.308,1026200000,782800000,83007800000,78027725000,5170000000,5303000000,,,49403800000,,,33464035742,1005000000,30200000,-1526700000,6140900000,-697900000,3880200000,-4004100000,-2756000000,1167700000,-38800000,3064700000,3064700000,3064700000,0,6900000,0.085,5632100000,5517200000,9124100000,0.232,4.891,10.919,11.067,7539700000,0,85.44,0.926,0.938,27808800000,16875200000,36157100000,36157100000,1433600000,0.059,0.432,0.071,0.152,74500000,3417000000,1.0,391667085,397100000,401500000,91.053,55239600000,3280400000,1659400000,164400000,139.108,
DE,MRY,2013-12-31,2013-10-31,2013-10-31,2018-03-01,-2693100000,59521300000,57795725000,,,0.654,26.644,-1438600000,3504000000,3504000000,25667300000,3537600000,,4.798,34475700000,,,34475700000,0,1140300000,0,0.024,1.99,6224500000,7364800000,0.195,7364800000,6224500000,5483200000,9.18,9.09,9.18,10265800000,8651050000,10265800000,61933612629,9,8.409,1815700000,4.712,1.0,12128100000,0.321,921900000,741300000,89571100000,86989300000,4934700000,5999300000,,,49253600000,,,31332112629,-1148200000,-61500000,-1356900000,2524900000,-752900000,406500000,-4820700000,-3106100000,3254300000,11700000,3537300000,3537300000,3537300000,0,300000,0.094,5903400000,6224700000,9080500000,0.217,3.052,8.858,8.915,8619100000,0,81.84,0.829,0.834,30886100000,19645600000,37795400000,37795400000,1477300000,0.061,0.409,0.072,0.165,80700000,3605500000,1.0,382845951,385300000,389200000,98.093,58599400000,2325400000,1945900000,160300000,152.088,
DE,MRY,2014-12-31,2014-10-31,2014-10-31,2018-03-01,-3783000000,61336400000,60401625000,,,0.597,24.966,-1567800000,3787000000,3787000000,24775800000,3163300000,,5.768,36958400000,,,36958400000,0,1306500000,0,0.026,2.22,5452200000,6758700000,0.187,6758700000,5452200000,4788200000,8.71,8.63,8.71,9062600000,10203400000,9062600000,64383689227,11,9.526,1958100000,5.394,1.0,11291100000,0.313,860000000,664000000,93647800000,92332175000,4209700000,6120600000,,,52270900000,,,30659289227,283000000,345800000,-2581600000,3112100000,-786000000,-288300000,-2881000000,-1513400000,3525900000,-73600000,3161700000,3161700000,3161700000,0,1600000,0.088,5829700000,5461400000,8655100000,0.255,3.383,9.697,9.821,9593300000,0,85.54,0.85,0.861,32230300000,22004400000,36066900000,36066900000,1452000000,0.052,0.31,0.059,0.151,78500000,3284400000,1.0,358420496,363000000,366100000,99.358,60476400000,2776600000,1626500000,160900000,166.602,
DE,MRY,2015-12-31,2015-10-31,2015-10-31,2018-03-01,-4729400000,57947600000,58690975000,,,0.492,20.214,-1776700000,4162200000,4162200000,20143200000,1940900000,,7.591,36849400000,,,36849400000,0,1382400000,0,0.031,2.4,3460100000,4842500000,0.168,4842500000,3460100000,2780100000,5.81,5.77,5.81,6743400000,7721575000,6743400000,58610369060,16,12.103,1982100000,5.942,1.0,8719600000,0.302,789600000,680000000,89845200000,90725450000,3817000000,5575500000,,,51190000000,,,25596969060,375200000,149200000,-2598600000,1349400000,-816300000,-2137600000,-1058700000,629000000,3758800000,-187300000,1940000000,1940000000,1940000000,0,900000,0.067,5259500000,3460100000,7392100000,0.413,3.796,13.194,13.425,10151900000,0,78.0,0.887,0.902,28884600000,23144800000,28862800000,28862800000,1425100000,0.033,0.251,0.038,0.12,66100000,2873300000,1.0,328166270,333600000,336000000,86.519,57158000000,2767300000,840100000,160800000,171.337,
DE,MRY,2016-12-31,2016-10-31,2016-10-31,2018-03-01,-5626000000,57918500000,57886450000,,,0.46,20.685,-1698900000,4335800000,4335800000,18248900000,1521500000,,7.879,35611500000,,,35611500000,0,1559800000,0,0.027,2.4,2987700000,4547500000,0.171,4547500000,2987700000,2224000000,4.83,4.81,4.83,6520000000,6925725000,6520000000,60661943747,20,13.34,2070800000,6.57,1.0,8395100000,0.315,919800000,763700000,88274400000,89611375000,3340500000,5812600000,,,51373700000,,,27763543747,173600000,-117400000,-169400000,-1410500000,-761300000,-2405900000,-1177200000,655100000,3769700000,-13000000,1523900000,1523900000,1523900000,0,-2400000,0.057,5407400000,2987700000,7321700000,0.497,4.258,18.219,18.282,11072100000,0,88.3,1.042,1.045,27748600000,23911300000,26644000000,26644000000,1389100000,0.026,0.22,0.033,0.112,70600000,2763700000,1.0,314422919,315200000,316600000,84.53,56998700000,2964400000,700100000,166000000,180.833,
DE,MRY,2017-12-31,2017-10-29,2017-10-29,2018-03-01,-4563700000,65786300000,60850300000,,,0.489,29.913,-1151500000,9334900000,9334900000,19933500000,2159200000,,5.882,40045300000,,,40045300000,0,1715500000,0,0.018,2.4,4029700000,5745200000,0.193,5745200000,4029700000,3130200000,6.76,6.68,6.76,9557300000,8159825000,9557300000,73750005529,18,12.837,1048300000,3.281,1.0,9804200000,0.33,1251300000,899500000,95245400000,90665475000,3904100000,4792900000,,,56211800000,,,42812805529,4999100000,-170300000,522500000,4615800000,-764000000,4286500000,-1644300000,-264500000,2199800000,157100000,2159100000,2159100000,2159100000,0,100000,0.073,5750900000,4053300000,8538900000,0.355,4.48,19.829,19.712,11661400000,0,133.25,1.44,1.432,30264900000,25301300000,29737700000,29737700000,1367700000,0.035,0.265,0.044,0.136,68100000,3066600000,1.0,321296852,319500000,323300000,93.076,64535000000,2415000000,971100000,209700000,201.987,
