ticker,dimension,calendardate,datekey,reportperiod,lastupdated,accoci,assets,assetsavg,assetsc,assetsnc,assetturnover,bvps,capex,cashneq,cashnequsd,cor,consolinc,currentratio,de,debt,debtc,debtnc,debtusd,deferredrev,depamor,deposits,divyield,dps,ebit,ebitda,ebitdamargin,ebitdausd,ebitusd,ebt,eps,epsdil,epsusd,equity,equityavg,equityusd,ev,evebit,evebitda,fcf,fcfps,fxusd,gp,grossmargin,intangibles,intexp,invcap,invcapavg,inventory,investments,investmentsc,investmentsnc,liabilities,liabilitiesc,liabilitiesnc,marketcap,ncf,ncfbus,ncfcommon,ncfdebt,ncfdiv,ncff,ncfi,ncfinv,ncfo,ncfx,netinc,netinccmn,netinccmnusd,netincdis,netincnci,netmargin,opex,opinc,payables,payoutratio,pb,pe,pe1,ppnenet,prefdivis,price,ps,ps1,receivables,retearn,revenue,revenueusd,rnd,roa,roe,roic,ros,sbcomp,sgna,sharefactor,sharesbas,shareswa,shareswadil,sps,tangibles,taxassets,taxexp,taxliabilities,tbvps,workingcapital
DEST,MRY,2011-12-31,2011-09-30,2011-09-30,2018-04-19,-108000,198772000,201938000,131035000,67737000,2.701,7.122,-12583000,15285000,15285000,248497000,22988000,2.38,1.144,31342000,2915000,28427000,31342000,0,12769000,0,0.041,0.525,38207000,50976000,0.093,50976000,38207000,35974000,1.79,1.75,1.79,92695000,86330250,92695000,175307998,4,3.439,8860000,0.691,1.0,296897000,0.544,1248000,2233000,158530000,155235750,90366000,0,0,0,106077000,55051000,51026000,170216998,-9348000,0,2285000,-14966000,-6901000,-19699000,-11079000,0,21443000,-13000,22988000,22988000,22988000,0,0,0.042,258653000,38244000,18456000,0.293,1.836,7.405,7.19,55854000,0,12.87,0.312,0.303,11015000,-261000,545394000,545394000,0,0.114,0.266,0.246,0.07,2344000,257421000,1.0,13225874,12820000,13120000,42.542,197524000,17705000,12986000,0,15.177,75984000
DEST,MRY,2012-12-31,2012-09-30,2012-09-30,2018-04-19,-34000,199644000,196695000,136104000,63540000,2.753,7.981,-9521000,22376000,22376000,250765000,19372000,1.87,0.902,15257000,15257000,0,15257000,0,12445000,0,0.037,0.7,33083000,45528000,0.084,45528000,33083000,31868000,1.48,1.46,1.48,104972000,99025500,104972000,234021058,7,5.14,33176000,2.533,1.0,290711000,0.537,1347000,1215000,118390000,118413750,88754000,0,0,0,94672000,72788000,21884000,250046058,7091000,0,107000,-16486000,-9325000,-26073000,-9521000,0,42697000,-12000,19372000,19372000,19372000,0,0,0.036,257606000,33105000,21987000,0.473,2.382,12.908,12.635,51078000,0,18.7,0.462,0.452,13197000,9786000,541476000,541476000,0,0.098,0.196,0.279,0.061,2357000,255623000,1.0,13371447,13096000,13267000,41.347,198297000,18224000,12496000,0,15.076,63316000
DEST,MRY,2013-12-31,2013-09-30,2013-09-30,2018-04-19,-67000,207981000,197862750,138503000,69478000,2.73,9.205,-16022000,24555000,24555000,249298000,23943000,2.191,0.696,0,0,0,0,0,12424000,0,0.023,0.725,37485000,49909000,0.092,49909000,37485000,36953000,1.8,1.78,1.8,122633000,115096000,122633000,400281013,10,8.02,26131000,1.969,1.0,290961000,0.539,2344000,532000,117855000,111703250,86546000,0,0,0,85348000,63227000,22121000,431113013,2179000,0,744000,-13979000,-9799000,-23926000,-16022000,0,42153000,-26000,23943000,23943000,23943000,0,0,0.044,253467000,37494000,23810000,0.403,3.515,18.006,17.667,53447000,0,31.8,0.798,0.781,12463000,23930000,540259000,540259000,0,0.121,0.208,0.336,0.069,2771000,252026000,1.0,13557013,13272000,13439000,40.707,205637000,20482000,13010000,0,15.435,75276000
DEST,MRY,2014-12-31,2014-09-30,2014-09-30,2018-04-19,-63000,230533000,219257000,136058000,94475000,2.358,9.301,-29544000,12580000,12580000,247501000,10497000,1.705,0.837,0,0,0,0,0,15197000,0,0.051,0.788,14507000,29704000,0.057,29704000,14507000,14103000,0.78,0.77,0.78,125521000,124077000,125521000,195202460,13,6.572,-3699000,-0.275,1.0,269458000,0.521,4334000,404000,133837000,125846000,88411000,0,0,0,105012000,79782000,25230000,211626460,-11975000,0,271000,3081000,-10772000,-8279000,-29544000,0,25845000,3000,10497000,10497000,10497000,0,0,0.02,254951000,14507000,31942000,1.01,1.686,20.161,19.795,76799000,0,15.44,0.409,0.402,11609000,23655000,516959000,516959000,0,0.048,0.085,0.115,0.028,3747000,250253000,1.0,13706377,13451000,13572000,38.433,226199000,22150000,3606000,0,16.76,56276000
DEST,MRY,2015-12-31,2016-01-30,2016-01-30,2018-04-19,-73000,219074000,226355750,108374000,110700000,2.203,6.816,-29400000,2116000,2116000,252713000,-4483000,1.171,1.358,40599000,31297000,9302000,40599000,0,17231000,0,0.12,0.8,-5769000,11462000,0.023,11462000,-5769000,-7289000,-0.33,-0.33,-0.33,92898000,99928500,92898000,135154950,-23,11.792,-13306000,-0.979,1.0,246040000,0.493,1148000,1520000,163886000,170551500,72509000,0,0,0,126176000,92523000,33653000,92712950,767000,0,69000,25322000,-11026000,14081000,-29400000,0,16094000,-8000,-4483000,-4483000,-4483000,0,0,-0.009,251809000,-5769000,21738000,-2.424,0.998,-20.681,-20.273,92673000,0,6.69,0.186,0.182,10154000,-11951000,498753000,498753000,0,-0.02,-0.045,-0.034,-0.012,2784000,246914000,1.0,13858438,13596000,13596000,36.684,217926000,28998000,-2806000,0,15.99,15851000
DEST,MRY,2016-12-31,2017-01-28,2017-01-28,2018-04-19,-72000,175987000,205434500,87046000,88941000,2.111,4.457,-12785000,2859000,2859000,206271000,-32760000,1.437,1.878,43033000,11548000,31485000,43033000,0,18032000,0,0.0,0.0,-4135000,13897000,0.032,13897000,-4135000,-7710000,-2.39,-2.39,-2.39,61150000,86689750,61150000,122896939,-29,8.843,-2074000,-0.151,1.0,227428000,0.524,1092000,3575000,154506000,186905500,69040000,0,0,0,114837000,60563000,54274000,79040939,743000,0,6000,4383000,0,2816000,-12785000,0,10711000,1000,-32760000,-32760000,-32760000,0,0,-0.076,231563000,-4135000,17656000,0.0,1.293,-2.413,-2.36,83029000,0,5.64,0.182,0.178,5683000,-44693000,433699000,433699000,0,-0.159,-0.378,-0.022,-0.01,1801000,223881000,1.0,14014351,13702000,13702000,31.652,174895000,3251000,25050000,0,12.747,26483000
DEST,MRY,2017-12-31,2018-02-03,2018-02-03,2018-04-19,-70000,162582000,166649750,91105000,71477000,2.437,2.942,-6667000,1635000,1635000,192355000,-21597000,1.208,2.998,36589000,12780000,23809000,36589000,0,17592000,0,0.0,0.0,-17550000,42000,0.0,42000,-17550000,-21595000,-1.57,-1.57,-1.57,40668000,52408750,40668000,74262430,-4,1768.153,2202000,0.16,1.0,213852000,0.526,953000,4045000,121193000,137674250,71256000,0,0,0,121914000,75390000,46524000,34916430,-1224000,0,0,35000,0,-3428000,-6667000,0,8869000,2000,-21597000,-21597000,-21597000,0,0,-0.053,229860000,-16008000,30949000,0.0,0.859,-1.617,-1.522,66146000,0,2.39,0.086,0.081,6692000,-66274000,406207000,406207000,0,-0.13,-0.412,-0.127,-0.043,1154000,218656000,1.0,14609385,13788000,13788000,29.461,161629000,2829000,2000,0,11.694,15715000
