ticker,dimension,calendardate,datekey,reportperiod,lastupdated,accoci,assets,assetsavg,assetsc,assetsnc,assetturnover,bvps,capex,cashneq,cashnequsd,cor,consolinc,currentratio,de,debt,debtc,debtnc,debtusd,deferredrev,depamor,deposits,divyield,dps,ebit,ebitda,ebitdamargin,ebitdausd,ebitusd,ebt,eps,epsdil,epsusd,equity,equityavg,equityusd,ev,evebit,evebitda,fcf,fcfps,fxusd,gp,grossmargin,intangibles,intexp,invcap,invcapavg,inventory,investments,investmentsc,investmentsnc,liabilities,liabilitiesc,liabilitiesnc,marketcap,ncf,ncfbus,ncfcommon,ncfdebt,ncfdiv,ncff,ncfi,ncfinv,ncfo,ncfx,netinc,netinccmn,netinccmnusd,netincdis,netincnci,netmargin,opex,opinc,payables,payoutratio,pb,pe,pe1,ppnenet,prefdivis,price,ps,ps1,receivables,retearn,revenue,revenueusd,rnd,roa,roe,roic,ros,sbcomp,sgna,sharefactor,sharesbas,shareswa,shareswadil,sps,tangibles,taxassets,taxexp,taxliabilities,tbvps,workingcapital
DGII,MRY,2011-12-31,2011-09-30,2011-09-30,2018-05-01,-10457000,283895000,279415750,162234000,121661000,0.731,10.208,-2736000,54684000,54684000,97572000,11019000,8.326,0.089,0,0,0,0,0,9177000,0,0.0,0.0,16601000,25778000,0.126,25778000,16601000,16515000,0.44,0.43,0.44,260716000,253450250,260716000,220994436,13,8.573,19103000,0.755,1.0,106588000,0.522,100372000,86000,109353000,95726000,23986000,53127000,51524000,1603000,23179000,19486000,3693000,280936436,3741000,-3000000,3843000,0,0,4639000,-22399000,-16663000,21839000,-338000,11019000,11019000,11019000,0,0,0.054,89551000,17037000,6492000,0.0,1.078,25.496,25.0,15370000,0,11.0,1.376,1.364,26433000,102668000,204160000,204160000,31642000,0.039,0.043,0.173,0.081,2648000,57755000,1.0,25539676,25312000,25819000,8.066,183523000,6381000,5496000,3433000,7.186,142748000
DGII,MRY,2012-12-31,2012-09-30,2012-09-30,2018-05-01,-13725000,293084000,288390250,173569000,119515000,0.661,10.475,-3953000,60246000,60246000,90221000,7615000,9.541,0.082,0,0,0,0,0,7815000,0,0.0,0.0,10920000,18735000,0.098,18735000,10920000,10897000,0.3,0.29,0.3,270857000,265587500,270857000,220271449,20,11.757,11174000,0.434,1.0,100337000,0.527,96838000,23000,117808000,123322000,24435000,60388000,58372000,2016000,22227000,18192000,4035000,262485449,5562000,0,2113000,0,0,2311000,-10954000,-7001000,15127000,-922000,7615000,7615000,7615000,0,0,0.04,89456000,10881000,6040000,0.0,0.969,34.47,33.867,15157000,0,10.16,1.377,1.373,24634000,110283000,190558000,190558000,30767000,0.026,0.029,0.089,0.057,3529000,57430000,1.0,25835182,25743000,26146000,7.402,196246000,8399000,3282000,5193000,7.59,155377000
DGII,MRY,2013-12-31,2013-09-30,2013-09-30,2018-05-01,-15590000,299930000,297717250,148962000,150968000,0.656,10.69,-2886000,41320000,41320000,95258000,5805000,6.997,0.094,0,0,0,0,0,7877000,0,0.0,0.0,8280000,16157000,0.083,16157000,8280000,8238000,0.22,0.22,0.22,274243000,273657750,274243000,210979741,25,13.058,8862000,0.341,1.0,100123000,0.512,113297000,42000,124023000,117821250,26140000,64395000,47006000,17389000,25687000,21290000,4397000,256871741,-18926000,-12919000,-10857000,0,0,-10790000,-19739000,-3934000,11748000,-145000,5805000,5805000,5805000,0,0,0.03,92576000,7547000,8906000,0.0,0.937,44.25,45.409,13910000,0,9.99,1.315,1.327,26829000,116065000,195381000,195381000,30327000,0.019,0.021,0.07,0.042,3706000,61936000,1.0,25712887,25956000,26237000,7.527,186633000,9325000,2433000,4318000,7.275,127672000
DGII,MRY,2014-12-31,2014-09-30,2014-09-30,2018-05-01,-18277000,290459000,297370750,147681000,142778000,0.616,10.721,-3421000,47490000,47490000,92796000,1751000,6.789,0.095,0,0,0,0,0,7146000,0,0.0,0.0,2324000,9470000,0.052,9470000,2324000,2319000,0.07,0.07,0.07,265298000,273319500,265298000,130441050,56,13.774,-1612000,-0.064,1.0,90377000,0.493,110183000,5000,111032000,115434500,31247000,44439000,32898000,11541000,25161000,21754000,3407000,186358050,6170000,0,-11004000,0,0,-10960000,16579000,20000000,1809000,-1258000,1751000,1751000,1751000,2742000,0,0.01,85988000,4389000,10451000,0.0,0.702,106.429,107.143,13231000,0,7.5,1.017,1.038,28576000,117816000,183173000,183173000,28912000,0.006,0.006,0.02,0.013,4286000,56995000,1.0,24847740,25345000,25730000,7.227,180276000,10604000,568000,2996000,7.285,125927000
DGII,MRY,2015-12-31,2015-09-30,2015-09-30,2018-05-01,-22613000,300360000,292882500,160185000,140175000,0.696,10.995,-4455000,45018000,45018000,106726000,6588000,6.908,0.092,0,0,0,0,0,5859000,0,0.0,0.0,10276000,16135000,0.079,16135000,10276000,10272000,0.27,0.26,0.27,274938000,268024500,274938000,240822170,23,14.925,9619000,0.39,1.0,97121000,0.476,102831000,4000,129322000,116589000,31877000,60817000,47191000,13626000,25422000,23189000,2233000,294577170,-2472000,0,5145000,0,0,5145000,-19454000,-16399000,14074000,-2237000,6588000,6588000,6588000,2845000,0,0.032,86232000,10889000,6673000,0.0,1.071,44.714,43.667,14339000,0,11.79,1.445,1.425,27788000,124404000,203847000,203847000,29949000,0.022,0.025,0.088,0.05,4301000,55880000,1.0,24985341,24645000,25227000,8.271,197529000,9507000,3684000,2509000,7.9,136996000
DGII,MRY,2016-12-31,2016-09-30,2016-09-30,2018-05-01,-24691000,336166000,326904500,195645000,140521000,0.621,11.545,-2729000,75727000,75727000,103325000,16708000,8.218,0.12,0,0,0,0,361000,4614000,0,0.0,0.0,20211000,24825000,0.122,24825000,20211000,19920000,0.65,0.64,0.65,300029000,292723500,300029000,234894458,11,9.462,24360000,0.946,1.0,99680000,0.491,113489000,291000,123142000,126506000,26276000,61923000,58382000,3541000,36137000,23808000,12329000,295966458,30709000,-11000,7537000,0,0,7749000,-3780000,-1040000,27089000,-349000,16708000,16708000,16708000,-3230000,0,0.082,82575000,17105000,8569000,0.0,0.986,17.714,17.538,14041000,0,11.4,1.458,1.447,33641000,141112000,203005000,203005000,30955000,0.051,0.057,0.16,0.1,3442000,50873000,1.0,25961970,25760000,26311000,7.881,222677000,7295000,3212000,2106000,8.568,171837000
DGII,MRY,2017-12-31,2017-09-30,2017-09-30,2018-05-01,-22659000,345189000,340012250,174360000,170829000,0.534,12.017,-1773000,78222000,78222000,94460000,9366000,9.697,0.082,0,0,0,0,1343000,5497000,0,0.0,0.0,9539000,15036000,0.083,15036000,9539000,9491000,0.35,0.35,0.35,319144000,309810250,319144000,189268894,19,12.588,702000,0.027,1.0,87174000,0.48,143795000,48000,105192000,102870750,30238000,36768000,32015000,4753000,26045000,17980000,8065000,281320894,2495000,-27111000,3249000,0,0,3057000,-3743000,25141000,2475000,706000,9366000,9366000,9366000,0,0,0.052,78367000,8807000,6240000,0.0,0.881,30.036,30.286,12801000,0,10.6,1.549,1.543,30853000,150478000,181634000,181634000,28566000,0.028,0.03,0.093,0.053,4333000,47286000,1.0,26539707,26432000,27099000,6.872,201394000,9211000,125000,1411000,7.583,156380000
