ticker,dimension,calendardate,datekey,reportperiod,lastupdated,accoci,assets,assetsavg,assetsc,assetsnc,assetturnover,bvps,capex,cashneq,cashnequsd,cor,consolinc,currentratio,de,debt,debtc,debtnc,debtusd,deferredrev,depamor,deposits,divyield,dps,ebit,ebitda,ebitdamargin,ebitdausd,ebitusd,ebt,eps,epsdil,epsusd,equity,equityavg,equityusd,ev,evebit,evebitda,fcf,fcfps,fxusd,gp,grossmargin,intangibles,intexp,invcap,invcapavg,inventory,investments,investmentsc,investmentsnc,liabilities,liabilitiesc,liabilitiesnc,marketcap,ncf,ncfbus,ncfcommon,ncfdebt,ncfdiv,ncff,ncfi,ncfinv,ncfo,ncfx,netinc,netinccmn,netinccmnusd,netincdis,netincnci,netmargin,opex,opinc,payables,payoutratio,pb,pe,pe1,ppnenet,prefdivis,price,ps,ps1,receivables,retearn,revenue,revenueusd,rnd,roa,roe,roic,ros,sbcomp,sgna,sharefactor,sharesbas,shareswa,shareswadil,sps,tangibles,taxassets,taxexp,taxliabilities,tbvps,workingcapital
DIT,MRY,2011-12-31,2011-09-30,2011-09-30,2018-04-18,0,107435633,103909345,80582765,26852868,10.024,68.432,-1893614,1389665,1389665,967467852,8064036,2.555,1.576,28350433,1384625,26965808,28350433,0,2234814,0,0.013,0.72,15779826,18014640,0.017,18014640,15779826,14346036,13.09,10.44,13.09,41708593,38294349,41708593,88738656,5,4.926,14112134,23.75,1.0,74164040,0.071,11900805,1433790,90957115,94966872,38447982,0,0,0,65727040,31538481,34188559,34731240,1032930,-13368057,22391,861757,-448584,288853,-15261671,0,16005748,0,8064036,7777639,7777639,0,0,0.007,58609426,15554614,18439446,0.055,0.833,4.466,4.354,13713238,286397,57.0,0.033,0.033,32963693,31721445,1041631892,1041631892,0,0.075,0.203,0.166,0.015,1711771,56374612,1.0,609320,594185,772589,1753.043,95534828,1707889,6282000,4843418,156.746,49044284
DIT,MRY,2012-12-31,2012-09-30,2012-09-30,2018-04-18,0,105809866,109158765,79931164,25878702,10.757,79.643,-1350948,491387,491387,1095105573,7367562,2.664,1.184,20612241,1182829,19429412,20612241,0,2392414,0,0.011,0.72,13759803,16152217,0.014,16152217,13759803,12400562,11.56,9.4,11.56,48458655,45620790,48458655,75609370,5,4.681,8547940,13.921,1.0,79062185,0.067,11535805,1359241,84392692,99131203,38364621,0,0,0,57351211,30002223,27348988,39537615,-898278,0,-916820,-7738192,-470659,-9446218,-1350948,0,9898888,0,7367562,7098467,7098467,0,0,0.006,65643095,13419090,17189208,0.062,0.816,5.57,5.623,13083912,269095,65.0,0.034,0.034,32681835,38349253,1174167758,1174167758,0,0.065,0.156,0.139,0.012,1426848,63250681,1.0,608271,614046,784108,1912.182,94274061,1916619,5033000,5828356,154.943,49928941
DIT,MRY,2013-12-31,2013-09-30,2013-09-30,2018-04-18,0,106374899,111063463,81617353,24757546,10.904,84.64,-1933764,275036,275036,1133695309,5858672,2.889,1.017,19917392,998788,18918604,19917392,0,2412613,0,0.009,0.72,11341818,13754431,0.011,13754431,11341818,10233672,9.08,7.79,9.08,52740534,50683584,52740534,84275410,7,6.127,3799126,6.099,1.0,77357325,0.064,11170805,1108146,86597095,101450437,46125187,0,0,0,53634365,28249355,25385010,51026887,-216351,0,-2572085,-694849,-469895,-4015477,-1933764,0,5732890,0,5858672,5653454,5653454,0,0,0.005,66292722,11064603,15859636,0.079,0.968,9.026,9.019,13088859,205218,81.89,0.042,0.042,28383205,43532812,1211052634,1211052634,0,0.051,0.112,0.112,0.009,1303310,63880109,1.0,623115,622904,751812,1944.204,95204094,1831933,4375000,5249361,152.787,53367998
DIT,MRY,2014-12-31,2014-09-30,2014-09-30,2018-04-18,0,108679952,111535789,83662858,25017094,11.088,92.025,-2603953,99922,99922,1160248793,4959528,2.999,0.96,19158675,341190,18817485,19158675,0,2386402,0,0.008,0.72,9526888,11913290,0.01,11913290,9526888,8591528,7.81,6.75,7.81,55442284,53893741,55442284,76061499,7,6.385,5058501,8.287,1.0,76506595,0.062,10805805,935360,89035924,99848955,43635266,0,0,0,53237668,27896976,25340692,51070519,-175114,-996803,-2664547,-758717,-468034,-4236812,-3600756,0,7662454,0,4959528,4764423,4764423,0,0,0.004,67110226,9396369,16412895,0.092,0.921,10.719,10.851,13763140,195105,84.75,0.041,0.042,33286932,47829201,1236755388,1236755388,0,0.043,0.088,0.095,0.008,1406033,64723824,1.0,602602,610392,735227,2026.166,97874147,1606168,3632000,5087818,162.454,55765882
DIT,MRY,2015-12-31,2015-09-30,2015-09-30,2018-04-18,0,120183807,118066992,96672673,23511134,10.857,96.938,-977391,219536,219536,1205287311,6361278,3.465,0.959,24637909,351383,24286526,24637909,0,2264184,0,0.009,0.72,11604017,13868201,0.011,13868201,11604017,10762278,9.96,8.59,9.96,61362897,59586736,61362897,67244862,5,4.849,-3537676,-5.712,1.0,76568585,0.06,10440805,841739,106257949,106743386,60793478,0,0,0,58820910,27903426,30917484,49265760,119614,0,-1265466,5479234,-467768,3657290,-977391,0,-2560285,0,6361278,6166173,6166173,0,0,0.005,65033622,11534963,17044726,0.072,0.803,7.99,8.032,12753145,195105,80.0,0.038,0.039,31866787,53527606,1281855896,1281855896,0,0.052,0.103,0.109,0.009,904661,62769438,1.0,615822,619295,740233,2069.863,109743002,1666964,4401000,3696098,173.367,68769247
DIT,MRY,2016-12-31,2016-09-30,2016-09-30,2018-04-18,0,110821471,111701108,87816374,23005097,11.59,99.922,-1482691,605380,605380,1219855401,5980673,3.038,0.685,13921545,362495,13559050,13921545,0,2162667,0,0.011,1.0,10978894,13141561,0.01,13141561,10978894,10255673,9.37,8.38,9.37,65750598,62824812,65750598,70176051,6,5.34,16903649,27.201,1.0,74769822,0.058,10109138,723221,85127140,91038743,48404882,0,0,0,45070873,28901358,16169515,53409584,385844,0,-4795412,-10716364,-654678,-16517805,-1482691,0,18386340,0,5980673,5820313,5820313,0,0,0.004,63895887,10873935,18164983,0.107,0.812,9.176,9.707,12607877,160360,90.959,0.041,0.044,30033104,58693241,1294625223,1294625223,0,0.052,0.093,0.121,0.008,1403584,61733220,1.0,587185,621435,713897,2083.283,100712333,164959,4275000,2579650,153.054,58915016
DIT,MRY,2017-12-31,2017-09-30,2017-09-30,2018-04-18,0,131804887,114307297,108342275,23462612,11.154,100.494,-2519045,523065,523065,1202536285,2949576,3.663,0.934,32059006,373645,31685361,32059006,0,2049475,0,0.011,1.0,6264266,8313741,0.007,8313741,6264266,5438576,4.34,4.26,4.34,68168842,67311941,68168842,75951626,12,9.136,-16280867,-23.961,1.0,72448123,0.057,9844138,825690,123916369,93814446,72909996,0,0,0,63636045,29580321,34055724,62632030,-82315,0,-1124921,18137461,-706906,16198552,-2519045,0,-13761822,0,2949576,2949576,2949576,0,0,0.002,66223370,6224753,17631552,0.23,0.919,21.234,21.256,13307986,0,92.25,0.049,0.049,30690403,60935911,1274984408,1274984408,0,0.026,0.044,0.067,0.005,1394879,64173895,1.0,678938,679478,692183,1876.417,121960749,0,2489000,2880332,179.793,78761954
