ticker,dimension,calendardate,datekey,reportperiod,lastupdated,accoci,assets,assetsavg,assetsc,assetsnc,assetturnover,bvps,capex,cashneq,cashnequsd,cor,consolinc,currentratio,de,debt,debtc,debtnc,debtusd,deferredrev,depamor,deposits,divyield,dps,ebit,ebitda,ebitdamargin,ebitdausd,ebitusd,ebt,eps,epsdil,epsusd,equity,equityavg,equityusd,ev,evebit,evebitda,fcf,fcfps,fxusd,gp,grossmargin,intangibles,intexp,invcap,invcapavg,inventory,investments,investmentsc,investmentsnc,liabilities,liabilitiesc,liabilitiesnc,marketcap,ncf,ncfbus,ncfcommon,ncfdebt,ncfdiv,ncff,ncfi,ncfinv,ncfo,ncfx,netinc,netinccmn,netinccmnusd,netincdis,netincnci,netmargin,opex,opinc,payables,payoutratio,pb,pe,pe1,ppnenet,prefdivis,price,ps,ps1,receivables,retearn,revenue,revenueusd,rnd,roa,roe,roic,ros,sbcomp,sgna,sharefactor,sharesbas,shareswa,shareswadil,sps,tangibles,taxassets,taxexp,taxliabilities,tbvps,workingcapital
DKS,MRY,2011-12-31,2012-01-28,2012-01-28,2018-03-30,118000,2996452000,2902169250,1868393000,1128059000,1.796,13.502,-201807000,734402000,734402000,3616921000,263906000,1.987,0.835,161160000,7426000,153734000,161160000,398592000,116581000,0,0.012,0.5,445894000,562475000,0.108,562475000,445894000,432026000,2.19,2.1,2.19,1632745000,1534352750,1632745000,4625578424,10,8.224,208614000,1.735,1.0,1594881000,0.306,251084000,13868000,1231980000,1237379000,1014997000,2138000,0,2138000,1363707000,940146000,423561000,4968847424,188350000,0,31874000,-11058000,-60460000,-22451000,-199616000,35266000,410421000,-4000,263906000,263906000,263906000,0,0,0.051,1162861000,432020000,510398000,0.228,3.043,18.828,18.795,775896000,0,41.16,0.953,0.95,38338000,932871000,5211802000,5211802000,0,0.091,0.172,0.36,0.086,3815000,1148268000,1.0,120720297,120232000,125768000,43.348,2745368000,29009000,168120000,29484000,22.703,928247000
DKS,MRY,2012-12-31,2013-02-02,2013-02-02,2018-03-30,112000,2887807000,2968868500,1595889000,1291918000,1.966,12.908,-219026000,345214000,345214000,3998956000,290709000,1.595,0.819,16275000,8513000,7762000,16275000,430902000,125096000,0,0.052,2.51,495859000,620955000,0.106,620955000,495859000,489825000,2.39,2.31,2.39,1587324000,1625122000,1587324000,5603326556,11,9.024,219258000,1.803,1.0,1837163000,0.315,299497000,6034000,1258603000,1318981000,1096186000,0,0,0,1300483000,1000768000,299715000,5875078556,-389188000,-31986000,-120489000,-134900000,-306972000,-503112000,-324354000,3406000,438284000,-6000,290709000,290709000,290709000,0,0,0.05,1313489000,523674000,507247000,1.05,3.701,20.209,20.042,840135000,0,47.9,1.007,0.998,34625000,911704000,5836119000,5836119000,0,0.098,0.179,0.376,0.085,-27722000,1297413000,1.0,122652997,121629000,125995000,47.983,2588310000,50408000,199116000,76159000,21.048,595121000
DKS,MRY,2013-12-31,2014-02-01,2014-02-01,2018-03-30,24000,3071487000,3094182000,1620071000,1451416000,2.008,13.793,-285668000,181731000,181731000,4269223000,337598000,1.616,0.815,7375000,899000,6476000,7375000,486012000,154928000,0,0.012,0.64,549036000,703964000,0.113,703964000,549036000,546107000,2.75,2.69,2.75,1692179000,1657799750,1692179000,6668759367,12,9.473,118202000,0.962,1.0,1943950000,0.313,298849000,2929000,1595695000,1650796750,1232065000,0,0,0,1379308000,1002587000,376721000,6603870367,-163483000,0,-212120000,34524000,-64432000,-228090000,-339175000,0,403870000,-88000,337598000,337598000,337598000,0,0,0.054,1407138000,536812000,562439000,0.233,3.903,19.561,19.091,1084529000,0,52.5,1.063,1.038,60779000,1187514000,6213173000,6213173000,0,0.109,0.204,0.333,0.088,213000,1386315000,1.0,125788007,122878000,125628000,50.564,2772638000,48587000,208509000,58442000,22.599,617484000
DKS,MRY,2014-12-31,2015-01-31,2015-01-31,2018-03-30,-73000,3391704000,3393039000,1798798000,1592906000,2.008,15.561,-349007000,221679000,221679000,4727813000,344198000,1.608,0.851,6450000,537000,5913000,6450000,606992000,179431000,0,0.012,0.635,559229000,738660000,0.108,738660000,559229000,556014000,2.89,2.84,2.89,1832225000,1732116500,1832225000,6388711050,11,8.649,256971000,2.155,1.0,2086666000,0.306,310756000,3215000,1746886000,1869649750,1390767000,0,0,0,1559479000,1118833000,440646000,6179575050,39948000,0,-173879000,-30183000,-61262000,-260913000,-305020000,0,605978000,-97000,344198000,344198000,344198000,0,0,0.051,1532607000,554059000,614511000,0.22,3.373,17.954,17.872,1203382000,0,51.65,0.907,0.904,80292000,1471182000,6814479000,6814479000,0,0.101,0.199,0.299,0.082,14322000,1502089000,1.0,119643273,119244000,121238000,57.147,3080948000,23247000,211816000,47698000,26.166,679965000
DKS,MRY,2015-12-31,2016-01-30,2016-01-30,2018-03-30,-179000,3559336000,3680471250,1812690000,1746646000,1.976,15.887,-370028000,118936000,118936000,5088078000,330391000,1.521,0.989,5913000,589000,5324000,5913000,751082000,193594000,0,0.014,0.551,534887000,728481000,0.1,728481000,534887000,530875000,2.87,2.83,2.87,1789187000,1772278000,1789187000,4768158626,8,6.545,280312000,2.433,1.0,2182887000,0.3,310034000,4012000,1944604000,2094630000,1527187000,0,0,0,1770149000,1191675000,578474000,4493505626,-102743000,0,-336659000,28584000,-64715000,-380543000,-372434000,0,650340000,-106000,330391000,330391000,330391000,0,0,0.045,1647695000,535192000,677864000,0.192,2.511,13.601,13.617,1347885000,0,39.08,0.618,0.619,61395000,1737214000,7270965000,7270965000,0,0.09,0.186,0.255,0.074,29288000,1613075000,1.0,114982232,115230000,116794000,63.1,3249302000,11597000,200484000,46289000,28.853,621015000
DKS,MRY,2016-12-31,2017-01-28,2017-01-28,2018-03-30,-132000,4058296000,4076633750,1995678000,2062618000,1.943,17.478,-421920000,164777000,164777000,5556198000,287396000,1.428,1.103,5325000,646000,4679000,5325000,930501000,233834000,0,0.012,0.605,464278000,698112000,0.088,698112000,464278000,458422000,2.59,2.56,2.59,1929489000,1858271750,1929489000,5960884133,12,8.539,347074000,3.124,1.0,2365783000,0.299,385894000,5856000,2115535000,2382401500,1638632000,0,0,0,2128807000,1397415000,731392000,5779916133,45841000,-118769000,-114649000,16805000,-67972000,-172876000,-550324000,0,768994000,47000,287396000,287396000,287396000,0,0,0.036,1915929000,449854000,755537000,0.234,2.996,20.111,19.811,1522574000,0,51.31,0.73,0.72,75199000,1956066000,7921981000,7921981000,0,0.07,0.155,0.195,0.059,33602000,1875643000,1.0,112646972,111095000,112216000,71.308,3672402000,48234000,171026000,53234000,33.266,598263000
DKS,MRY,2017-12-31,2018-02-03,2018-02-03,2018-03-30,-78000,4203939000,4429222000,2006085000,2197854000,1.939,18.699,-474347000,101253000,101253000,6101412000,323445000,1.408,1.165,65286000,5202000,60084000,65286000,979188000,237651000,0,0.022,0.68,509384000,747035000,0.087,747035000,509384000,501337000,3.02,3.01,3.02,1941501000,1924142750,1941501000,3791644798,7,5.076,271963000,2.542,1.0,2489060000,0.29,387063000,8047000,2355895000,2634765750,1711103000,0,0,0,2262438000,1425014000,837424000,3382171798,-63524000,-8957000,-268025000,22725000,-73099000,-324240000,-485648000,0,746310000,54000,323445000,323445000,323445000,0,0,0.038,2011486000,477574000,843075000,0.225,1.742,10.457,10.427,1677340000,0,31.49,0.394,0.392,60107000,2205651000,8590472000,8590472000,0,0.073,0.168,0.193,0.059,36239000,1982363000,1.0,107404630,106977000,107586000,80.302,3816876000,18072000,177892000,20708000,36.762,581071000
