ticker,dimension,calendardate,datekey,reportperiod,lastupdated,accoci,assets,assetsavg,assetsc,assetsnc,assetturnover,bvps,capex,cashneq,cashnequsd,cor,consolinc,currentratio,de,debt,debtc,debtnc,debtusd,deferredrev,depamor,deposits,divyield,dps,ebit,ebitda,ebitdamargin,ebitdausd,ebitusd,ebt,eps,epsdil,epsusd,equity,equityavg,equityusd,ev,evebit,evebitda,fcf,fcfps,fxusd,gp,grossmargin,intangibles,intexp,invcap,invcapavg,inventory,investments,investmentsc,investmentsnc,liabilities,liabilitiesc,liabilitiesnc,marketcap,ncf,ncfbus,ncfcommon,ncfdebt,ncfdiv,ncff,ncfi,ncfinv,ncfo,ncfx,netinc,netinccmn,netinccmnusd,netincdis,netincnci,netmargin,opex,opinc,payables,payoutratio,pb,pe,pe1,ppnenet,prefdivis,price,ps,ps1,receivables,retearn,revenue,revenueusd,rnd,roa,roe,roic,ros,sbcomp,sgna,sharefactor,sharesbas,shareswa,shareswadil,sps,tangibles,taxassets,taxexp,taxliabilities,tbvps,workingcapital
DORM,MRY,2011-12-31,2011-12-31,2011-12-31,2018-05-03,2810000,376693000,355363250,310153000,66540000,1.445,8.841,-18102000,50196000,50196000,324165000,53277000,6.961,0.188,0,0,0,0,0,7737000,0,0.0,0.0,84712000,92449000,0.18,92449000,84712000,84609000,1.49,1.47,1.49,317103000,295477750,317103000,621041671,7,6.718,19961000,0.557,1.0,189267000,0.369,26553000,103000,255391000,240316500,115845000,0,0,0,59590000,44553000,15037000,666629671,19733000,0,-4000,0,0,-4000,-18102000,0,38063000,-224000,53277000,53277000,53277000,2925000,0,0.104,101630000,87637000,31646000,0.0,2.102,12.513,12.393,38904000,0,18.465,1.298,1.29,124324000,277071000,513432000,513432000,0,0.15,0.18,0.353,0.165,620000,101630000,1.0,36102338,35866000,36370000,14.315,350140000,17127000,31332000,11631000,9.762,265600000
DORM,MRY,2012-12-31,2012-12-29,2012-12-29,2018-05-03,0,412683000,419816500,336049000,76634000,1.359,9.215,-18078000,27708000,27708000,355211000,70962000,5.277,0.24,0,0,0,0,0,8225000,0,0.044,1.5,108788000,117013000,0.205,117013000,108788000,108665000,1.96,1.94,1.96,332872000,347359750,332872000,1177614491,10,10.064,30833000,0.854,1.0,215209000,0.377,26553000,123000,294737000,281169750,145270000,0,0,0,79811000,63685000,16126000,1243685491,-22488000,0,1326000,0,-54716000,-53390000,-18078000,0,48911000,69000,70962000,70962000,70962000,-4557000,0,0.124,110978000,104231000,42387000,0.765,3.736,17.526,17.423,48758000,0,34.15,2.18,2.163,140180000,291500000,570420000,570420000,0,0.169,0.204,0.387,0.191,1007000,110978000,1.0,36418316,36124000,36494000,15.791,386130000,20559000,37703000,12679000,10.689,272364000
DORM,MRY,2013-12-31,2013-12-28,2013-12-28,2018-05-03,0,529169000,472052750,428406000,100763000,1.408,11.38,-24666000,60593000,60593000,403498000,81920000,4.67,0.279,0,0,0,0,0,10159000,0,0.0,0.0,127939000,138098000,0.208,138098000,127939000,127750000,2.25,2.24,2.25,413641000,382641250,413641000,1961421139,15,14.203,36893000,1.015,1.0,260968000,0.393,30089000,189000,346749000,326668000,160387000,0,0,0,115528000,91738000,23790000,2009756139,32885000,-1897000,-2111000,0,0,-2111000,-26563000,0,61559000,0,81920000,81920000,81920000,0,0,0.123,133029000,127939000,61255000,0.0,4.859,24.533,24.484,64786000,0,55.09,3.025,3.013,180777000,370157000,664466000,664466000,0,0.174,0.214,0.392,0.193,960000,133029000,1.0,36481324,36347000,36624000,18.281,499080000,20798000,45830000,18480000,13.731,336668000
DORM,MRY,2014-12-31,2014-12-27,2014-12-27,2018-05-03,0,557716000,555751000,430361000,127355000,1.352,12.817,-29862000,47656000,47656000,464275000,89987000,4.738,0.207,0,0,0,0,0,12658000,0,0.0,0.0,140734000,153392000,0.204,153392000,140734000,140530000,2.5,2.49,2.5,462061000,449071750,462061000,1698361036,12,11.072,29778000,0.826,1.0,287201000,0.382,29989000,204000,389238000,385536000,173523000,0,0,0,95655000,90833000,4822000,1742571036,-12937000,0,-42715000,0,0,-42715000,-29862000,0,59640000,0,89987000,89987000,89987000,0,0,0.12,146467000,140734000,59541000,0.0,3.771,19.365,19.544,82270000,0,48.86,2.319,2.344,206035000,418292000,751476000,751476000,0,0.162,0.2,0.365,0.187,1146000,146467000,1.0,35664573,36052000,36190000,20.844,527727000,2451000,50543000,0,14.638,339528000
DORM,MRY,2015-12-31,2015-12-26,2015-12-26,2018-05-03,0,621865000,622912250,478633000,143232000,1.289,14.607,-21688000,78659000,78659000,494907000,92329000,4.856,0.2,0,0,0,0,0,16186000,0,0.0,0.0,145941000,162127000,0.202,162127000,145941000,145941000,2.6,2.6,2.6,518036000,507876000,518036000,1662900128,11,10.257,70372000,1.984,1.0,308050000,0.384,29889000,0,414747000,426609750,193725000,0,0,0,103829000,98570000,5259000,1742221128,31003000,0,-37236000,0,0,-37236000,-23821000,-2133000,92060000,0,92329000,92329000,92329000,0,0,0.115,161893000,146157000,63967000,0.0,3.363,18.87,18.877,87046000,0,49.08,2.17,2.168,203923000,474888000,802957000,802957000,0,0.148,0.182,0.342,0.182,882000,161893000,1.0,35497578,35466000,35538000,22.64,591976000,7557000,53612000,0,16.691,380063000
DORM,MRY,2016-12-31,2016-12-31,2016-12-31,2018-05-03,0,711792000,661995000,551614000,160178000,1.299,17.431,-20059000,149121000,149121000,521530000,106049000,5.312,0.183,0,0,0,0,0,18907000,0,0.0,0.0,168360000,187267000,0.218,187267000,168360000,168360000,3.07,3.07,3.07,601642000,566626250,601642000,2433723743,14,12.996,101480000,2.94,1.0,338074000,0.393,29788000,0,429035000,437799000,168851000,0,0,0,110150000,103848000,6302000,2528865743,70462000,0,-24823000,0,0,-24823000,-26254000,-6195000,121539000,0,106049000,106049000,106049000,0,0,0.123,169473000,168601000,72629000,0.0,4.203,23.846,23.798,88436000,0,73.06,2.942,2.934,230526000,557110000,859604000,859604000,0,0.16,0.187,0.385,0.196,2380000,169473000,1.0,34613547,34516000,34598000,24.905,682004000,12429000,62311000,0,19.759,447766000
DORM,MRY,2017-12-31,2017-12-30,2017-12-30,2018-05-03,0,765924000,746894250,532849000,233075000,1.209,18.691,-24450000,71691000,71691000,544572000,106599000,4.81,0.207,0,0,0,0,0,22224000,0,0.0,0.0,176588000,198812000,0.22,198812000,176588000,176588000,3.14,3.13,3.14,634807000,626881750,634807000,1945000125,11,9.783,69791000,2.055,1.0,358649000,0.397,88157000,0,495295000,473591250,212149000,0,0,0,131117000,110781000,20336000,2061789125,-77430000,-59987000,-77271000,0,0,-77271000,-94437000,-10000000,94241000,37000,106599000,106599000,106599000,0,0,0.118,182409000,176240000,80218000,0.0,3.248,19.342,19.471,92692000,0,61.14,2.283,2.299,241880000,589659000,903221000,903221000,0,0.143,0.17,0.373,0.196,3162000,182409000,1.0,33722426,33964000,34052000,26.593,677767000,7884000,69989000,6604000,19.955,422068000
