ticker,dimension,calendardate,datekey,reportperiod,lastupdated,accoci,assets,assetsavg,assetsc,assetsnc,assetturnover,bvps,capex,cashneq,cashnequsd,cor,consolinc,currentratio,de,debt,debtc,debtnc,debtusd,deferredrev,depamor,deposits,divyield,dps,ebit,ebitda,ebitdamargin,ebitdausd,ebitusd,ebt,eps,epsdil,epsusd,equity,equityavg,equityusd,ev,evebit,evebitda,fcf,fcfps,fxusd,gp,grossmargin,intangibles,intexp,invcap,invcapavg,inventory,investments,investmentsc,investmentsnc,liabilities,liabilitiesc,liabilitiesnc,marketcap,ncf,ncfbus,ncfcommon,ncfdebt,ncfdiv,ncff,ncfi,ncfinv,ncfo,ncfx,netinc,netinccmn,netinccmnusd,netincdis,netincnci,netmargin,opex,opinc,payables,payoutratio,pb,pe,pe1,ppnenet,prefdivis,price,ps,ps1,receivables,retearn,revenue,revenueusd,rnd,roa,roe,roic,ros,sbcomp,sgna,sharefactor,sharesbas,shareswa,shareswadil,sps,tangibles,taxassets,taxexp,taxliabilities,tbvps,workingcapital
DOV,MRY,2011-12-31,2011-12-31,2011-12-31,2018-04-28,-47510000,9500552000,9463942250,3248178000,6252374000,0.779,26.682,-253313000,1206755000,1206755000,4524351000,895243000,2.849,0.927,2187252000,1022000,2186230000,2187252000,0,290477000,0,0.02,1.18,1247844000,1538321000,0.209,1538321000,1247844000,1132319000,4.82,4.74,4.82,4930555000,4866690500,4930555000,12031056516,9,7.821,826189000,4.445,1.0,2844803000,0.386,4691480000,115525000,4649565000,4424999750,733807000,0,0,0,4569997000,1140004000,3429993000,10761049516,19394000,-865316000,-202662000,371315000,-219154000,-50501000,-1025757000,124410000,1079502000,16150000,895243000,895243000,895243000,-122057000,0,0.121,1720954000,1123849000,515847000,0.245,2.183,12.02,12.044,970703000,0,58.05,1.46,1.464,1118848000,6629116000,7369154000,7369154000,0,0.095,0.184,0.282,0.169,25130000,1720954000,1.0,185375530,185882000,188887000,39.644,4809072000,40376000,237076000,378921000,26.025,2108174000
DOV,MRY,2012-12-31,2012-12-31,2012-12-31,2018-04-28,-54906000,10443943000,9964268000,3027844000,7416099000,0.665,27.48,-137170000,800076000,800076000,4046659000,811070000,1.524,1.123,2800116000,610766000,2189350000,2800116000,0,229934000,0,0.02,1.33,1213329000,1443263000,0.218,1443263000,1213329000,1092060000,4.47,4.41,4.47,4919230000,5082959250,4919230000,13164006787,10,9.121,1129743000,6.311,1.0,2579989000,0.389,5740070000,121269000,4717285000,4610471000,872841000,0,0,0,5524713000,1986628000,3538085000,11762809787,-406679000,-1080433000,-682893000,603918000,-240959000,-342942000,-1352776000,0,1266913000,22126000,811070000,811070000,811070000,-160995000,0,0.122,1520961000,1059028000,651358000,0.298,2.391,14.503,14.7,1167052000,0,65.71,1.775,1.775,1225898000,7199227000,6626648000,6626648000,0,0.081,0.16,0.263,0.183,30884000,1520961000,1.0,179010954,179010954,,37.018,4703873000,49935000,280990000,493164000,26.277,1041216000
DOV,MRY,2013-12-31,2013-12-31,2013-12-31,2018-04-28,67723000,10855181000,10526120250,2717972000,8137209000,0.68,31.397,-117893000,803882000,803882000,4376505000,1003129000,2.025,1.019,2828479000,229278000,2599201000,2828479000,0,278033000,0,0.015,1.45,1372242000,1650275000,0.231,1650275000,1372242000,1251588000,5.86,5.78,5.86,5377396000,5101118500,5377396000,18569578242,13,11.252,1034674000,6.041,1.0,2778591000,0.388,4367491000,120654000,7170039000,5532273250,715311000,0,0,0,5477785000,1342248000,4135537000,16447111242,3806000,-246381000,-418949000,19530000,-247820000,-678542000,-468868000,0,1152567000,-1351000,1003129000,1003129000,1003129000,-205602000,0,0.14,1616921000,1161670000,522713000,0.247,3.059,16.396,16.474,787849000,0,96.54,2.299,2.311,1076641000,7954536000,7155096000,7155096000,0,0.095,0.197,0.248,0.192,30480000,1616921000,1.0,170365768,171271000,173547000,41.776,6487690000,60101000,248459000,502320000,37.88,1375724000
DOV,MRY,2014-12-31,2014-12-31,2014-12-31,2018-04-28,-158931000,9030291000,8862235250,2833969000,6196322000,0.875,22.488,-151660000,681581000,681581000,4778479000,775235000,1.39,1.44,3030997000,777956000,2253041000,3030997000,0,307188000,0,0.246,17.625,1222991000,1530179000,0.197,1530179000,1222991000,1091302000,4.65,4.59,4.65,3700725000,3816842000,3700725000,13876874733,11,9.069,824264000,4.945,1.0,2974249000,0.384,4861077000,131689000,4479781000,4826461750,863737000,0,0,0,5329566000,2038849000,3290717000,11859785733,-122301000,-610906000,-580740000,244934000,-258487000,-255489000,-802310000,0,975924000,-40426000,775235000,775235000,775235000,2905000,0,0.1,1758765000,1215484000,615332000,3.79,3.205,15.298,15.424,837069000,0,71.72,1.53,1.542,1186746000,7074782000,7752728000,7752728000,0,0.087,0.203,0.253,0.158,31628000,1758765000,1.0,165362322,166692000,168842000,46.509,4169214000,0,316067000,515184000,25.335,795120000
DOV,MRY,2015-12-31,2015-12-31,2015-12-31,2018-04-28,-254573000,8606076000,8549604500,2419010000,6187066000,0.814,23.52,-139647000,362185000,362185000,4388167000,869829000,1.769,1.361,2754777000,151122000,2603655000,2754777000,0,327089000,0,0.027,1.64,1206234000,1533323000,0.22,1533323000,1206234000,1074558000,5.52,5.46,5.52,3644575000,3595617750,3644575000,11524519921,9,7.516,695466000,4.412,1.0,2568144000,0.369,5150612000,131676000,4480874000,4292992250,802895000,0,0,0,4961501000,1367182000,3594319000,9500944921,-319396000,121471000,-596140000,-232748000,-257969000,-1091886000,-36562000,-17752000,835113000,-26061000,869829000,869829000,869829000,-273948000,0,0.125,1647382000,920762000,650880000,0.297,2.607,10.923,11.107,854269000,0,61.31,1.366,1.389,1120490000,7686642000,6956311000,6956311000,0,0.102,0.242,0.281,0.173,30697000,1647382000,1.0,154965665,157619000,159172000,44.134,3455464000,0,204729000,582237000,22.3,1051828000
DOV,MRY,2016-12-31,2016-12-31,2016-12-31,2018-04-28,-359326000,10115991000,9343565250,2589191000,7526800000,0.727,24.455,-147456000,349146000,349146000,4322373000,508892000,1.334,1.662,3621187000,414550000,3206637000,3621187000,0,360739000,0,0.023,1.72,825733000,1186472000,0.175,1186472000,825733000,689332000,3.28,3.25,3.28,3799746000,3750128500,3799746000,14253124271,17,12.013,714519000,4.603,1.0,2471969000,0.364,6365600000,136401000,5082114000,4653471000,870487000,0,0,0,6316245000,1940318000,4375927000,11640138271,-13039000,-1355330000,8431000,909216000,-268339000,633608000,-1503843000,0,861975000,-4779000,508892000,508892000,508892000,0,0,0.075,1660925000,811044000,830318000,0.524,3.063,22.873,22.845,945670000,0,74.93,1.713,1.712,1265201000,7927795000,6794342000,6794342000,0,0.054,0.136,0.177,0.122,21015000,1757523000,1.0,155346834,155231000,156636000,43.769,3750391000,0,180440000,750526000,24.137,648873000
DOV,MRY,2017-12-31,2017-12-31,2017-12-31,2018-04-28,0,10657653000,10420443500,3207120000,7450533000,0.751,28.145,-181413000,753964000,753964000,4940059000,811665000,1.395,1.431,3567804000,581102000,2986702000,3567804000,0,394240000,0,0.018,1.82,1119051000,1513291000,0.193,1513291000,1119051000,973843000,5.21,5.15,5.21,4383180000,4171179750,4383180000,18880439179,16,12.476,640146000,4.112,1.0,2890377000,0.369,6201839000,145208000,4971461000,4976233500,878635000,0,0,0,6274473000,2298193000,3976280000,15733342179,404818000,336635000,-105023000,-183194000,-283959000,-594739000,176373000,0,821559000,1625000,811665000,811665000,811665000,0,0,0.104,1772794000,1117583000,979446000,0.349,3.589,19.384,19.384,999772000,0,100.99,2.009,2.008,1385567000,8455501000,7830436000,7830436000,0,0.078,0.195,0.225,0.143,26528000,1975932000,1.0,155791090,155685000,157744000,50.297,4455814000,0,162178000,568580000,28.611,908927000
