ticker,dimension,calendardate,datekey,reportperiod,lastupdated,accoci,assets,assetsavg,assetsc,assetsnc,assetturnover,bvps,capex,cashneq,cashnequsd,cor,consolinc,currentratio,de,debt,debtc,debtnc,debtusd,deferredrev,depamor,deposits,divyield,dps,ebit,ebitda,ebitdamargin,ebitdausd,ebitusd,ebt,eps,epsdil,epsusd,equity,equityavg,equityusd,ev,evebit,evebitda,fcf,fcfps,fxusd,gp,grossmargin,intangibles,intexp,invcap,invcapavg,inventory,investments,investmentsc,investmentsnc,liabilities,liabilitiesc,liabilitiesnc,marketcap,ncf,ncfbus,ncfcommon,ncfdebt,ncfdiv,ncff,ncfi,ncfinv,ncfo,ncfx,netinc,netinccmn,netinccmnusd,netincdis,netincnci,netmargin,opex,opinc,payables,payoutratio,pb,pe,pe1,ppnenet,prefdivis,price,ps,ps1,receivables,retearn,revenue,revenueusd,rnd,roa,roe,roic,ros,sbcomp,sgna,sharefactor,sharesbas,shareswa,shareswadil,sps,tangibles,taxassets,taxexp,taxliabilities,tbvps,workingcapital
DPZ,MRY,2011-12-31,2012-01-01,2012-01-01,2018-04-26,-2401000,480543000,473296500,326843000,153700000,3.491,-20.786,-24349000,142904000,142904000,1181677000,105361000,1.658,-1.397,1451273000,904000,1450369000,1451273000,0,24042000,0,0.0,0.0,259441000,283483000,0.172,283483000,259441000,167806000,1.79,1.71,1.79,-1209739000,-1192451500,-1209739000,3312023420,12,11.683,128724000,2.212,1.0,470516000,0.285,24825000,91635000,1566912000,1573880500,30702000,1538000,0,1538000,1690282000,197175000,1493107000,1975832420,2347000,0,-130920000,-890000,0,-123485000,-26941000,0,153073000,-300000,105361000,105361000,105361000,0,0,0.064,211371000,259145000,69714000,0.0,-1.633,18.753,18.966,92400000,0,33.95,1.196,1.196,93215000,-1207915000,1652193000,1652193000,0,0.223,-0.088,0.165,0.157,-1635000,211371000,1.0,58198304,58198304,,28.389,455718000,21437000,62445000,5021000,7.83,129668000
DPZ,MRY,2012-12-31,2012-12-30,2012-12-30,2018-04-26,-2386000,478197000,486261250,306267000,171930000,3.452,-23.526,-29267000,114828000,114828000,1177101000,112392000,1.335,-1.358,1560792000,24349000,1536443000,1560792000,0,23171000,0,0.07,3.0,282635000,305806000,0.182,305806000,282635000,181187000,1.99,1.91,1.99,-1335523000,-1353972750,-1335523000,3891487828,13,12.725,147053000,2.59,1.0,501338000,0.299,27985000,101448000,1666678000,1644618000,31061000,2097000,0,2097000,1813720000,229498000,1584222000,2419989828,4521000,0,-79293000,109491000,-185484000,-177449000,7348000,0,176320000,-1698000,112392000,112392000,112392000,0,0,0.067,219007000,282331000,77414000,1.508,-1.812,21.532,21.422,91445000,0,42.63,1.442,1.442,98989000,-1335364000,1678439000,1678439000,0,0.231,-0.083,0.172,0.168,1401000,219007000,1.0,56767296,56767296,,29.567,450212000,19243000,68795000,7001000,7.931,76769000
DPZ,MRY,2013-12-31,2013-12-29,2013-12-29,2018-04-26,-1984000,525255000,484783250,351540000,173715000,3.718,-23.156,-40387000,139836000,139836000,1253249000,142985000,1.381,-1.407,1536443000,24144000,1512299000,1536443000,0,25783000,0,0.011,0.8,313971000,339754000,0.189,339754000,313971000,225099000,2.58,2.48,2.58,-1290202000,-1316135000,-1290202000,5358619761,17,15.772,153602000,2.757,1.0,548974000,0.305,31062000,88872000,1636189000,1649690750,30321000,3269000,0,3269000,1815457000,254611000,1560846000,3911463761,-40430000,0,-87681000,-24349000,-34241000,-134804000,-99733000,0,193989000,118000,142985000,142985000,142985000,0,0,0.079,235163000,313811000,83408000,0.31,-3.032,27.356,27.209,97584000,0,70.2,2.17,2.17,108496000,-1289445000,1802223000,1802223000,0,0.295,-0.109,0.19,0.174,2489000,235163000,1.0,55718857,55718857,,32.345,494193000,13877000,82114000,7827000,8.869,96929000
DPZ,MRY,2014-12-31,2014-12-28,2014-12-28,2018-04-26,-2661000,596333000,531799750,428361000,167972000,3.749,-22.17,-70093000,151809000,151809000,1399067000,162587000,1.613,-1.489,1501164000,565000,1500599000,1501164000,0,35788000,0,0.01,1.0,345504000,381292000,0.191,381292000,345504000,258623000,2.96,2.86,2.96,-1219465000,-1264961250,-1219465000,6670062701,19,17.493,122246000,2.222,1.0,594766000,0.298,36859000,86881000,1643221000,1658968500,37944000,4586000,0,4586000,1815798000,265608000,1550190000,5250301701,16472000,0,-73379000,-12332000,-52843000,-118898000,-57443000,0,192339000,474000,162587000,162587000,162587000,0,0,0.082,249405000,345361000,86552000,0.338,-4.305,32.292,32.247,114046000,0,95.45,2.633,2.633,118395000,-1246921000,1993833000,1993833000,0,0.306,-0.129,0.208,0.173,-9996000,249405000,1.0,55005780,55005780,,36.248,559474000,12332000,96036000,5588000,10.171,162753000
DPZ,MRY,2015-12-31,2016-01-03,2016-01-03,2018-04-26,-3548000,799845000,659480750,602637000,197208000,3.361,-32.943,-63282000,314389000,314389000,1533397000,192789000,1.603,-1.444,2240793000,59333000,2181460000,2240793000,0,32434000,0,0.011,1.24,405752000,438186000,0.198,438186000,405752000,306215000,3.58,3.47,3.58,-1800251000,-1378858250,-1800251000,7483898783,18,17.079,228504000,4.181,1.0,683131000,0.308,44602000,99537000,2305664000,1836054750,36861000,6054000,0,6054000,2600096000,375983000,2224113000,6079505783,102594000,0,-733743000,740597000,-80329000,-80936000,-109292000,0,291786000,1036000,192789000,192789000,192789000,0,0,0.087,277692000,405439000,106927000,0.346,-3.377,31.535,31.075,131890000,0,111.25,2.743,2.743,131582000,-1804143000,2216528000,2216528000,0,0.292,-0.14,0.221,0.183,-152000,277692000,1.0,54647243,54647243,,40.561,755243000,5865000,113426000,0,13.82,226654000
DPZ,MRY,2016-12-31,2017-01-01,2017-01-01,2018-04-26,-3110000,716295000,716484750,495873000,220422000,3.451,-39.168,-58555000,169311000,169311000,1704937000,214678000,1.228,-1.38,2187877000,38887000,2148990000,2187877000,0,38140000,0,0.01,1.52,454727000,492867000,0.199,492867000,454727000,344658000,4.41,4.3,4.41,-1883143000,-1866080500,-1883143000,9733286596,21,19.748,228718000,4.757,1.0,767691000,0.31,56314000,110069000,2274849000,2304734500,40181000,7260000,0,7260000,2599438000,403698000,2195740000,7656075596,-90634000,0,-285016000,-59334000,-73925000,-375792000,-836000,0,287273000,-1279000,214678000,214678000,214678000,0,0,0.087,313649000,454042000,111510000,0.345,-4.066,35.663,36.109,138534000,0,159.24,3.096,3.096,150369000,-1881520000,2472628000,2472628000,0,0.3,-0.115,0.197,0.184,-29565000,313649000,1.0,48078847,48078847,,51.429,659981000,8935000,129980000,0,13.727,92175000
DPZ,MRY,2017-12-31,2017-12-31,2017-12-31,2018-04-26,-2030000,836753000,794311750,579780000,256973000,3.51,-62.546,-90011000,227530000,227530000,1921988000,277905000,1.456,-1.306,3153814000,32324000,3121490000,3153814000,0,44369000,0,0.01,1.84,522694000,567063000,0.203,567063000,522694000,400153000,6.05,5.83,6.05,-2735384000,-2289372500,-2735384000,11171004039,21,19.7,249025000,5.694,1.0,865991000,0.311,68246000,122541000,3296506000,2792517000,39961000,0,0,0,3572137000,398285000,3173852000,8264004039,-7047000,0,-1058154000,971807000,-84298000,-197145000,-149004000,0,339036000,66000,277905000,277905000,277905000,0,0,0.1,344759000,521232000,106894000,0.304,-3.021,29.737,31.233,169586000,0,188.96,2.964,2.964,173677000,-2739437000,2787979000,2787979000,0,0.35,-0.121,0.187,0.187,-6514000,344759000,1.0,43734145,43734145,,63.748,768507000,2750000,122248000,0,17.572,181495000
