ticker,dimension,calendardate,datekey,reportperiod,lastupdated,accoci,assets,assetsavg,assetsc,assetsnc,assetturnover,bvps,capex,cashneq,cashnequsd,cor,consolinc,currentratio,de,debt,debtc,debtnc,debtusd,deferredrev,depamor,deposits,divyield,dps,ebit,ebitda,ebitdamargin,ebitdausd,ebitusd,ebt,eps,epsdil,epsusd,equity,equityavg,equityusd,ev,evebit,evebitda,fcf,fcfps,fxusd,gp,grossmargin,intangibles,intexp,invcap,invcapavg,inventory,investments,investmentsc,investmentsnc,liabilities,liabilitiesc,liabilitiesnc,marketcap,ncf,ncfbus,ncfcommon,ncfdebt,ncfdiv,ncff,ncfi,ncfinv,ncfo,ncfx,netinc,netinccmn,netinccmnusd,netincdis,netincnci,netmargin,opex,opinc,payables,payoutratio,pb,pe,pe1,ppnenet,prefdivis,price,ps,ps1,receivables,retearn,revenue,revenueusd,rnd,roa,roe,roic,ros,sbcomp,sgna,sharefactor,sharesbas,shareswa,shareswadil,sps,tangibles,taxassets,taxexp,taxliabilities,tbvps,workingcapital
DRI,MRY,2011-12-31,2011-05-29,2011-05-29,2018-04-04,-59800000,5466600000,5310900000,663800000,4802800000,1.412,14.374,-540700000,70500000,70500000,5699500000,476300000,0.516,1.823,1648800000,185500000,1463300000,1648800000,200000000,316800000,0,0.025,1.28,738800000,1055600000,0.141,1055600000,738800000,645200000,3.48,3.39,3.48,1936200000,1902175000,1936200000,8460321710,11,8.015,351900000,2.572,1.0,1800700000,0.24,971100000,93600000,4787000000,4638750000,300100000,0,0,0,3530400000,1286800000,2243600000,6947021710,-178300000,0,-322500000,-42500000,-175500000,-521000000,-549900000,-1400000,892600000,0,476300000,476300000,476300000,2400000,0,0.064,1059500000,741200000,251300000,0.368,3.588,14.585,14.632,3622000000,0,50.92,0.926,0.929,65400000,2921900000,7500200000,7500200000,0,0.09,0.25,0.159,0.099,66800000,742700000,1.0,136430120,136800000,140300000,54.826,4495500000,150800000,168900000,419000000,33.374,-623000000
DRI,MRY,2012-12-31,2012-05-27,2012-05-27,2018-04-04,-146600000,5944200000,5832600000,757600000,5186600000,0.913,14.357,-454500000,70500000,70500000,4088300000,475500000,0.427,2.227,2120700000,612600000,1508100000,2120700000,231700000,241300000,0,0.032,1.72,653500000,894800000,0.168,894800000,653500000,551400000,3.65,3.57,3.65,1842000000,1808875000,1842000000,8883061501,13,9.927,307200000,2.361,1.0,1238800000,0.233,1003500000,102100000,5216800000,5111475000,404100000,0,0,0,4102200000,1774100000,2328100000,6826361501,0,-58500000,-304900000,468400000,-223900000,-40400000,-721300000,-10800000,761700000,0,475500000,475500000,475500000,-196300000,0,0.089,781600000,457200000,260700000,0.471,3.706,14.356,14.537,3951300000,0,53.06,1.281,1.296,71400000,3172800000,5327100000,5327100000,0,0.082,0.263,0.128,0.123,47300000,540100000,1.0,128653628,130100000,133200000,40.946,4940700000,136700000,75900000,373300000,38.509,-1016500000
DRI,MRY,2013-12-31,2013-05-26,2013-05-26,2018-04-04,-132800000,6936900000,6686950000,764900000,6172000000,0.885,15.855,-509800000,88200000,88200000,4616600000,411900000,0.54,2.368,2713200000,164500000,2548700000,2713200000,270500000,278300000,0,0.038,2.0,574600000,852900000,0.144,852900000,574600000,448600000,3.19,3.13,3.19,2059500000,1933300000,2059500000,9526378578,16,11.169,439500000,3.407,1.0,1304400000,0.22,1482100000,126000000,6663400000,6291275000,356900000,0,0,0,4877400000,1416400000,3461000000,6857978578,17700000,-577400000,12000000,586900000,-258200000,355400000,-1287000000,13100000,949300000,0,411900000,411900000,411900000,-174600000,0,0.07,904400000,400000000,296500000,0.627,3.33,16.65,16.561,4391100000,0,52.83,1.158,1.151,85400000,998900000,5921000000,5921000000,0,0.062,0.213,0.091,0.097,40100000,625200000,1.0,129812201,129000000,131600000,45.899,5454800000,151000000,36700000,440500000,41.992,-651500000
DRI,MRY,2014-12-31,2014-05-25,2014-05-25,2018-04-04,-128100000,7082700000,7132200000,1975800000,5106900000,0.881,16.353,-410400000,98300000,98300000,4990500000,286200000,1.221,2.284,2686000000,222600000,2463400000,2686000000,299700000,304400000,0,0.044,2.2,411900000,716300000,0.114,716300000,411900000,277600000,2.18,2.15,2.18,2156900000,2102325000,2156900000,9140220252,22,12.76,359700000,2.746,1.0,1295100000,0.206,1447100000,134300000,6604800000,6698050000,196800000,0,0,0,4925800000,1618500000,3307300000,6537120252,10100000,0,57600000,39700000,-288300000,-179200000,-580800000,5700000,770100000,0,286200000,286200000,286200000,-103000000,0,0.046,986200000,308900000,233100000,1.009,3.031,22.841,22.729,3381000000,0,49.55,1.04,1.033,83800000,995800000,6285600000,6285600000,0,0.04,0.136,0.061,0.066,38700000,665400000,1.0,131929773,131000000,133200000,47.982,5635600000,134900000,-8600000,350600000,42.726,357300000
DRI,MRY,2015-12-31,2015-05-31,2015-05-31,2018-04-04,-86600000,5994700000,5977400000,1056400000,4938300000,1.132,18.49,-228600000,535900000,535900000,5341500000,709500000,0.883,1.569,1467300000,15000000,1452300000,1467300000,328600000,319300000,0,0.034,2.2,880700000,1200000000,0.177,1200000000,880700000,688400000,5.56,5.47,5.56,2333500000,2201175000,2333500000,9335035993,10,7.779,242400000,1.898,1.0,1422500000,0.21,1447000000,192300000,4282400000,4326500000,163900000,0,0,0,3661200000,1196700000,2464500000,8244435993,437600000,0,-342600000,-1182600000,-278900000,-1784500000,1751100000,9700000,471000000,0,709500000,709500000,709500000,-513100000,0,0.105,1054900000,367600000,198800000,0.396,3.533,11.62,11.788,3215800000,0,65.54,1.219,1.237,78000000,1026000000,6764000000,6764000000,0,0.119,0.322,0.204,0.13,53700000,673500000,1.0,125792432,127700000,129700000,52.968,4547700000,176300000,-21100000,405900000,36.036,-140300000
DRI,MRY,2016-12-31,2016-05-29,2016-05-29,2018-04-04,-87000000,4582600000,5073325000,820300000,3762300000,1.367,15.431,96900000,274800000,274800000,5392400000,375000000,0.691,1.348,440000000,0,440000000,440000000,360400000,290200000,0,0.128,8.656,637500000,927700000,0.134,927700000,637500000,465000000,2.94,2.9,2.94,1952000000,2071025000,1952000000,8783350843,13,9.468,874900000,6.867,1.0,1541100000,0.222,1446900000,172500000,2113800000,2665050000,175400000,0,0,0,2630600000,1187100000,1443500000,8551450843,-261100000,0,-85500000,-1100200000,-268200000,-1120800000,81700000,1800000,778000000,0,375000000,375000000,375000000,-15300000,0,0.054,918900000,622200000,241900000,2.944,4.381,22.804,22.952,2041600000,0,67.48,1.233,1.24,64000000,547500000,6933500000,6933500000,0,0.074,0.181,0.239,0.092,37300000,622900000,1.0,126725709,127400000,129300000,54.423,3135700000,209400000,90000000,304300000,24.788,-366800000
DRI,MRY,2017-12-31,2017-05-28,2017-05-28,2018-04-04,-62900000,5292300000,4701075000,587900000,4704400000,1.525,16.827,-284700000,233100000,233100000,5600800000,479100000,0.456,1.518,936600000,0,936600000,936600000,388600000,272900000,0,0.025,2.24,674100000,947000000,0.132,947000000,674100000,633900000,3.85,3.8,3.85,2101700000,1932300000,2101700000,10984885059,16,11.6,615200000,4.949,1.0,1569400000,0.219,2151900000,40200000,2554700000,2226950000,178900000,0,0,0,3190600000,1289200000,1901400000,10935585059,-41700000,-764400000,-117100000,497400000,-279100000,129200000,-1070800000,2800000,899900000,0,479100000,479100000,479100000,3400000,0,0.067,891900000,677500000,249500000,0.582,5.203,22.825,22.844,2272300000,0,87.95,1.525,1.525,75900000,560100000,7170200000,7170200000,0,0.102,0.248,0.303,0.094,40700000,627400000,1.0,124338659,124300000,126000000,57.685,3140400000,6200000,154800000,201700000,25.143,-701300000
