ticker,dimension,calendardate,datekey,reportperiod,lastupdated,accoci,assets,assetsavg,assetsc,assetsnc,assetturnover,bvps,capex,cashneq,cashnequsd,cor,consolinc,currentratio,de,debt,debtc,debtnc,debtusd,deferredrev,depamor,deposits,divyield,dps,ebit,ebitda,ebitdamargin,ebitdausd,ebitusd,ebt,eps,epsdil,epsusd,equity,equityavg,equityusd,ev,evebit,evebitda,fcf,fcfps,fxusd,gp,grossmargin,intangibles,intexp,invcap,invcapavg,inventory,investments,investmentsc,investmentsnc,liabilities,liabilitiesc,liabilitiesnc,marketcap,ncf,ncfbus,ncfcommon,ncfdebt,ncfdiv,ncff,ncfi,ncfinv,ncfo,ncfx,netinc,netinccmn,netinccmnusd,netincdis,netincnci,netmargin,opex,opinc,payables,payoutratio,pb,pe,pe1,ppnenet,prefdivis,price,ps,ps1,receivables,retearn,revenue,revenueusd,rnd,roa,roe,roic,ros,sbcomp,sgna,sharefactor,sharesbas,shareswa,shareswadil,sps,tangibles,taxassets,taxexp,taxliabilities,tbvps,workingcapital
DSGX,MRY,2011-12-31,2012-01-31,2012-01-31,2018-04-30,-63000,258924000,250096500,103376000,155548000,0.456,3.513,-4734000,65547000,65547000,38313000,12026000,4.035,0.185,0,0,0,0,8354000,14458000,0,0.0,0.0,15399000,29857000,0.262,29857000,15399000,15390000,0.19,0.19,0.19,218556000,212035500,218556000,426759284,27,14.293,19192000,0.308,1.0,75677000,0.664,114686000,9000,53072000,52035000,413000,0,0,0,40368000,25619000,14749000,496403284,-4097000,-21281000,1775000,-4342000,0,-2567000,-26015000,0,23926000,559000,12026000,12026000,12026000,0,0,0.106,60452000,15225000,5250000,0.0,2.271,41.278,42.316,9287000,0,8.04,4.355,4.388,17154000,-324729000,113990000,113990000,19044000,0.048,0.057,0.296,0.135,1224000,27281000,1.0,61741702,62218000,63400000,1.832,144238000,43699000,3364000,14349000,2.318,77757000
DSGX,MRY,2012-12-31,2013-01-31,2013-01-31,2018-04-30,1869000,276107000,267515500,81135000,194972000,0.474,3.808,-3496000,37638000,37638000,42399000,15996000,2.849,0.159,0,0,0,0,7638000,17079000,0,0.0,0.0,17266000,34345000,0.271,34345000,17266000,17221000,0.26,0.25,0.26,238239000,228397500,238239000,521944961,30,15.197,26844000,0.429,1.0,84484000,0.666,159594000,45000,50397000,51734500,812000,0,0,0,37868000,28478000,9390000,587491961,-27909000,-54745000,704000,-77000,0,-898000,-58241000,0,30340000,890000,15996000,15996000,15996000,0,0,0.126,67291000,17193000,6113000,0.0,2.466,36.727,36.192,10236000,0,9.41,4.63,4.639,20640000,-307536000,126883000,126883000,21269000,0.06,0.07,0.334,0.136,1278000,29456000,1.0,62432727,62556000,63860000,2.028,116513000,38120000,1225000,11744000,1.863,52657000
DSGX,MRY,2013-12-31,2014-01-31,2014-01-31,2018-04-30,-1089000,344477000,310292000,110229000,234248000,0.488,3.981,-2385000,62705000,62705000,49043000,9612000,2.489,0.377,40405000,8618000,31787000,40405000,9217000,21395000,0,0.0,0.0,14726000,36121000,0.239,36121000,14726000,13733000,0.15,0.15,0.15,250160000,244199500,250160000,860144614,58,23.813,40229000,0.64,1.0,102251000,0.676,205828000,993000,72059000,61228000,1350000,0,0,0,94317000,44290000,50027000,897782614,25067000,-58737000,3633000,41848000,0,44120000,-61122000,0,42614000,-545000,9612000,9612000,9612000,0,0,0.064,87582000,14669000,7027000,0.0,3.589,93.402,95.867,8792000,0,14.38,5.934,5.973,20558000,-297924000,151294000,151294000,25881000,0.031,0.039,0.241,0.097,2523000,37190000,1.0,62432727,62841000,64370000,2.408,138649000,33136000,4121000,20911000,2.206,65939000
DSGX,MRY,2014-12-31,2015-01-31,2015-01-31,2018-04-30,-25212000,444201000,394339000,157296000,286905000,0.433,5.533,-2679000,118053000,118053000,54879000,15059000,3.918,0.138,0,0,0,0,15309000,25010000,0,0.0,0.0,22909000,47919000,0.28,47919000,22909000,21821000,0.21,0.21,0.21,390385000,320272500,390385000,952985799,41,19.887,46799000,0.663,1.0,115981000,0.679,262566000,1088000,23435000,47747000,474000,0,0,0,53816000,40147000,13669000,975285799,55348000,-82152000,140724000,-43691000,0,96628000,-84831000,0,49478000,-5927000,15059000,15059000,15059000,0,0,0.088,90529000,25452000,4620000,0.0,2.498,64.764,72.952,7829000,0,15.32,5.708,6.327,22613000,-282865000,170860000,170860000,28077000,0.038,0.047,0.48,0.134,1543000,40737000,1.0,63660953,70559000,71584000,2.422,181635000,25082000,6762000,17192000,2.574,117149000
DSGX,MRY,2015-12-31,2016-01-31,2016-01-31,2018-04-30,-34880000,452787000,448494000,74957000,377830000,0.412,5.318,-4309000,37213000,37213000,53859000,20562000,1.872,0.126,0,0,0,0,17580000,29599000,0,0.0,0.0,28292000,57891000,0.313,57891000,28292000,27770000,0.27,0.27,0.27,402035000,396210000,402035000,1225499757,43,21.169,49934000,0.661,1.0,131134000,0.709,351048000,522000,24484000,23959500,155000,4639000,4639000,0,50752000,40042000,10710000,1343552757,-80840000,-120853000,158000,0,0,-2432000,-129829000,-4667000,54243000,-2822000,20562000,20562000,20562000,0,0,0.111,103038000,28096000,4473000,0.0,3.342,65.342,65.926,8604000,0,17.8,7.263,7.274,25614000,-262303000,184993000,184993000,31293000,0.046,0.052,1.181,0.153,1577000,44031000,1.0,75480492,75595000,76409000,2.447,101739000,17710000,7208000,11855000,1.346,34915000
DSGX,MRY,2016-12-31,2017-01-31,2017-01-31,2018-04-30,-32779000,500540000,476663500,72561000,427979000,0.428,5.681,-4914000,38135000,38135000,56051000,23838000,1.348,0.162,0,0,0,0,24149000,33629000,0,0.0,0.0,32111000,65740000,0.323,65740000,32111000,31500000,0.31,0.31,0.31,430595000,416315000,430595000,1618168870,50,24.615,67669000,0.893,1.0,147728000,0.725,408558000,611000,23000,12253500,167000,0,0,0,69945000,53824000,16121000,1655381870,922000,-71348000,145000,-356000,0,-211000,-70363000,5899000,72583000,-1087000,23838000,23838000,23838000,0,0,0.117,117032000,30696000,4679000,0.0,3.844,69.443,70.484,10447000,0,21.85,8.123,8.128,25401000,-238465000,203779000,203779000,35556000,0.05,0.057,2.621,0.158,2022000,48020000,1.0,75761184,75800000,76515000,2.688,91982000,7449000,7662000,17870000,1.213,18737000
DSGX,MRY,2017-12-31,2018-01-31,2018-01-31,2018-04-30,-15252000,624878000,562709000,74852000,550026000,0.422,6.535,-5086000,35145000,35145000,63704000,26879000,1.106,0.253,37000000,0,37000000,37000000,32113000,37578000,0,0.0,0.0,36045000,73623000,0.31,73623000,36045000,34748000,0.35,0.35,0.35,498812000,464703500,498812000,2112912291,58,28.699,67057000,0.879,1.0,173735000,0.732,528149000,1297000,30894000,15458500,123000,0,0,0,126066000,67690000,58376000,2151047291,-2990000,-111867000,1003000,37000000,0,38003000,-116953000,0,72143000,3817000,26879000,26879000,26879000,0,0,0.113,137851000,35884000,7897000,0.0,4.312,80.027,81.0,12798000,0,28.35,9.059,9.113,28792000,-211623000,237439000,237439000,41804000,0.048,0.058,2.332,0.152,2807000,58576000,1.0,75874684,76324000,77112000,3.111,96729000,5113000,7869000,23518000,1.267,7162000
