ticker,dimension,calendardate,datekey,reportperiod,lastupdated,accoci,assets,assetsavg,assetsc,assetsnc,assetturnover,bvps,capex,cashneq,cashnequsd,cor,consolinc,currentratio,de,debt,debtc,debtnc,debtusd,deferredrev,depamor,deposits,divyield,dps,ebit,ebitda,ebitdamargin,ebitdausd,ebitusd,ebt,eps,epsdil,epsusd,equity,equityavg,equityusd,ev,evebit,evebitda,fcf,fcfps,fxusd,gp,grossmargin,intangibles,intexp,invcap,invcapavg,inventory,investments,investmentsc,investmentsnc,liabilities,liabilitiesc,liabilitiesnc,marketcap,ncf,ncfbus,ncfcommon,ncfdebt,ncfdiv,ncff,ncfi,ncfinv,ncfo,ncfx,netinc,netinccmn,netinccmnusd,netincdis,netincnci,netmargin,opex,opinc,payables,payoutratio,pb,pe,pe1,ppnenet,prefdivis,price,ps,ps1,receivables,retearn,revenue,revenueusd,rnd,roa,roe,roic,ros,sbcomp,sgna,sharefactor,sharesbas,shareswa,shareswadil,sps,tangibles,taxassets,taxexp,taxliabilities,tbvps,workingcapital
DSW,MRY,2011-12-31,2012-01-28,2012-01-28,2018-03-23,-8486000,1207900000,1157488500,868007000,339893000,1.749,9.099,-74707000,79003000,79003000,1370382000,195483000,2.822,0.536,0,0,0,0,0,51237000,0,0.046,1.15,128523000,179760000,0.089,179760000,128523000,116719000,2.48,2.27,2.48,786587000,717806250,786587000,2037382670,15,11.334,140081000,1.62,1.0,653947000,0.323,25899000,11804000,795449000,784659000,334390000,350555000,296697000,53858000,421313000,307549000,113764000,2139057670,-20123000,0,6319000,-2625000,-98859000,-95293000,-139618000,-64712000,214788000,0,174788000,174788000,174788000,4855000,20695000,0.086,448583000,205364000,151248000,0.464,2.719,12.238,9.978,235726000,0,24.745,1.057,1.057,16996000,-1739000,2024329000,2024329000,0,0.151,0.244,0.164,0.063,-1958000,448583000,1.0,86444036,86444036,,23.418,1182001000,132126000,-58069000,0,13.674,560458000
DSW,MRY,2012-12-31,2013-02-02,2013-02-02,2018-03-23,-8758000,1262103000,1283985750,821790000,440313000,1.758,9.596,-134477000,81097000,81097000,1533058000,146439000,2.985,0.47,0,0,0,0,0,58002000,0,0.042,1.435,242760000,300762000,0.133,300762000,242760000,241866000,1.65,1.62,1.65,858579000,868266000,858579000,2887663295,11,9.601,124087000,1.387,1.0,724720000,0.321,25899000,894000,879796000,888483000,393794000,328793000,232081000,96712000,403524000,275311000,128213000,3021985295,2094000,0,23348000,0,-129215000,-137062000,-119408000,13918000,258564000,0,146439000,146439000,146439000,-1253000,0,0.065,481797000,242923000,152112000,0.87,3.52,20.636,20.47,300313000,0,33.775,1.338,1.338,26784000,16991000,2257778000,2257778000,0,0.114,0.169,0.273,0.108,-6693000,481797000,1.0,89474028,89474028,,25.234,1236204000,76840000,95427000,0,13.816,546479000
DSW,MRY,2013-12-31,2014-02-01,2014-02-01,2018-03-23,0,1421244000,1365991250,812764000,608480000,1.734,11.006,-86412000,112021000,112021000,1629381000,151302000,2.858,0.423,0,0,0,0,0,64237000,0,0.01,0.375,244335000,308572000,0.13,308572000,244335000,243861000,1.67,1.65,1.67,998544000,950969500,998544000,3328843726,13,10.788,212313000,2.34,1.0,739287000,0.312,25899000,474000,998922000,970012750,397768000,467286000,224098000,243188000,422700000,284402000,138298000,3415752726,30924000,0,4651000,-268000,-33854000,-26392000,-241409000,-148850000,298725000,0,151302000,151302000,151302000,0,0,0.064,497863000,241424000,168705000,0.225,3.421,22.576,22.545,318620000,0,37.65,1.442,1.442,26646000,134439000,2368668000,2368668000,0,0.111,0.159,0.252,0.103,3106000,497863000,1.0,90723844,90723844,,26.109,1395345000,29717000,92559000,0,15.38,528362000
DSW,MRY,2014-12-31,2015-01-31,2015-01-31,2018-03-23,-6454000,1438243000,1438396750,748723000,689520000,1.735,11.46,-98126000,59171000,59171000,1741071000,153299000,2.638,0.422,0,0,0,0,0,68243000,0,0.021,0.75,249799000,318042000,0.127,318042000,249799000,249691000,1.71,1.69,1.71,1011120000,1005362500,1011120000,3040953390,12,9.561,99270000,1.125,1.0,755021000,0.302,25899000,108000,1069383000,1026937000,450836000,457148000,171201000,285947000,427123000,283790000,143333000,3137347390,-52850000,-71832000,-80218000,0,-66912000,-144764000,-105482000,69804000,197396000,0,153299000,153299000,153299000,-272000,0,0.061,512536000,242485000,170610000,0.439,3.103,20.466,20.795,337903000,0,35.56,1.257,1.257,24407000,220826000,2496092000,2496092000,0,0.107,0.152,0.243,0.1,6480000,512536000,1.0,88226867,88226867,,28.292,1412344000,31079000,96392000,0,16.008,464933000
DSW,MRY,2015-12-31,2016-01-30,2016-01-30,2018-03-23,-20703000,1369109000,1465790250,795668000,573441000,1.788,10.448,-103939000,32495000,32495000,1851879000,136034000,2.46,0.513,0,0,0,0,0,73577000,0,0.033,0.8,220008000,293585000,0.112,293585000,220008000,219840000,1.55,1.54,1.55,904924000,1011875500,904924000,1989490029,9,6.777,138712000,1.602,1.0,768369000,0.293,25945000,168000,987243000,1008087000,484236000,363338000,226027000,137311000,464185000,323426000,140759000,2079509029,-29943000,-4580000,-172089000,0,-69720000,-241482000,-31112000,73609000,242651000,3267000,136034000,136034000,136034000,0,0,0.052,554818000,213551000,215626000,0.516,2.298,15.287,15.49,374241000,0,24.01,0.794,0.794,15464000,287140000,2620248000,2620248000,0,0.093,0.134,0.218,0.084,10778000,554818000,1.0,86610122,86610122,,30.253,1343164000,21815000,83806000,0,15.508,472242000
DSW,MRY,2016-12-31,2017-01-28,2017-01-28,2018-03-23,-13941000,1428476000,1444089000,759266000,669210000,1.878,11.713,-87580000,110657000,110657000,1939611000,124535000,2.398,0.524,0,0,0,0,0,81639000,0,0.039,0.8,203626000,285265000,0.105,285265000,203626000,203388000,1.53,1.52,1.53,937488000,933962000,937488000,1566963365,7,5.493,125326000,1.566,1.0,771833000,0.285,114797000,238000,886417000,937952250,499995000,192264000,98530000,93734000,490988000,316605000,174383000,1627925365,78162000,-64571000,-43721000,0,-65073000,-110455000,-24289000,124839000,212906000,0,124535000,124535000,124535000,0,0,0.046,591816000,180017000,186271000,0.523,1.736,13.072,13.294,375251000,0,20.34,0.6,0.6,19006000,346602000,2711444000,2711444000,0,0.086,0.133,0.217,0.075,12687000,591816000,1.0,80035662,80035662,,33.878,1313679000,14934000,78853000,0,16.414,442661000
DSW,MRY,2017-12-31,2018-02-03,2018-02-03,2018-03-23,-10074000,1413613000,1439050000,863009000,550604000,1.946,11.88,-56282000,175932000,175932000,2010418000,67304000,2.659,0.487,0,0,0,0,0,80216000,0,0.041,0.8,127409000,207625000,0.074,207625000,127409000,126921000,0.84,0.83,0.84,950355000,954370750,950355000,1418481327,11,6.832,134734000,1.684,1.0,789376000,0.282,26034000,488000,887121000,920685250,501903000,130701000,124605000,6096000,463258000,324526000,138732000,1567966327,60622000,-57396000,-8076000,-1018000,-63823000,-71429000,-58965000,54713000,191016000,0,67304000,67304000,67304000,0,0,0.024,697163000,92213000,179308000,0.952,1.65,23.297,23.333,355199000,0,19.6,0.56,0.56,19236000,350083000,2799794000,2799794000,0,0.047,0.071,0.138,0.046,14704000,607723000,1.0,79998282,79998282,,34.998,1387579000,27671000,59617000,0,17.345,538483000
