ticker,dimension,calendardate,datekey,reportperiod,lastupdated,accoci,assets,assetsavg,assetsc,assetsnc,assetturnover,bvps,capex,cashneq,cashnequsd,cor,consolinc,currentratio,de,debt,debtc,debtnc,debtusd,deferredrev,depamor,deposits,divyield,dps,ebit,ebitda,ebitdamargin,ebitdausd,ebitusd,ebt,eps,epsdil,epsusd,equity,equityavg,equityusd,ev,evebit,evebitda,fcf,fcfps,fxusd,gp,grossmargin,intangibles,intexp,invcap,invcapavg,inventory,investments,investmentsc,investmentsnc,liabilities,liabilitiesc,liabilitiesnc,marketcap,ncf,ncfbus,ncfcommon,ncfdebt,ncfdiv,ncff,ncfi,ncfinv,ncfo,ncfx,netinc,netinccmn,netinccmnusd,netincdis,netincnci,netmargin,opex,opinc,payables,payoutratio,pb,pe,pe1,ppnenet,prefdivis,price,ps,ps1,receivables,retearn,revenue,revenueusd,rnd,roa,roe,roic,ros,sbcomp,sgna,sharefactor,sharesbas,shareswa,shareswadil,sps,tangibles,taxassets,taxexp,taxliabilities,tbvps,workingcapital
DWCH,MRY,2011-12-31,2011-09-30,2011-09-30,2018-05-11,-1198000,13134000,12410750,11927000,1207000,1.441,1.03,-128000,8384000,8384000,4774000,132000,1.834,1.071,0,0,0,0,3936000,753000,0,0.0,0.0,156000,909000,0.051,909000,156000,167000,0.02,0.02,0.02,6342000,5962250,6342000,24627809,157,27.093,1019000,0.169,1.0,13111000,0.733,878000,-11000,-2632000,-2777500,49000,0,0,0,6792000,6504000,288000,32960809,1331000,0,388000,0,0,388000,-76000,0,1147000,-128000,132000,132000,132000,0,0,0.007,13044000,67000,879000,0.0,5.197,249.703,267.5,270000,0,5.35,1.843,1.806,2966000,-16858000,17885000,17885000,2502000,0.011,0.022,-0.056,0.009,264000,10542000,1.0,6160899,6039000,6235000,2.962,12256000,0,35000,0,1.99,5423000
DWCH,MRY,2012-12-31,2012-09-30,2012-09-30,2018-05-11,-1116000,22805000,20706750,13704000,9101000,1.256,1.53,-199000,8722000,8722000,4800000,1034000,1.418,1.352,3883000,900000,2983000,3883000,6560000,1207000,0,0.0,0.0,1423000,2630000,0.101,2630000,1423000,1084000,0.17,0.15,0.17,9694000,8815000,9694000,125063489,87,47.553,3756000,0.601,1.0,21206000,0.815,8537000,339000,-234000,-584500,59000,0,0,0,13111000,9663000,3448000,128455489,338000,0,261000,4900000,0,5089000,-8818000,0,3955000,112000,1034000,1034000,1034000,0,0,0.04,19663000,1543000,676000,0.0,13.251,124.232,119.235,281000,0,20.27,4.939,4.873,4391000,-15824000,26006000,26006000,2790000,0.05,0.117,-2.435,0.055,879000,16873000,1.0,6337222,6251765,6729672,4.16,14268000,0,50000,0,2.252,4041000
DWCH,MRY,2013-12-31,2013-09-30,2013-09-30,2018-05-11,-1278000,68914000,34693750,17900000,51014000,0.873,7.101,-592000,10312000,10312000,4945000,-4197000,1.298,0.341,3985000,1877000,2108000,3985000,7211000,2293000,0,0.0,0.0,-3603000,-1310000,-0.043,-1310000,-3603000,-4285000,-0.63,-0.63,-0.63,51375000,20462750,51375000,176363933,-48,-134.629,1800000,0.271,1.0,25351000,0.837,50477000,682000,-1678000,-284000,45000,0,0,0,17539000,13788000,3751000,182786933,1590000,383000,198000,-56000,0,63000,-523000,0,2392000,-342000,-4197000,-4197000,-4197000,0,0,-0.139,29168000,-3817000,1433000,0.0,3.558,-43.552,-44.286,289000,0,27.9,6.033,6.109,6622000,-20021000,30296000,30296000,3893000,-0.121,-0.205,12.687,-0.119,3323000,25275000,1.0,6551503,6634000,6634000,4.567,18437000,0,-88000,1076000,2.548,4112000
DWCH,MRY,2014-12-31,2014-09-30,2014-09-30,2018-05-11,-1620000,103597000,96258750,56325000,47272000,0.365,8.242,-526000,47668000,47668000,7364000,-22383000,4.92,0.14,0,0,0,0,7506000,4237000,0,0.0,0.0,-22496000,-18259000,-0.52,-18259000,-22496000,-22902000,-2.24,-2.24,-2.24,90910000,82795250,90910000,61486336,-2,-3.367,-11518000,-1.152,1.0,27723000,0.79,46530000,406000,-2050000,-2524500,0,0,0,0,12687000,11449000,1238000,111654336,37356000,0,53807000,-4844000,0,48965000,-526000,0,-10992000,-91000,-22383000,-22383000,-22383000,0,0,-0.638,49388000,-21665000,925000,0.0,1.228,-4.988,-4.576,400000,0,10.25,3.182,2.921,7024000,-42404000,35087000,35087000,9074000,-0.233,-0.27,8.911,-0.641,8446000,40314000,1.0,10893106,9998000,9998000,3.509,57067000,239000,-519000,1037000,5.174,44876000
DWCH,MRY,2015-12-31,2015-09-30,2015-09-30,2018-05-11,-1975000,58931000,62161250,44256000,14675000,0.486,3.943,-490000,35162000,35162000,6124000,-49787000,3.423,0.294,0,0,0,0,8644000,2857000,0,0.0,0.0,-52511000,-49654000,-1.643,-49654000,-52511000,-52511000,-4.38,-4.38,-4.38,45542000,50028250,45542000,31392680,0,-0.632,-12421000,-1.093,1.0,24097000,0.797,11936000,0,-1095000,-586750,0,0,0,0,13389000,12928000,461000,67711680,-12506000,0,52000,0,0,52000,-490000,0,-11931000,-137000,-49787000,-49787000,-49787000,0,0,-1.647,76539000,-52442000,1546000,0.0,1.487,-1.36,-1.342,614000,0,5.88,2.241,2.212,7081000,-92191000,30221000,30221000,8894000,-0.801,-0.995,89.495,-1.738,4733000,35636000,1.0,11515592,11368000,11368000,2.658,46995000,1839000,-2724000,274000,4.068,31328000
DWCH,MRY,2016-12-31,2016-09-30,2016-09-30,2018-05-11,-1866000,48431000,51176500,37231000,11200000,0.595,2.858,-966000,28034000,28034000,5005000,-14632000,2.716,0.426,0,0,0,0,9867000,2548000,0,0.0,0.0,-13159000,-10611000,-0.348,-10611000,-13159000,-13159000,-1.24,-1.24,-1.24,33958000,38047500,33958000,59186399,-4,-5.578,-7235000,-0.615,1.0,25457000,0.836,9744000,0,-3054000,-2221500,0,0,0,0,14473000,13707000,766000,87986399,-7128000,0,105000,0,0,105000,-966000,0,-6269000,2000,-14632000,-14632000,-14632000,0,0,-0.48,38586000,-13129000,1758000,0.0,2.591,-6.013,-5.976,1210000,0,7.41,2.888,2.86,6932000,-106823000,30462000,30462000,8167000,-0.286,-0.385,5.923,-0.432,2831000,30419000,1.0,11874008,11758000,11758000,2.591,38687000,0,1473000,0,3.256,23524000
DWCH,MRY,2017-12-31,2017-09-30,2017-09-30,2018-05-11,-1900000,50405000,47660000,40546000,9859000,0.761,2.661,-277000,30451000,30451000,4244000,-3993000,2.36,0.55,0,0,0,0,11605000,1627000,0,0.0,0.0,-4011000,-2384000,-0.066,-2384000,-4011000,-4011000,-0.33,-0.33,-0.33,32529000,32308500,32529000,111474763,-27,-46.76,2015000,0.167,1.0,32019000,0.883,8541000,0,-5771000,-4284750,0,0,0,0,17876000,17184000,692000,140903763,2417000,0,422000,0,0,422000,-277000,0,2292000,-20000,-3993000,-3993000,-3993000,0,0,-0.11,36789000,-4770000,2360000,0.0,4.332,-35.288,-35.0,1064000,0,11.55,3.886,3.845,7306000,-110816000,36263000,36263000,8888000,-0.084,-0.124,0.936,-0.111,2173000,27901000,1.0,12199460,12073000,12073000,3.004,41864000,0,-18000,0,3.425,23362000
