ticker,dimension,calendardate,datekey,reportperiod,lastupdated,accoci,assets,assetsavg,assetsc,assetsnc,assetturnover,bvps,capex,cashneq,cashnequsd,cor,consolinc,currentratio,de,debt,debtc,debtnc,debtusd,deferredrev,depamor,deposits,divyield,dps,ebit,ebitda,ebitdamargin,ebitdausd,ebitusd,ebt,eps,epsdil,epsusd,equity,equityavg,equityusd,ev,evebit,evebitda,fcf,fcfps,fxusd,gp,grossmargin,intangibles,intexp,invcap,invcapavg,inventory,investments,investmentsc,investmentsnc,liabilities,liabilitiesc,liabilitiesnc,marketcap,ncf,ncfbus,ncfcommon,ncfdebt,ncfdiv,ncff,ncfi,ncfinv,ncfo,ncfx,netinc,netinccmn,netinccmnusd,netincdis,netincnci,netmargin,opex,opinc,payables,payoutratio,pb,pe,pe1,ppnenet,prefdivis,price,ps,ps1,receivables,retearn,revenue,revenueusd,rnd,roa,roe,roic,ros,sbcomp,sgna,sharefactor,sharesbas,shareswa,shareswadil,sps,tangibles,taxassets,taxexp,taxliabilities,tbvps,workingcapital
DXYN,MRY,2011-12-31,2011-12-31,2011-12-31,2018-05-05,-88000,182943000,187710500,100999000,81944000,1.439,5.112,-6735000,298000,298000,204604000,986000,2.921,1.841,68086000,2729000,65357000,68086000,0,9649000,0,0.0,0.0,5140000,14789000,0.055,14789000,5140000,1670000,0.08,0.08,0.08,64385000,64301750,64385000,112653060,21,7.617,-1681000,-0.134,1.0,65506000,0.243,0,3470000,216149000,215530750,63939000,0,0,0,118558000,34582000,83976000,37945060,54000,0,-131000,1866000,0,1735000,-6735000,0,5054000,0,986000,986000,986000,286000,0,0.004,59838000,5668000,14668000,0.0,0.589,38.484,36.75,67541000,0,2.94,0.14,0.137,29173000,-110913000,270110000,270110000,0,0.005,0.015,0.024,0.019,663000,60667000,1.0,12906483,12585000,12623000,21.463,182943000,5860000,684000,4804000,14.526,66417000
DXYN,MRY,2012-12-31,2012-12-29,2012-12-29,2018-05-05,-238000,201770000,192372750,115055000,86715000,1.385,5.058,-3199000,491000,491000,201000000,-927000,3.02,2.15,84225000,4059000,80166000,84225000,0,9396000,0,0.0,0.0,1818000,11214000,0.042,11214000,1818000,-1328000,-0.07,-0.07,-0.07,64046000,64085250,64046000,117938118,64,10.517,-7911000,-0.626,1.0,65372000,0.245,0,3146000,247407000,233677250,72245000,0,0,0,137724000,38097000,99627000,42268118,193000,-1197000,-199000,9500000,0,9301000,-4396000,0,-4712000,0,-927000,-927000,-927000,274000,0,-0.003,63557000,1815000,14891000,0.0,0.66,-45.597,-46.0,69483000,0,3.22,0.159,0.153,32469000,-111840000,266372000,266372000,0,-0.005,-0.014,0.008,0.007,937000,63489000,1.0,13126745,12638000,12638000,21.077,201770000,5615000,-401000,3824000,15.935,76958000
DXYN,MRY,2013-12-31,2013-12-28,2013-12-28,2018-05-05,216000,248866000,232462250,149789000,99077000,1.481,5.537,-11390000,255000,255000,258804000,5290000,2.768,2.516,107988000,6229000,101759000,107988000,0,10262000,0,0.0,0.0,8469000,18731000,0.054,18731000,8469000,4713000,0.4,0.4,0.4,70771000,67772000,70771000,267243972,31,14.267,-17311000,-1.359,1.0,85570000,0.248,0,3756000,302489000,282405000,93219000,0,0,0,178095000,54110000,123985000,160823972,-236000,-2170000,-17000,19111000,0,19245000,-13560000,0,-5921000,0,5290000,5290000,5290000,266000,0,0.015,76715000,8855000,21679000,0.0,2.272,30.402,30.225,74485000,0,12.09,0.467,0.447,44063000,-106550000,344374000,344374000,0,0.023,0.078,0.03,0.025,696000,76221000,1.0,13302231,12737000,12852000,27.037,248866000,6622000,-577000,4072000,19.47,95679000
DXYN,MRY,2014-12-31,2014-12-27,2014-12-27,2018-05-05,-1513000,290447000,293776250,161095000,129352000,1.384,6.034,-10203000,394000,394000,311091000,-1402000,2.663,2.124,126231000,9078000,117153000,126231000,0,12909000,0,0.0,0.0,3953000,16862000,0.041,16862000,3953000,-349000,-0.11,-0.11,-0.11,92977000,90739750,92977000,263712827,66,15.639,-6742000,-0.469,1.0,95497000,0.235,6766000,4302000,349025000,349643500,104207000,0,0,0,197470000,60493000,136977000,141336827,139000,-12238000,24254000,-6384000,0,18249000,-21571000,870000,3461000,0,-1402000,-1402000,-1402000,2075000,0,-0.003,100733000,-5236000,22108000,0.0,1.52,-100.811,-81.545,102489000,0,8.97,0.348,0.317,50524000,-107952000,406588000,406588000,0,-0.005,-0.015,0.011,0.01,816000,93182000,1.0,15756614,14382000,14544000,28.271,283681000,0,1053000,0,18.411,100602000
DXYN,MRY,2015-12-31,2015-12-26,2015-12-26,2018-05-05,-2573000,298218000,309983250,169595000,128623000,1.363,5.825,-6758000,281000,281000,316253000,-2426000,2.39,2.284,126049000,10142000,115907000,126049000,0,14119000,0,0.0,0.0,1795000,15914000,0.038,15914000,1795000,-3140000,-0.16,-0.16,-0.16,90804000,90660000,90804000,220160806,122,13.834,1851000,0.119,1.0,106230000,0.251,6461000,4935000,346562000,364510750,115146000,0,0,0,207414000,70963000,136451000,89158806,-113000,0,-309000,-1973000,0,-1964000,-6758000,0,8609000,0,-2426000,-2426000,-2426000,148000,0,-0.006,104240000,1990000,26483000,0.0,0.982,-36.751,-34.813,101146000,0,5.57,0.211,0.205,50806000,-110378000,422483000,422483000,0,-0.008,-0.027,0.005,0.004,1088000,100422000,1.0,16006967,15536000,15536000,27.194,291757000,0,-714000,0,18.714,98632000
DXYN,MRY,2016-12-31,2016-12-31,2016-12-31,2018-05-05,-1960000,268987000,281948500,145358000,123629000,1.41,5.564,-4903000,140000,140000,302028000,-5278000,2.284,2.087,108378000,10122000,98256000,108378000,0,13515000,0,0.0,0.0,-3508000,10007000,0.025,10007000,-3508000,-8900000,-0.34,-0.34,-0.34,87122000,86793750,87122000,173566307,-49,17.344,19018000,1.216,1.0,95425000,0.24,6156000,5392000,307438000,325556000,97237000,0,0,0,181865000,63631000,118234000,58029307,-141000,0,-152000,-19010000,0,-19159000,-4903000,0,23921000,0,-5278000,-5278000,-5278000,71000,0,-0.013,98840000,-3415000,20683000,0.0,0.666,-10.995,-10.588,92807000,0,3.6,0.146,0.142,43605000,-115656000,397453000,397453000,0,-0.019,-0.061,-0.011,-0.009,1321000,96983000,1.0,16119252,15638000,15638000,25.416,262831000,0,-3622000,0,16.785,81727000
DXYN,MRY,2017-12-31,2017-12-30,2017-12-30,2018-05-05,-1299000,283907000,292095250,164825000,119082000,1.412,5.046,-12724000,19000,19000,311249000,-9555000,2.76,2.582,133257000,9811000,123446000,133257000,0,12947000,0,0.0,0.0,3693000,16640000,0.04,16640000,3693000,-2046000,-0.6,-0.6,-0.6,79263000,85609750,79263000,200512047,54,12.05,-22330000,-1.422,1.0,101213000,0.245,5850000,5739000,351583000,348631250,113657000,0,0,0,204644000,59712000,144932000,62144047,-121000,0,-116000,22325000,0,22209000,-12724000,0,-9606000,0,-9555000,-9555000,-9555000,233000,0,-0.023,97248000,3965000,18541000,0.0,0.784,-6.504,-6.417,93785000,0,3.85,0.151,0.147,46480000,-125000000,412462000,412462000,0,-0.033,-0.112,0.011,0.009,940000,96171000,1.0,16141311,15699000,15699000,26.273,278057000,0,7509000,0,17.702,105113000
