ticker,dimension,calendardate,datekey,reportperiod,lastupdated,accoci,assets,assetsavg,assetsc,assetsnc,assetturnover,bvps,capex,cashneq,cashnequsd,cor,consolinc,currentratio,de,debt,debtc,debtnc,debtusd,deferredrev,depamor,deposits,divyield,dps,ebit,ebitda,ebitdamargin,ebitdausd,ebitusd,ebt,eps,epsdil,epsusd,equity,equityavg,equityusd,ev,evebit,evebitda,fcf,fcfps,fxusd,gp,grossmargin,intangibles,intexp,invcap,invcapavg,inventory,investments,investmentsc,investmentsnc,liabilities,liabilitiesc,liabilitiesnc,marketcap,ncf,ncfbus,ncfcommon,ncfdebt,ncfdiv,ncff,ncfi,ncfinv,ncfo,ncfx,netinc,netinccmn,netinccmnusd,netincdis,netincnci,netmargin,opex,opinc,payables,payoutratio,pb,pe,pe1,ppnenet,prefdivis,price,ps,ps1,receivables,retearn,revenue,revenueusd,rnd,roa,roe,roic,ros,sbcomp,sgna,sharefactor,sharesbas,shareswa,shareswadil,sps,tangibles,taxassets,taxexp,taxliabilities,tbvps,workingcapital
EAT,MRY,2011-12-31,2011-06-29,2011-06-29,2018-05-04,0,1484568000,1572131500,221360000,1263208000,1.756,5.232,-70361000,81988000,81988000,2283902000,141060000,0.546,2.382,524663000,22091000,502572000,524663000,0,128447000,0,0.023,0.56,211640000,340087000,0.123,340087000,211640000,183329000,1.55,1.53,1.55,438910000,519510750,438910000,2502214598,11,7.358,189627000,2.088,1.0,477484000,0.173,124089000,28311000,1397553000,1450426000,25365000,0,0,0,1045658000,405601000,640057000,2079072598,-262636000,0,-389042000,-16127000,-53185000,-458063000,-64561000,-2896000,259988000,0,141060000,141060000,141060000,0,0,0.051,272064000,205420000,87549000,0.361,4.737,14.739,15.819,1056279000,0,24.52,0.753,0.806,42785000,2013189000,2761386000,2761386000,0,0.09,0.272,0.146,0.077,12789000,132834000,1.0,84790889,90807000,92320000,30.409,1360479000,41889000,42269000,8596000,16.217,-184241000
EAT,MRY,2012-12-31,2012-06-27,2012-06-27,2018-05-04,0,1439408000,1450769500,198182000,1241226000,1.944,4.128,-125226000,59103000,59103000,2311469000,151232000,0.493,3.645,615224000,27334000,587890000,615224000,0,125054000,0,0.021,0.64,235609000,360663000,0.128,360663000,235609000,208809000,1.93,1.87,1.93,309873000,347754000,309873000,2806888680,11,7.783,178212000,2.269,1.0,509253000,0.181,125604000,26800000,1468176000,1454926000,25360000,0,0,0,1129535000,401749000,727786000,2297677680,-22885000,-3120000,-243875000,91251000,-50081000,-202919000,-123404000,-3170000,303438000,0,151232000,151232000,151232000,0,0,0.054,277416000,231837000,100531000,0.332,7.415,15.193,15.793,1043564000,0,30.48,0.815,0.849,43387000,2112858000,2820722000,2820722000,0,0.104,0.435,0.162,0.084,13461000,143388000,1.0,75383126,78559000,80664000,35.906,1313804000,24204000,57577000,0,17.501,-203567000
EAT,MRY,2013-12-31,2013-06-26,2013-06-26,2018-05-04,0,1452603000,1457881750,198591000,1254012000,1.955,2.145,-131531000,59367000,59367000,2309624000,163359000,0.508,8.726,807717000,27596000,780121000,807717000,0,131481000,0,0.021,0.8,259433000,390914000,0.137,390914000,259433000,230315000,2.28,2.2,2.28,149357000,228909500,149357000,3344383683,12,8.555,159157000,2.217,1.0,540094000,0.19,152799000,29118000,1656922000,1588042500,24628000,0,0,0,1303246000,391232000,912014000,2725238683,264000,-24622000,-292194000,193148000,-56343000,-152580000,-137844000,0,290688000,0,163359000,163359000,163359000,0,0,0.057,283319000,256775000,93326000,0.351,18.246,16.683,16.943,1035815000,0,38.63,0.956,0.973,44082000,2217623000,2849718000,2849718000,0,0.112,0.714,0.163,0.091,15909000,134538000,1.0,70547209,71788000,74158000,39.696,1299804000,28994000,66956000,845000,18.67,-192641000
EAT,MRY,2014-12-31,2014-06-25,2014-06-25,2018-05-04,-940000,1490604000,1465858000,210854000,1279750000,1.985,0.97,-161066000,57685000,57685000,2349931000,154039000,0.452,22.625,860186000,27884000,832302000,860186000,0,136081000,0,0.019,0.96,244379000,380460000,0.131,380460000,244379000,216288000,2.33,2.26,2.33,63094000,98670750,63094000,4085843259,16,10.739,198776000,3.0,1.0,559564000,0.192,152275000,28091000,1674720000,1693117250,23643000,0,0,0,1427510000,466110000,961400000,3305383259,-1682000,0,-210302000,53479000,-63395000,-201346000,-160178000,0,359842000,0,154039000,154039000,154039000,0,0,0.053,317399000,242165000,102931000,0.412,52.388,21.458,21.841,1056454000,0,50.89,1.136,1.159,47850000,2306532000,2909495000,2909495000,0,0.105,1.561,0.144,0.084,16074000,132094000,1.0,64951528,66251000,68152000,43.916,1338329000,46260000,62249000,7278000,20.583,-255256000
EAT,MRY,2015-12-31,2015-06-24,2015-06-24,2018-05-04,-8630000,1435873000,1474808500,187224000,1248649000,2.036,-1.283,-140262000,55121000,55121000,2407603000,194659000,0.447,-19.301,974264000,3439000,970825000,974264000,0,145242000,0,0.019,1.12,313283000,458525000,0.153,458525000,313283000,284277000,3.09,3.02,3.09,-78460000,-16866750,-78460000,4391071028,14,9.577,228349000,3.62,1.0,594675000,0.198,149023000,29006000,1787518000,1748480750,23035000,0,0,0,1514333000,418475000,1095858000,3518292028,-2564000,0,-289996000,112072000,-70832000,-232863000,-138312000,0,368611000,0,194659000,194659000,194659000,0,0,0.065,283473000,311202000,92947000,0.362,-44.842,18.074,18.625,1032044000,0,57.55,1.172,1.209,46588000,2431683000,3002278000,3002278000,0,0.132,-11.541,0.179,0.104,14802000,133467000,1.0,61134527,63072000,64404000,47.601,1286850000,33137000,89618000,13251000,21.051,-231251000
EAT,MRY,2016-12-31,2016-06-29,2016-06-29,2018-05-04,-11594000,1458450000,1519213250,178442000,1280008000,2.144,-4.066,-112788000,31446000,31446000,2638872000,200620000,0.41,-7.465,1114256000,3563000,1110693000,1114256000,0,156368000,0,0.028,1.28,318961000,475329000,0.146,475329000,318961000,286387000,3.47,3.42,3.47,-225576000,-185577500,-225576000,3680937934,11,7.744,281912000,4.869,1.0,618617000,0.19,194232000,32574000,1911377000,1986973750,25104000,0,0,0,1684026000,435651000,1248375000,2571657934,-23675000,-105577000,-278758000,143098000,-74066000,-204266000,-214109000,0,394700000,0,200620000,200620000,200620000,0,0,0.062,301141000,317476000,95414000,0.369,-11.4,12.819,13.303,1043152000,0,46.16,0.789,0.82,45612000,2545716000,3257489000,3257489000,0,0.132,-1.081,0.161,0.098,15159000,127593000,1.0,55711827,57895000,58684000,56.265,1264218000,14325000,85767000,22022000,22.786,-257209000
EAT,MRY,2017-12-31,2017-06-28,2017-06-28,2018-05-04,-11921000,1403633000,1440835500,144325000,1259308000,2.187,-10.092,-102573000,9064000,9064000,2582776000,150823000,0.331,-3.843,1329478000,9649000,1319829000,1329478000,0,156409000,0,0.036,1.36,258055000,414464000,0.132,414464000,258055000,208508000,2.98,2.94,2.98,-493681000,-518508000,-493681000,3186155721,12,7.687,210313000,4.153,1.0,568061000,0.18,191465000,49547000,2096221000,2165974500,24997000,0,0,0,1897314000,436361000,1460953000,1865734721,-22382000,0,-365256000,197952000,-70771000,-235852000,-99416000,0,312886000,0,150823000,150823000,150823000,0,0,0.048,311883000,256178000,104231000,0.456,-3.779,12.37,12.795,1000614000,0,38.13,0.592,0.613,44658000,2627073000,3150837000,3150837000,0,0.105,-0.291,0.119,0.082,14568000,132819000,1.0,48930887,50638000,51250000,62.223,1212168000,37029000,57685000,14203000,24.779,-292036000
