ticker,dimension,calendardate,datekey,reportperiod,lastupdated,accoci,assets,assetsavg,assetsc,assetsnc,assetturnover,bvps,capex,cashneq,cashnequsd,cor,consolinc,currentratio,de,debt,debtc,debtnc,debtusd,deferredrev,depamor,deposits,divyield,dps,ebit,ebitda,ebitdamargin,ebitdausd,ebitusd,ebt,eps,epsdil,epsusd,equity,equityavg,equityusd,ev,evebit,evebitda,fcf,fcfps,fxusd,gp,grossmargin,intangibles,intexp,invcap,invcapavg,inventory,investments,investmentsc,investmentsnc,liabilities,liabilitiesc,liabilitiesnc,marketcap,ncf,ncfbus,ncfcommon,ncfdebt,ncfdiv,ncff,ncfi,ncfinv,ncfo,ncfx,netinc,netinccmn,netinccmnusd,netincdis,netincnci,netmargin,opex,opinc,payables,payoutratio,pb,pe,pe1,ppnenet,prefdivis,price,ps,ps1,receivables,retearn,revenue,revenueusd,rnd,roa,roe,roic,ros,sbcomp,sgna,sharefactor,sharesbas,shareswa,shareswadil,sps,tangibles,taxassets,taxexp,taxliabilities,tbvps,workingcapital
EGO,MRY,2011-12-31,2011-12-31,2011-12-31,2018-03-29,-10069000,3960405000,3822886500,685070000,3275335000,0.289,5.92,-272671000,449153000,449153000,468898000,347223000,2.747,0.199,81031000,81031000,0,81031000,0,122414000,0,0.008,0.11,489580000,611994000,0.554,611994000,489580000,484249000,0.58,0.58,0.58,3254759000,3107994500,3254759000,7315540402,14,11.954,239406000,0.435,1.0,634839000,0.575,365928000,5331000,2976957000,2926036500,190968000,21448000,2640000,18808000,649159000,249398000,399761000,7515646402,79419000,-16830000,25162000,-92387000,-61167000,-139486000,-293172000,-714000,512077000,0,318662000,318662000,318662000,0,28561000,0.289,110639000,524200000,168367000,0.19,2.309,23.585,23.638,2847910000,0,13.71,6.809,6.829,42309000,382716000,1103737000,1103737000,30773000,0.083,0.103,0.167,0.444,19722000,59239000,1.0,548187192,549791000,551625000,2.008,3594477000,4259000,165587000,336579000,6.538,435672000
EGO,MRY,2012-12-31,2012-12-31,2012-12-31,2018-03-29,-24535000,7928129000,5944267000,1152162000,6775967000,0.193,8.605,-425315000,817084000,817084000,541475000,318058000,4.905,0.289,593315000,10341000,582974000,593315000,0,113529000,0,0.012,0.15,440561000,554090000,0.483,554090000,440561000,433578000,0.44,0.44,0.44,5929235000,4591997000,5929235000,6692529032,15,12.078,-130087000,-0.189,1.0,606066000,0.528,839710000,6983000,6629742000,4803349500,220766000,29937000,1988000,27949000,1714794000,234908000,1479886000,7060651032,423080000,4021000,15315000,529570000,-93142000,423536000,-295684000,15756000,295228000,0,305302000,305302000,305302000,0,12756000,0.266,156948000,449118000,224567000,0.341,1.191,23.127,29.273,5868742000,0,12.88,6.153,7.733,112324000,594876000,1147541000,1147541000,39521000,0.051,0.066,0.092,0.384,21794000,70135000,1.0,548187192,689007000,690669000,1.665,7088419000,3149000,128276000,816941000,10.288,917254000
EGO,MRY,2013-12-31,2013-12-31,2013-12-31,2018-03-29,-17056000,7235242000,7581685500,961804000,6273438000,0.148,7.301,-479900000,589442000,589442000,630960000,-649615000,4.222,0.333,601408000,16402000,585006000,601408000,0,149068000,0,0.021,0.118,-468555000,-319487000,-0.284,-319487000,-468555000,-508967000,-0.91,-0.91,-0.91,5221736000,5575485500,5221736000,3840851068,-8,-12.022,-123527000,-0.173,1.0,493032000,0.439,526296000,40412000,6493104000,6561423000,244042000,50038000,39089000,10949000,1740378000,227808000,1512570000,4064620068,-227663000,-6357000,541000,5623000,-84948000,-92288000,-494069000,-32677000,356373000,0,-653329000,-653329000,-653329000,0,3714000,-0.581,939518000,-446486000,211406000,-0.13,0.778,-6.221,-6.253,5684382000,0,5.69,3.616,3.62,89231000,-143401000,1123992000,1123992000,34686000,-0.086,-0.117,-0.071,-0.417,19492000,68291000,1.0,714344476,715181000,715181000,1.572,6708946000,997000,144362000,842305000,9.381,733996000
EGO,MRY,2014-12-31,2014-12-31,2014-12-31,2018-03-29,-18127000,7393640000,7314441000,847234000,6546406000,0.146,7.392,-410543000,498776000,498776000,698976000,106544000,4.214,0.343,603544000,16343000,587201000,603544000,0,177227000,0,0.003,0.018,252655000,429882000,0.403,429882000,252655000,223876000,0.14,0.14,0.14,5294583000,5258159500,5294583000,4366563475,17,10.158,-127198000,-0.178,1.0,368923000,0.345,526296000,28779000,6771057000,6632080500,223412000,7051000,7051000,0,1815726000,201055000,1614671000,4354597475,-90666000,-30318000,-4417000,3000,-13010000,10110000,-384121000,30110000,283345000,0,102607000,102607000,102607000,0,-3937000,0.096,112074000,256849000,184712000,0.129,0.822,42.44,43.429,5963611000,0,6.08,4.078,4.078,117995000,-31721000,1067899000,1067899000,16230000,0.014,0.02,0.038,0.237,18775000,68196000,1.0,716216690,716288000,716300000,1.491,6867344000,104000,121269000,869207000,9.587,646179000
EGO,MRY,2015-12-31,2015-12-31,2015-12-31,2018-03-29,-20572000,5464877000,6429258500,572244000,4892633000,0.075,5.235,-344748000,288437000,288437000,353466000,-1645142000,2.416,0.411,589395000,0,589395000,589395000,0,89320000,0,0.005,0.016,-1744711000,-1655391000,-3.455,-1655391000,-1744711000,-1762285000,-2.15,-2.15,-2.15,3751681000,4523132000,3751681000,2232964636,-1,-1.349,-121390000,-0.169,1.0,125613000,0.262,50276000,17574000,5478740000,6124898500,175626000,22713000,22713000,0,1543441000,236819000,1306622000,2128196636,-210325000,0,-2273000,0,-11257000,-40816000,-392867000,-17894000,223358000,0,-1540895000,-1540895000,-1540895000,0,104247000,-3.216,1944407000,-1818794000,236819000,-0.007,0.567,-1.381,-1.381,4747759000,0,2.97,4.442,4.442,85468000,-1583873000,479079000,479079000,16328000,-0.24,-0.341,-0.285,-3.642,15877000,44075000,1.0,716564524,716586000,716590000,0.669,5414601000,0,-221390000,607871000,7.556,335425000
EGO,MRY,2016-12-31,2016-12-31,2016-12-31,2018-03-29,-7172000,4797919000,5131398000,1092175000,3705744000,0.084,4.86,503468000,883411000,883411000,269556000,-346876000,12.041,0.352,591589000,0,591589000,591589000,0,74887000,0,0.0,0.0,-278189000,-203302000,-0.47,-203302000,-278189000,-287946000,-0.48,-0.48,-0.48,3482678000,3617179500,3482678000,2608368571,-9,-12.83,617131000,0.861,1.0,163171000,0.377,0,9757000,4415392000,4947066000,120830000,33619000,33619000,0,1226455000,90705000,1135750000,2307410571,594982000,-603000,0,0,0,0,481319000,229000,113663000,0,-344151000,-344151000,-344151000,0,2725000,-0.795,97370000,65801000,90705000,0.0,0.663,-6.705,-6.708,3645827000,0,3.22,5.332,5.332,54315000,-1928024000,432727000,432727000,18773000,-0.067,-0.095,-0.056,-0.643,10559000,37851000,1.0,716587134,716587000,716593000,0.604,4797919000,0,56205000,443501000,6.696,1001470000
EGO,MRY,2017-12-31,2017-12-31,2017-12-31,2018-03-29,-21350000,5090326000,4944122500,737517000,4352809000,0.079,4.835,-284627000,479811000,479811000,265314000,-21388000,6.462,0.375,593783000,0,593783000,593783000,0,72130000,0,0.01,0.015,12647000,84777000,0.217,84777000,12647000,9448000,-0.01,-0.01,-0.01,3643542000,3563110000,3643542000,732897601,57,8.645,-256648000,-0.341,1.0,126092000,0.322,92591000,3199000,4997567000,4706479500,168844000,10518000,10518000,0,1366844000,114140000,1252704000,1024719601,-403670000,-121664000,-4715000,0,-10610000,-15325000,-416324000,-216000,27979000,0,-9935000,-9935000,-9935000,0,11453000,-0.025,169483000,-43391000,110651000,-1.5,0.281,-103.142,-143.0,4227397000,0,1.43,2.618,2.753,78344000,-1948569000,391406000,391406000,38261000,-0.002,-0.003,0.003,0.032,11218000,54574000,1.0,716587134,753565000,753565000,0.519,4997735000,0,19383000,549127000,6.632,623377000
