ticker,dimension,calendardate,datekey,reportperiod,lastupdated,accoci,assets,assetsavg,assetsc,assetsnc,assetturnover,bvps,capex,cashneq,cashnequsd,cor,consolinc,currentratio,de,debt,debtc,debtnc,debtusd,deferredrev,depamor,deposits,divyield,dps,ebit,ebitda,ebitdamargin,ebitdausd,ebitusd,ebt,eps,epsdil,epsusd,equity,equityavg,equityusd,ev,evebit,evebitda,fcf,fcfps,fxusd,gp,grossmargin,intangibles,intexp,invcap,invcapavg,inventory,investments,investmentsc,investmentsnc,liabilities,liabilitiesc,liabilitiesnc,marketcap,ncf,ncfbus,ncfcommon,ncfdebt,ncfdiv,ncff,ncfi,ncfinv,ncfo,ncfx,netinc,netinccmn,netinccmnusd,netincdis,netincnci,netmargin,opex,opinc,payables,payoutratio,pb,pe,pe1,ppnenet,prefdivis,price,ps,ps1,receivables,retearn,revenue,revenueusd,rnd,roa,roe,roic,ros,sbcomp,sgna,sharefactor,sharesbas,shareswa,shareswadil,sps,tangibles,taxassets,taxexp,taxliabilities,tbvps,workingcapital
ENG,MRY,2011-12-31,2011-12-31,2011-12-31,2018-05-10,-69000,104179000,108898000,77732000,26447000,2.182,2.156,-664000,2301000,2301000,216165000,-7076000,1.702,0.781,16602000,16602000,0,16602000,4421000,3564000,0,0.0,0.0,-6879000,-3315000,-0.014,-3315000,-6879000,-7907000,-0.27,-0.27,-0.27,58500000,61876000,58500000,75398149,-10,-22.745,4915000,0.184,1.0,21438000,0.09,20208000,1028000,52593000,52125250,0,1413000,514000,899000,45679000,45679000,0,56169149,-23000,65000,23000,-2752000,0,-2729000,-2874000,0,5579000,1000,-7076000,-7076000,-7076000,2674000,0,-0.03,25582000,-4144000,8363000,0.0,0.96,-7.938,-7.815,3260000,0,2.11,0.236,0.237,60810000,22822000,237603000,237603000,0,-0.065,-0.114,-0.132,-0.029,450000,25582000,1.0,26620450,26722000,26722000,8.892,83971000,5298000,-831000,0,3.095,32053000
ENG,MRY,2012-12-31,2012-12-29,2012-12-29,2018-05-10,-70000,78687000,95557750,66691000,11996000,2.385,0.941,-666000,6873000,6873000,209196000,-33601000,1.249,2.11,26829000,26829000,0,26829000,4830000,1919000,0,0.0,0.0,-24725000,-22806000,-0.1,-22806000,-24725000,-26600000,-1.25,-1.25,-1.25,25299000,39690000,25299000,38546960,-1,-1.69,-5653000,-0.21,1.0,18720000,0.082,4658000,1875000,40597000,45156500,0,4404000,1243000,3161000,53388000,53388000,0,15908960,712000,758000,0,10227000,0,9468000,-3768000,0,-4987000,-1000,-33601000,-33601000,-33601000,3538000,0,-0.147,39807000,-21087000,11048000,0.0,0.629,-0.473,-0.472,2997000,0,0.59,0.07,0.07,56310000,-10779000,227916000,227916000,0,-0.352,-0.847,-0.548,-0.108,401000,25239000,1.0,26964339,26883000,26883000,8.478,74029000,582000,7001000,0,2.753,13303000
ENG,MRY,2013-12-31,2013-12-28,2013-12-28,2018-05-10,-70000,45801000,55513750,36553000,9248000,3.044,0.835,-836000,3955000,3955000,147661000,-2989000,1.591,1.037,340000,0,340000,340000,7054000,2069000,0,0.0,0.0,-519000,1550000,0.009,1550000,-519000,-2561000,-0.11,-0.11,-0.11,22483000,25298250,22483000,40771148,-78,26.304,9095000,0.336,1.0,21302000,0.126,2806000,2042000,16402000,27894250,0,5923000,3497000,2426000,23318000,22978000,340000,39270148,3217000,14111000,0,-26859000,0,-26859000,20145000,0,9931000,0,-2989000,-2989000,-2989000,716000,0,-0.018,22080000,-778000,9070000,0.0,1.747,-13.138,-13.182,2655000,0,1.45,0.232,0.232,28052000,-13768000,168963000,168963000,0,-0.054,-0.118,-0.019,-0.003,173000,22080000,1.0,27082861,27041000,27041000,6.248,42995000,0,428000,0,1.597,13575000
ENG,MRY,2014-12-31,2014-12-27,2014-12-27,2018-05-10,0,51656000,50474000,42848000,8808000,2.138,1.047,-438000,6213000,6213000,84452000,6031000,1.912,0.779,216000,0,216000,216000,9832000,2326000,0,0.0,0.0,6751000,9077000,0.084,9077000,6751000,6663000,0.22,0.22,0.22,29032000,26905500,29032000,45849255,6,5.051,3329000,0.12,1.0,23448000,0.217,2806000,88000,20445000,18883000,0,5129000,2165000,2964000,22624000,22408000,216000,51304255,2258000,0,72000,-1589000,0,-1517000,8000,0,3767000,0,6031000,6031000,6031000,0,0,0.056,16568000,6880000,5855000,0.0,1.767,8.507,8.409,2074000,0,1.85,0.475,0.475,33572000,-7737000,107900000,107900000,0,0.119,0.224,0.358,0.063,374000,16568000,1.0,27732030,27685000,27685000,3.897,48850000,0,632000,0,1.761,20440000
ENG,MRY,2015-12-31,2015-12-26,2015-12-26,2018-05-10,0,52200000,48472000,37424000,14776000,1.642,1.424,-1005000,7806000,7806000,63337000,10536000,3.153,0.305,318000,0,318000,318000,3912000,1456000,0,0.0,0.0,2457000,3913000,0.049,3913000,2457000,2322000,0.38,0.38,0.38,40012000,32996000,40012000,16023636,6,4.095,-3852000,-0.137,1.0,16268000,0.204,2806000,135000,30036000,22162000,0,151000,151000,0,12188000,11870000,318000,27501636,1593000,0,-54000,-584000,0,-638000,5078000,6083000,-2847000,0,10536000,10536000,10536000,0,0,0.132,14168000,2100000,3182000,0.0,0.687,2.61,2.579,2145000,0,0.98,0.345,0.345,28159000,2799000,79605000,79605000,0,0.217,0.319,0.111,0.031,498000,14168000,1.0,28062894,28023000,28023000,2.841,49394000,9137000,-8214000,0,1.758,25554000
ENG,MRY,2016-12-31,2016-12-31,2016-12-31,2018-05-10,0,44436000,47927250,29816000,14620000,1.236,1.356,-64000,15687000,15687000,49112000,-2342000,3.915,0.207,14000,0,14000,14000,1371000,1143000,0,0.0,0.0,-3196000,-2053000,-0.035,-2053000,-3196000,-3369000,-0.08,-0.08,-0.08,36806000,37694250,36806000,49389577,-15,-24.057,9501000,0.344,1.0,10112000,0.171,2806000,173000,18341000,20625250,0,0,0,0,7630000,7616000,14000,65397577,7881000,0,-1353000,-382000,0,-1735000,51000,115000,9565000,0,-2342000,-2342000,-2342000,0,0,-0.04,13350000,-3238000,2876000,0.0,1.777,-27.924,-29.875,1194000,0,2.39,1.104,1.116,12889000,457000,59224000,59224000,0,-0.049,-0.062,-0.155,-0.054,489000,13350000,1.0,27363003,27653000,27653000,2.142,41630000,10208000,-1027000,0,1.534,22200000
ENG,MRY,2017-12-31,2017-12-30,2017-12-30,2018-05-10,0,29252000,36133500,25029000,4223000,1.543,0.762,-713000,9648000,9648000,49327000,-16258000,3.059,0.388,0,0,0,0,0,970000,0,0.0,0.0,-6067000,-5097000,-0.091,-5097000,-6067000,-6171000,-0.59,-0.59,-0.59,21069000,28873750,21069000,13040809,-2,-2.559,-5817000,-0.213,1.0,6438000,0.115,2806000,104000,8615000,14592000,0,0,0,0,8183000,8183000,0,23936809,-6039000,0,-91000,-180000,0,-271000,-664000,49000,-5104000,0,-16258000,-16258000,-16258000,0,0,-0.292,12581000,-6143000,3742000,0.0,1.136,-1.472,-1.475,1027000,0,0.87,0.429,0.427,9114000,-15801000,55765000,55765000,0,-0.45,-0.563,-0.416,-0.109,387000,12581000,1.0,27513574,27352000,27352000,2.039,26446000,0,10087000,0,0.957,16846000
