ticker,dimension,calendardate,datekey,reportperiod,lastupdated,accoci,assets,assetsavg,assetsc,assetsnc,assetturnover,bvps,capex,cashneq,cashnequsd,cor,consolinc,currentratio,de,debt,debtc,debtnc,debtusd,deferredrev,depamor,deposits,divyield,dps,ebit,ebitda,ebitdamargin,ebitdausd,ebitusd,ebt,eps,epsdil,epsusd,equity,equityavg,equityusd,ev,evebit,evebitda,fcf,fcfps,fxusd,gp,grossmargin,intangibles,intexp,invcap,invcapavg,inventory,investments,investmentsc,investmentsnc,liabilities,liabilitiesc,liabilitiesnc,marketcap,ncf,ncfbus,ncfcommon,ncfdebt,ncfdiv,ncff,ncfi,ncfinv,ncfo,ncfx,netinc,netinccmn,netinccmnusd,netincdis,netincnci,netmargin,opex,opinc,payables,payoutratio,pb,pe,pe1,ppnenet,prefdivis,price,ps,ps1,receivables,retearn,revenue,revenueusd,rnd,roa,roe,roic,ros,sbcomp,sgna,sharefactor,sharesbas,shareswa,shareswadil,sps,tangibles,taxassets,taxexp,taxliabilities,tbvps,workingcapital
ESMC,MRY,2011-12-31,2011-06-30,2011-06-30,2018-05-14,-841799,17276344,19758949,13262113,4014231,1.294,0.822,-252340,1514514,1514514,17250273,-5757648,2.371,1.791,4784296,278278,4506018,4784296,0,570650,0,0.0,0.0,-5673916,-5103266,-0.2,-5103266,-5673916,-5997527,-0.77,-0.77,-0.77,6190132,9100124,6190132,11200466,-1,-2.195,-767276,-0.102,1.0,8325003,0.326,1773785,323611,13178249,12560223,5022499,0,0,0,11086212,5594092,5492120,8805923,-1309689,-45000,0,-122732,0,-122732,-402289,0,-514936,-269732,-5757648,-5757648,-5757648,741685,0,-0.225,13187081,-4862078,1746951,0.0,1.423,-1.529,-1.519,518880,0,1.17,0.344,0.344,3802316,-62404014,25575276,25575276,1602616,-0.291,-0.633,-0.452,-0.222,111054,10678655,1.0,7526430,7526430,7526430,3.398,15502559,0,-239879,0,2.06,7668021
ESMC,MRY,2012-12-31,2012-06-30,2012-06-30,2018-05-14,-515622,9750465,11903375,7880743,1869722,0.963,0.086,-79155,890623,890623,5759621,-5944797,0.977,14.12,4449516,4449516,0,4449516,0,23485,0,0.0,0.0,-5605404,-5581919,-0.487,-5581919,-5605404,-5944797,-0.79,-0.79,-0.79,644865,2518982,644865,9155137,-1,-1.64,-779725,-0.104,1.0,5701910,0.497,744885,339393,4501125,7175954,1434260,0,0,0,9105600,8063348,1042252,5268501,-623891,0,0,144205,0,144205,-79155,0,-700570,11629,-5944797,-5944797,-5944797,4294427,0,-0.519,7020491,-1318581,660274,0.0,8.17,-0.886,-0.886,12954,0,0.7,0.46,0.46,1343823,-68348811,11461531,11461531,1004559,-0.499,-2.36,-0.781,-0.489,73353,6015932,1.0,7526430,7526430,7526430,1.523,9005580,0,0,0,1.197,-182605
ESMC,MRY,2013-12-31,2013-06-30,2013-06-30,2018-05-14,0,7272165,7961611,6522826,749339,1.444,0.509,-14398,2654701,2654701,5905112,2624469,2.589,0.899,0,0,0,0,0,14281,0,0.0,0.0,2783948,2798229,0.243,2798229,2783948,2704469,0.35,0.35,0.35,3828926,3302620,3828926,6801922,2,2.431,-1948442,-0.259,1.0,5591722,0.486,736745,79479,1361186,2165692,1853686,0,0,0,3443239,2519533,923706,10085416,1764078,6500000,0,-2787480,0,-2787480,6485602,0,-1934044,0,2624469,2624469,2624469,-3857498,0,0.228,6823522,-1231800,672926,0.0,2.634,3.843,3.829,12594,0,1.34,0.877,0.877,1725841,-65724342,11496834,11496834,1105255,0.33,0.795,1.285,0.242,43970,5718267,1.0,7526430,7526430,7526430,1.528,6535420,0,80000,0,0.868,4003293
ESMC,MRY,2014-12-31,2014-06-30,2014-06-30,2018-05-14,0,7656274,7540843,6896985,759289,1.638,0.46,-22541,2009554,2009554,6291611,-381883,2.058,1.21,0,0,0,0,0,12591,0,0.0,0.0,-455883,-443292,-0.036,-443292,-455883,-455883,-0.05,-0.05,-0.05,3463823,3718063,3463823,10460799,-22,-23.598,-645147,-0.086,1.0,6062185,0.491,734833,0,1561135,1410827,2910727,0,0,0,4192451,3350752,841699,12870195,-645147,0,0,0,0,0,-22541,0,-622606,0,-381883,-381883,-381883,32351,0,-0.031,6419699,-357514,1486081,0.0,3.716,-33.702,-34.2,24456,0,1.71,1.042,1.042,1690156,-66106225,12353796,12353796,1306387,-0.051,-0.103,-0.323,-0.037,16780,5113312,1.0,7526430,7526430,7526430,1.641,6921441,0,-74000,0,0.92,3546233
ESMC,MRY,2015-12-31,2015-06-30,2015-06-30,2018-05-14,0,6549070,6765076,5767824,781246,1.942,0.397,-36259,1516761,1516761,7006770,-541245,2.089,1.19,0,0,0,0,0,14302,0,0.0,0.0,-541245,-526943,-0.04,-526943,-541245,-541245,-0.07,-0.07,-0.07,2989945,3004296,2989945,9472713,-17,-17.977,-492793,-0.065,1.0,6129433,0.467,733233,0,1537382,1702184,2219615,0,0,0,3559125,2761694,797431,10687530,-492793,0,0,0,0,0,-36259,0,-456534,0,-541245,-541245,-541245,-510851,0,-0.041,7181634,-1052201,1044199,0.0,3.574,-19.746,-20.286,48013,0,1.42,0.814,0.814,1785928,-66647470,13136203,13136203,1301782,-0.08,-0.18,-0.318,-0.041,67367,5879852,1.0,7526430,7526430,7526430,1.745,5815837,0,0,0,0.773,3006130
ESMC,MRY,2016-12-31,2016-06-30,2016-06-30,2018-05-14,0,5530380,5735378,4541141,989239,2.018,0.253,-232644,538114,538114,6197739,-1151513,1.631,1.895,275000,275000,0,275000,0,24651,0,0.0,0.0,-1140113,-1115462,-0.096,-1115462,-1140113,-1151513,-0.15,-0.15,-0.15,1910475,2363594,1910475,5402027,-4,-4.843,-1253647,-0.166,1.0,5378727,0.465,908033,11400,1574917,1689431,2107148,0,0,0,3619905,2784316,835589,5870615,-978647,0,0,275000,0,275000,-232644,0,-1021003,0,-1151513,-1151513,-1151513,0,0,-0.099,6519019,-1140292,1091923,0.0,3.073,-5.098,-5.2,81206,0,0.78,0.507,0.508,1614549,-67798983,11576466,11576466,1450069,-0.201,-0.487,-0.675,-0.098,72043,5068950,1.0,7526430,7541013,7541013,1.535,4622347,0,0,0,0.613,1756825
ESMC,MRY,2017-12-31,2017-06-30,2017-06-30,2018-05-14,0,4984170,5155281,4155372,828798,2.179,0.157,-8000,544118,544118,6080017,-726895,1.385,3.211,795000,795000,0,795000,0,45914,0,0.0,0.0,-626566,-580652,-0.052,-580652,-626566,-726895,-0.1,-0.1,-0.1,1183580,1372909,1183580,1954859,-3,-3.367,-513996,-0.068,1.0,5154851,0.459,773906,100329,1459903,1509903,1917938,0,0,0,3800590,3001243,799347,1585800,6004,0,0,520000,0,520000,-8000,0,-505996,0,-726895,-726895,-726895,0,0,-0.065,5781744,-626893,1047463,0.0,1.34,-2.182,-2.1,54892,0,0.21,0.141,0.141,1483770,-68525878,11234868,11234868,1053432,-0.141,-0.529,-0.415,-0.056,0,4603285,1.0,7551430,7551430,7551430,1.488,4210264,0,0,0,0.558,1154129
