ticker,dimension,calendardate,datekey,reportperiod,lastupdated,accoci,assets,assetsavg,assetsc,assetsnc,assetturnover,bvps,capex,cashneq,cashnequsd,cor,consolinc,currentratio,de,debt,debtc,debtnc,debtusd,deferredrev,depamor,deposits,divyield,dps,ebit,ebitda,ebitdamargin,ebitdausd,ebitusd,ebt,eps,epsdil,epsusd,equity,equityavg,equityusd,ev,evebit,evebitda,fcf,fcfps,fxusd,gp,grossmargin,intangibles,intexp,invcap,invcapavg,inventory,investments,investmentsc,investmentsnc,liabilities,liabilitiesc,liabilitiesnc,marketcap,ncf,ncfbus,ncfcommon,ncfdebt,ncfdiv,ncff,ncfi,ncfinv,ncfo,ncfx,netinc,netinccmn,netinccmnusd,netincdis,netincnci,netmargin,opex,opinc,payables,payoutratio,pb,pe,pe1,ppnenet,prefdivis,price,ps,ps1,receivables,retearn,revenue,revenueusd,rnd,roa,roe,roic,ros,sbcomp,sgna,sharefactor,sharesbas,shareswa,shareswadil,sps,tangibles,taxassets,taxexp,taxliabilities,tbvps,workingcapital
EV,MRY,2011-12-31,2011-10-31,2011-10-31,2018-03-09,1340000,1831300000,1813316500,,,0.689,4.084,-12289000,527434000,527434000,257181000,227574000,,2.757,977699000,,,977699000,0,60992000,0,0.028,0.73,418973000,479965000,0.384,479965000,418973000,371746000,1.82,1.75,1.82,460415000,472168250,460415000,3534010752,8,7.363,160023000,1.388,1.0,991425000,0.794,209526000,47227000,2072039000,2077760750,0,750321000,,,1269172000,,,3084578752,203027000,-11595000,-137686000,0,-85240000,-103047000,133520000,157404000,172312000,242000,214902000,214902000,214902000,0,12672000,0.172,565193000,426232000,51333000,0.401,6.7,14.353,14.445,67227000,0,26.29,2.47,2.428,130525000,463064000,1248606000,1248606000,0,0.119,0.455,0.202,0.336,52030000,369927000,1.0,117328975,115326000,119975000,10.827,1621774000,41343000,156844000,0,14.386,
EV,MRY,2012-12-31,2012-10-31,2012-10-31,2018-03-09,3923000,1979491000,1913551750,,,0.632,5.447,-4309000,498834000,498834000,244399000,264768000,,2.07,946605000,,,946605000,0,45551000,0,0.02,0.57,398227000,443778000,0.367,443778000,398227000,345850000,1.76,1.72,1.76,612072000,538939500,612072000,3584982851,9,8.078,174469000,1.553,1.0,964637000,0.798,213864000,52377000,2213398000,2130570250,0,917516000,,,1267141000,,,3241448851,-48837000,-12334000,-50703000,-28614000,-87826000,-136748000,-90905000,-74262000,178778000,38000,203465000,203465000,203465000,0,61303000,0.168,571645000,392992000,59397000,0.324,5.296,15.931,15.989,54889000,0,28.14,2.681,2.615,133589000,585119000,1209036000,1209036000,0,0.106,0.378,0.187,0.329,56027000,385395000,1.0,115190080,112359000,115126000,10.76,1765627000,51234000,142385000,0,15.712,
EV,MRY,2013-12-31,2013-10-31,2013-10-31,2018-03-09,-177000,2407249000,2002104500,,,0.678,5.715,-6574000,498547000,498547000,254767000,230426000,,2.48,1100415000,,,1100415000,0,44232000,0,0.044,1.82,390597000,434829000,0.32,434829000,390597000,337737000,1.6,1.53,1.6,669784000,637447750,669784000,5500047602,14,12.649,109793000,0.942,1.0,1102736000,0.812,303410000,52860000,2705707000,2235605250,0,1222004000,,,1660854000,,,5073126602,-170000,-86429000,45236000,-107000000,-215539000,-293018000,177028000,270031000,116367000,-547000,193841000,193841000,193841000,0,36585000,0.143,649729000,453007000,58529000,1.137,7.574,26.172,26.131,48746000,0,41.81,3.737,3.591,170220000,551770000,1357503000,1357503000,0,0.097,0.304,0.175,0.288,59285000,447134000,1.0,121337637,116597000,122444000,11.643,2103839000,61139000,143896000,0,17.952,
EV,MRY,2014-12-31,2014-10-31,2014-10-31,2018-03-09,-17996000,1860086000,2067665000,,,0.701,5.746,-7580000,394178000,394178000,258164000,321164000,,1.672,725637000,,,725637000,0,38308000,0,0.025,0.91,535765000,574073000,0.396,574073000,535765000,491026000,2.55,2.44,2.55,655176000,677447250,655176000,4746288630,8,8.268,91205000,0.783,1.0,1192130000,0.822,294002000,44739000,1897543000,2344966500,0,771721000,,,1095139000,,,4373038630,-76691000,0,-233699000,53431000,-105848000,-359378000,185460000,193040000,98785000,-1558000,304316000,304316000,304316000,0,16848000,0.21,672273000,519857000,64598000,0.357,6.675,14.37,14.443,45651000,0,36.83,3.015,2.957,186344000,681528000,1450294000,1450294000,0,0.147,0.449,0.228,0.369,60281000,461438000,1.0,118735776,116440000,121595000,12.455,1566084000,46099000,186710000,0,13.736,
EV,MRY,2015-12-31,2015-10-31,2015-10-31,2018-03-09,-48586000,2116471000,1801432250,,,0.779,5.558,-11480000,628262000,628262000,304818000,238191000,,2.266,970850000,,,970850000,0,36728000,0,0.028,1.015,409637000,446365000,0.318,446365000,409637000,373513000,2.0,1.92,2.0,620231000,619751500,620231000,4471009973,10,10.016,208387000,1.839,1.0,1098745000,0.783,293394000,36124000,2165665000,1877771000,0,811270000,,,1405602000,,,4212013973,80343000,-9085000,-193673000,103696000,-116016000,-221446000,84266000,104831000,219867000,-2344000,230299000,230299000,230299000,0,7892000,0.164,698298000,400447000,65249000,0.507,6.791,18.289,18.055,44943000,0,36.11,3.001,2.915,187753000,679507000,1403563000,1403563000,0,0.128,0.372,0.218,0.292,69279000,483827000,1.0,116643976,113318000,118155000,12.386,1823077000,42164000,143214000,0,16.336,
EV,MRY,2016-12-31,2016-10-31,2016-10-31,2018-03-09,-57583000,1730382000,1885903250,,,0.712,6.467,-10707000,424174000,424174000,216490000,264757000,,1.303,571773000,,,571773000,0,35632000,0,0.031,1.075,437633000,473265000,0.352,473265000,437633000,394937000,2.2,2.12,2.2,703789000,632550500,703789000,4532405578,10,9.577,329842000,3.001,1.0,1126370000,0.839,294900000,42696000,1583081000,2060264500,0,594773000,,,916779000,,,3967128578,-41384000,-15130000,-142395000,0,-118621000,-270199000,-108278000,-82441000,340549000,-3456000,241307000,241307000,241307000,0,23450000,0.18,712102000,414268000,59927000,0.489,5.637,16.44,15.936,44427000,0,35.06,2.954,2.87,186172000,773000000,1342860000,1342860000,0,0.128,0.381,0.212,0.326,71337000,491115000,1.0,113152555,109914000,113982000,12.217,1435482000,73295000,153630000,0,13.19,
EV,MRY,2017-12-31,2017-10-31,2017-10-31,2018-03-09,-47474000,2330901000,2082653250,,,0.734,9.026,-12698000,610555000,610555000,245392000,306373000,,1.056,631441000,,,631441000,0,35363000,0,0.028,1.43,483293000,518656000,0.339,518656000,483293000,455797000,2.54,2.42,2.54,1011396000,860852250,1011396000,5953518797,12,11.479,52194000,0.471,1.0,1283618000,0.84,349493000,27496000,2002294000,1869185250,0,934540000,,,1067818000,,,5885107797,186381000,-63605000,84735000,58733000,-125785000,210213000,-91425000,-15122000,64892000,2701000,282131000,282131000,282131000,0,24242000,0.185,800860000,482758000,68115000,0.563,5.819,20.859,19.87,48989000,0,50.47,3.849,3.661,200453000,921235000,1529010000,1529010000,0,0.135,0.328,0.259,0.316,79525000,553952000,1.0,116606059,110918000,116418000,13.785,1981408000,67100000,173666000,0,17.683,
