ticker,dimension,calendardate,datekey,reportperiod,lastupdated,accoci,assets,assetsavg,assetsc,assetsnc,assetturnover,bvps,capex,cashneq,cashnequsd,cor,consolinc,currentratio,de,debt,debtc,debtnc,debtusd,deferredrev,depamor,deposits,divyield,dps,ebit,ebitda,ebitdamargin,ebitdausd,ebitusd,ebt,eps,epsdil,epsusd,equity,equityavg,equityusd,ev,evebit,evebitda,fcf,fcfps,fxusd,gp,grossmargin,intangibles,intexp,invcap,invcapavg,inventory,investments,investmentsc,investmentsnc,liabilities,liabilitiesc,liabilitiesnc,marketcap,ncf,ncfbus,ncfcommon,ncfdebt,ncfdiv,ncff,ncfi,ncfinv,ncfo,ncfx,netinc,netinccmn,netinccmnusd,netincdis,netincnci,netmargin,opex,opinc,payables,payoutratio,pb,pe,pe1,ppnenet,prefdivis,price,ps,ps1,receivables,retearn,revenue,revenueusd,rnd,roa,roe,roic,ros,sbcomp,sgna,sharefactor,sharesbas,shareswa,shareswadil,sps,tangibles,taxassets,taxexp,taxliabilities,tbvps,workingcapital
EXFO,MRY,2011-12-31,2011-08-31,2011-08-31,2017-11-24,21049000,322355000,298393500,22920000,299435000,0.904,4.409,-11596000,22771000,22771000,100296000,22120000,0.505,0.219,2397000,1429000,968000,2397000,16294000,15856000,0,0.0,0.0,30934000,46790000,0.173,46790000,30934000,30934000,0.37,0.36,0.37,264511000,241600000,264511000,378461510,12,8.089,11714000,0.195,1.0,169447000,0.628,53843000,0,202768000,177848000,52754000,47091000,0,0,57844000,45370000,12474000,397914510,662000,21014000,0,153000,0,1605000,-25311000,-34729000,23310000,1058000,22120000,22120000,22120000,-12926000,0,0.082,150827000,18620000,30320000,0.0,1.504,17.989,18.081,32076000,0,6.69,1.475,1.488,182747000,115104000,269743000,269743000,47927000,0.074,0.092,0.174,0.115,2256000,87062000,1.0,59479000,60000000,61488000,4.496,268512000,58954000,8814000,5955000,4.475,-22450000
EXFO,MRY,2012-12-31,2012-08-31,2012-08-31,2017-11-24,13507000,306683000,314519000,58868000,247815000,0.795,4.19,-23849000,58868000,58868000,91792000,-3593000,1.296,0.211,847000,565000,282000,847000,15580000,13988000,0,0.0,0.0,-22000,13966000,0.056,13966000,-22000,-22000,-0.06,-0.06,-0.06,253281000,258896000,253281000,268826000,-12219,19.249,1408000,0.023,1.0,158174000,0.633,43292000,0,159961000,181364500,41212000,8236000,0,0,53402000,45409000,7993000,289200000,36097000,0,-2236000,-1359000,0,-3285000,13062000,36911000,25257000,1063000,-3593000,-3593000,-3593000,0,0,-0.014,157981000,193000,32392000,0.0,1.142,-80.49,-80.333,49848000,0,4.82,1.157,1.166,163066000,111511000,249966000,249966000,49854000,-0.011,-0.014,0.0,0.0,1862000,94139000,1.0,60000000,60453000,60453000,4.135,263391000,59501000,3571000,3022000,4.357,13459000
EXFO,MRY,2013-12-31,2013-08-31,2013-08-31,2017-11-24,-3423000,281538000,294110500,46079000,235459000,0.823,3.92,-8026000,45386000,45386000,92469000,1341000,1.23,0.191,296000,296000,0,296000,13399000,12671000,0,0.0,0.0,7005000,19676000,0.081,19676000,7005000,7005000,0.02,0.02,0.02,236452000,244866500,236452000,217796281,31,11.069,-10047000,-0.167,1.0,149681000,0.618,34856000,0,164141000,162051000,35705000,4868000,0,0,45086000,37451000,7635000,275817281,-13482000,0,-3096000,-589000,0,-3598000,-5001000,3025000,-2021000,-2862000,1341000,1341000,1341000,0,0,0.006,146871000,2810000,26253000,0.0,1.166,205.68,228.5,45523000,0,4.57,1.139,1.138,147940000,112852000,242150000,242150000,45444000,0.005,0.005,0.043,0.029,1768000,88756000,1.0,60353891,60323000,61110000,4.014,246682000,59051000,5664000,3905000,4.089,8628000
EXFO,MRY,2014-12-31,2014-08-31,2014-08-31,2017-11-24,-10259000,278031000,279784500,54842000,223189000,0.825,3.835,-7931000,54121000,54121000,86836000,256000,1.374,0.202,0,0,0,0,12309000,9393000,0,0.0,0.0,4542000,13935000,0.06,13935000,4542000,4542000,0.0,0.0,0.0,231370000,233911000,231370000,219107076,48,15.724,11855000,0.197,1.0,143970000,0.624,33781000,0,150214000,157177500,35232000,5726000,0,0,46661000,39915000,6746000,264197076,8735000,0,-937000,-307000,0,-1019000,-8945000,-1014000,19786000,-1087000,256000,256000,256000,0,0,0.001,141388000,2582000,29553000,,1.142,1032.02,,42780000,0,4.4,1.145,1.15,149188000,113635000,230806000,230806000,44846000,0.001,0.001,0.029,0.02,1696000,86429000,1.0,60044790,60329000,61015000,3.826,244250000,55357000,4286000,3927000,4.049,14927000
EXFO,MRY,2015-12-31,2015-08-31,2015-08-31,2017-11-24,-52005000,217478000,247754500,26280000,191198000,0.896,2.979,-5933000,25864000,25864000,85039000,4857000,0.611,0.285,0,0,0,0,10604000,7718000,0,0.0,0.0,9893000,17611000,0.079,17611000,9893000,9893000,0.09,0.08,0.09,169227000,200298500,169227000,129333120,13,7.344,551000,0.01,1.0,137050000,0.617,25956000,0,122679000,136446500,27951000,1487000,0,0,48251000,42979000,5272000,183454120,-28257000,0,-25494000,0,0,-25494000,-2315000,3618000,6484000,-6932000,4857000,4857000,4857000,0,0,0.022,134524000,2526000,34126000,0.0,1.084,37.771,33.778,35695000,0,3.04,0.826,0.778,110327000,117409000,222089000,222089000,44003000,0.02,0.024,0.073,0.045,1295000,82200000,1.0,60346750,56804000,57457000,3.91,191522000,48939000,5036000,2303000,3.372,-16699000
EXFO,MRY,2016-12-31,2016-08-31,2016-08-31,2017-11-24,-48574000,237793000,227635500,43797000,193996000,1.022,3.368,-4356000,43208000,43208000,87066000,8900000,0.914,0.311,0,0,0,0,15016000,4986000,0,0.0,0.0,16664000,21650000,0.093,21650000,16664000,16664000,0.17,0.16,0.17,181401000,175314000,181401000,151461612,9,6.996,20007000,0.371,1.0,145517000,0.626,25319000,0,121336000,122007500,33004000,4087000,0,0,56392000,47930000,8462000,177325612,17344000,0,-1551000,0,0,-1551000,-7029000,-2673000,24363000,1561000,8900000,8900000,8900000,0,0,0.038,129842000,15675000,37174000,0.0,0.978,19.924,19.412,35978000,0,3.3,0.762,0.764,133073000,126309000,232583000,232583000,42687000,0.039,0.051,0.137,0.072,1378000,82169000,1.0,53735034,53863000,54669000,4.318,212474000,47042000,7764000,3828000,3.945,-4133000
EXFO,MRY,2017-12-31,2017-08-31,2017-08-31,2017-11-24,-38965000,259241000,248517000,39382000,219859000,0.979,3.616,-7175000,38435000,38435000,94329000,851000,0.745,0.317,0,0,0,0,17811000,7191000,0,0.0,0.0,7459000,14650000,0.06,14650000,7459000,7459000,0.02,0.02,0.02,196790000,189095500,196790000,208528427,27,14.234,5695000,0.105,1.0,148972000,0.612,46260000,0,121664000,121500000,33832000,775000,0,0,62451000,52882000,9569000,251736427,-4773000,-12792000,0,-1480000,0,-1480000,-16503000,3464000,12870000,340000,851000,851000,851000,0,0,0.003,140615000,8357000,36776000,0.0,1.279,295.812,235.0,40132000,0,4.7,1.035,1.051,127236000,127160000,243301000,243301000,47168000,0.003,0.005,0.061,0.031,1477000,86256000,1.0,53560942,54423000,55555000,4.471,212981000,49621000,6608000,3779000,3.913,-13500000
