ticker,dimension,calendardate,datekey,reportperiod,lastupdated,accoci,assets,assetsavg,assetsc,assetsnc,assetturnover,bvps,capex,cashneq,cashnequsd,cor,consolinc,currentratio,de,debt,debtc,debtnc,debtusd,deferredrev,depamor,deposits,divyield,dps,ebit,ebitda,ebitdamargin,ebitdausd,ebitusd,ebt,eps,epsdil,epsusd,equity,equityavg,equityusd,ev,evebit,evebitda,fcf,fcfps,fxusd,gp,grossmargin,intangibles,intexp,invcap,invcapavg,inventory,investments,investmentsc,investmentsnc,liabilities,liabilitiesc,liabilitiesnc,marketcap,ncf,ncfbus,ncfcommon,ncfdebt,ncfdiv,ncff,ncfi,ncfinv,ncfo,ncfx,netinc,netinccmn,netinccmnusd,netincdis,netincnci,netmargin,opex,opinc,payables,payoutratio,pb,pe,pe1,ppnenet,prefdivis,price,ps,ps1,receivables,retearn,revenue,revenueusd,rnd,roa,roe,roic,ros,sbcomp,sgna,sharefactor,sharesbas,shareswa,shareswadil,sps,tangibles,taxassets,taxexp,taxliabilities,tbvps,workingcapital
EZPW,MRY,2011-12-31,2011-09-30,2011-09-30,2018-05-02,-746000,756450000,696002750,356237000,400213000,1.225,13.253,-34122000,23969000,23969000,326495000,122159000,5.543,0.139,17500000,0,17500000,17500000,0,18344000,6176000,0.0,0.0,190284000,208628000,0.245,208628000,190284000,188631000,2.45,2.43,2.45,664248000,610161250,664248000,1424344289,7,6.827,119145000,2.387,1.0,526303000,0.617,192996000,1653000,492716000,448920500,90373000,280248000,159929000,120319000,92202000,64269000,27933000,1425336289,-1885000,-67920000,397000,-9901000,0,-13758000,-141237000,-244857000,153267000,-157000,122159000,122159000,122159000,1558000,0,0.143,350862000,175441000,57400000,0.0,2.146,11.668,11.649,78498000,0,28.54,1.671,1.671,33230000,422095000,852798000,852798000,0,0.176,0.2,0.424,0.223,9978000,332979000,1.0,49941706,49917000,50369000,17.084,563454000,18125000,66472000,693000,11.242,291968000
EZPW,MRY,2012-12-31,2012-09-30,2012-09-30,2018-05-02,-113000,1218007000,1051787250,481399000,736608000,0.913,16.305,-45796000,49622000,49622000,364793000,141111000,4.464,0.395,221510000,21679000,199831000,221510000,0,25268000,7238000,0.0,0.0,202961000,228229000,0.238,228229000,202961000,204510000,2.69,2.67,2.69,834828000,768675500,834828000,1330075416,6,5.828,93319000,1.834,1.0,595924000,0.62,419848000,-1549000,862205000,705078250,109214000,384200000,191800000,192400000,329498000,107842000,221656000,1173875416,15855000,-128647000,649000,103681000,0,90613000,-214763000,-280701000,139115000,890000,136845000,136845000,136845000,5343000,4266000,0.142,400529000,195395000,64104000,0.0,1.406,8.578,8.524,108131000,0,22.93,1.222,1.214,59817000,565803000,960717000,960717000,0,0.13,0.178,0.288,0.211,5058000,376722000,1.0,51193869,50877000,51133000,18.883,798159000,25495000,67665000,0,15.589,373557000
EZPW,MRY,2013-12-31,2013-09-30,2013-09-30,2018-05-02,-6445000,1332968000,1338893500,520033000,812935000,0.605,16.519,-46698000,38276000,38276000,329092000,21010000,3.62,0.435,247299000,30969000,216330000,247299000,0,34918000,8628000,0.0,0.0,47594000,82512000,0.102,82512000,47594000,31405000,0.41,0.41,0.41,895883000,925684250,895883000,1098237106,23,13.31,73769000,1.375,1.0,480433000,0.593,498691000,16189000,899627000,883717000,145200000,379599000,213517000,166082000,389788000,143673000,246115000,914371106,-10724000,-25828000,45000,33690000,0,23649000,-155200000,-320391000,120467000,360000,22308000,22308000,22308000,1517000,-1298000,0.028,446852000,33581000,80857000,0.0,1.021,40.988,41.146,116281000,0,16.87,1.13,1.118,49411000,581248000,809525000,809525000,0,0.017,0.024,0.054,0.059,6835000,372181000,1.0,54201014,53657000,53737000,15.087,834277000,47652000,9097000,0,15.383,376360000
EZPW,MRY,2014-12-31,2014-09-30,2014-09-30,2018-05-02,-10082000,1410544000,1406018000,634863000,775681000,0.53,15.534,-22964000,118820000,118820000,323913000,-74036000,4.283,0.667,428583000,36529000,392054000,428583000,0,38627000,8097000,0.0,0.0,-55355000,-16728000,-0.022,-16728000,-55355000,-63266000,0.08,0.08,0.08,832304000,904899250,832304000,849931752,-15,-50.809,51737000,0.955,1.0,421857000,0.566,412663000,7911000,1159430000,1054504000,138175000,408294000,226439000,181855000,555440000,148214000,407226000,531001752,26225000,-13226000,13203000,132569000,0,32515000,-80060000,-300554000,74701000,-931000,-67717000,-67717000,-67717000,77474000,-6319000,-0.091,412304000,9553000,94993000,0.0,0.638,-7.841,123.875,105900000,0,9.91,0.712,0.72,43691000,509586000,745770000,745770000,0,-0.048,-0.075,-0.052,-0.074,7454000,373681000,1.0,53582417,54148000,54148000,13.773,997881000,86783000,4451000,0,18.625,486649000
EZPW,MRY,2015-12-31,2015-09-30,2015-09-30,2018-05-02,-55096000,1188990000,1319241750,511301000,677689000,0.546,11.965,-23722000,56244000,56244000,316980000,-94227000,2.462,0.788,197976000,0,197976000,197976000,0,37034000,10470000,0.0,0.0,-86832000,-49798000,-0.069,-49798000,-86832000,-103217000,-0.94,-0.94,-0.94,656031000,770177250,656031000,542282763,-6,-10.89,55676000,1.024,1.0,403020000,0.56,282424000,16385000,840624000,995497250,124084000,216146000,159964000,56182000,517223000,207674000,309549000,331023763,3799000,-19942000,0,-2239000,0,2402000,-67693000,-267721000,79398000,-10308000,-89192000,-89192000,-89192000,42045000,-5035000,-0.124,445460000,-42440000,109875000,0.0,0.505,-3.711,-6.564,73938000,0,6.17,0.46,0.466,30852000,400552000,720000000,720000000,0,-0.068,-0.116,-0.087,-0.121,-20770000,367925000,1.0,53650529,54369000,54369000,13.243,906566000,76407000,-14025000,0,16.535,303627000
EZPW,MRY,2016-12-31,2016-09-30,2016-09-30,2018-05-02,-44089000,983244000,1038332500,482143000,501101000,0.704,11.021,-9550000,65737000,65737000,302275000,-88430000,5.076,0.654,283611000,0,283611000,283611000,0,28651000,10693000,0.0,0.0,-54906000,-26255000,-0.036,-26255000,-54906000,-71383000,-0.15,-0.15,-0.15,594983000,604605750,594983000,774071866,-14,-29.483,54853000,1.008,1.0,428230000,0.586,284657000,16477000,821483000,804610750,140224000,287522000,209275000,78247000,389039000,94978000,294061000,597030866,6613000,29277000,-11750000,-47990000,0,-63156000,6716000,-248179000,64403000,-1350000,-80744000,-80744000,-80744000,79432000,-7686000,-0.111,410014000,18216000,84285000,0.0,1.003,-7.394,-73.733,58455000,0,11.06,0.817,0.824,31062000,319808000,730505000,730505000,0,-0.078,-0.134,-0.068,-0.075,42680000,369488000,1.0,53981091,54427000,54427000,13.422,698587000,35303000,9361000,0,12.94,387165000
EZPW,MRY,2017-12-31,2017-09-30,2017-09-30,2018-05-02,-38367000,1024363000,980286750,580957000,443406000,0.763,12.199,-18853000,164393000,164393000,312444000,30208000,8.005,0.55,284807000,0,284807000,284807000,0,23661000,11032000,0.0,0.0,70867000,94528000,0.126,94528000,70867000,43064000,0.62,0.62,0.62,662375000,625525500,662375000,662504153,9,7.009,32983000,0.608,1.0,435510000,0.582,287180000,27803000,785022000,776093000,154411000,273536000,201840000,71696000,364437000,72575000,291862000,515819153,98656000,-2250000,0,54118000,0,53351000,-7255000,-230784000,51836000,724000,31858000,31858000,31858000,1825000,-1650000,0.043,381910000,53600000,61543000,0.0,0.779,16.191,15.323,57959000,0,9.5,0.69,0.689,31548000,351666000,747954000,747954000,0,0.032,0.051,0.091,0.095,8893000,357890000,1.0,54296753,54260000,54368000,13.785,737183000,16856000,11206000,0,13.576,508382000
