ticker,dimension,calendardate,datekey,reportperiod,lastupdated,accoci,assets,assetsavg,assetsc,assetsnc,assetturnover,bvps,capex,cashneq,cashnequsd,cor,consolinc,currentratio,de,debt,debtc,debtnc,debtusd,deferredrev,depamor,deposits,divyield,dps,ebit,ebitda,ebitdamargin,ebitdausd,ebitusd,ebt,eps,epsdil,epsusd,equity,equityavg,equityusd,ev,evebit,evebitda,fcf,fcfps,fxusd,gp,grossmargin,intangibles,intexp,invcap,invcapavg,inventory,investments,investmentsc,investmentsnc,liabilities,liabilitiesc,liabilitiesnc,marketcap,ncf,ncfbus,ncfcommon,ncfdebt,ncfdiv,ncff,ncfi,ncfinv,ncfo,ncfx,netinc,netinccmn,netinccmnusd,netincdis,netincnci,netmargin,opex,opinc,payables,payoutratio,pb,pe,pe1,ppnenet,prefdivis,price,ps,ps1,receivables,retearn,revenue,revenueusd,rnd,roa,roe,roic,ros,sbcomp,sgna,sharefactor,sharesbas,shareswa,shareswadil,sps,tangibles,taxassets,taxexp,taxliabilities,tbvps,workingcapital
FAC,MRY,2011-12-31,2011-06-30,2011-06-30,2018-03-06,9515000,296294000,342518000,,,0.615,2.53,-620000,29305000,29305000,129167000,-56780000,,1.424,41240000,,,41240000,50772000,1605000,0,0.0,0.0,-52652000,-51047000,-0.242,-51047000,-52652000,-56582000,-1.18,-1.18,-1.18,122228000,163655750,122228000,96843378,-1,-1.897,-6789000,-0.141,1.0,81567000,0.387,25890000,3930000,282339000,289614750,0,186815000,,,174066000,,,89676378,3121000,0,56000,0,0,-24000,9314000,9936000,-6169000,0,-56780000,-56780000,-56780000,0,0,-0.269,134219000,-52652000,0,0.0,0.734,-1.579,-1.568,2533000,0,1.85,0.426,0.423,40447000,-354549000,210734000,210734000,0,-0.166,-0.347,-0.182,-0.25,998000,77822000,1.0,48473718,48171000,48171000,4.375,270404000,0,198000,0,5.597,
FAC,MRY,2012-12-31,2012-12-31,2012-12-31,2018-03-06,8704000,262303000,263240500,,,0.866,1.781,-3603000,59104000,59104000,148223000,-9040000,,2.603,40261000,,,40261000,55092000,2203000,0,0.0,0.0,-6020000,-3817000,-0.017,-3817000,-6020000,-9045000,-0.22,-0.22,-0.22,72793000,73358500,72793000,55405696,-9,-14.516,201000,0.005,1.0,79836000,0.35,4800000,3025000,238660000,260936250,0,139046000,,,189510000,,,51178696,35353000,0,52000,0,0,15000,31534000,35138000,3804000,0,-9040000,-9040000,-9040000,0,0,-0.04,85856000,-6020000,0,0.0,0.703,-5.661,-5.682,4656000,0,1.25,0.224,0.224,45286000,-393026000,228059000,228059000,0,-0.034,-0.123,-0.023,-0.026,604000,82127000,1.0,40942957,40861000,40861000,5.581,257503000,0,-5000,0,6.3,
FAC,MRY,2013-12-31,2013-12-31,2013-12-31,2018-03-06,3375000,273707000,276289250,,,0.871,1.879,-914000,72033000,72033000,142839000,9180000,,2.558,40301000,,,40301000,55983000,2053000,0,0.0,0.0,11568000,13621000,0.057,13621000,11568000,9830000,0.22,0.22,0.22,76932000,74756750,76932000,67779545,5,4.976,16841000,0.411,1.0,97673000,0.406,4800000,1738000,237175000,240991250,0,137761000,,,196775000,,,92994545,12929000,0,51000,0,0,51000,-4877000,-3961000,17755000,0,9180000,9180000,9180000,0,0,0.038,86105000,11568000,0,0.0,1.209,10.13,10.318,3512000,0,2.27,0.387,0.386,46228000,-383846000,240512000,240512000,0,0.033,0.123,0.048,0.048,243000,82822000,1.0,40966760,40930000,41092000,5.876,268907000,0,650000,0,6.568,
FAC,MRY,2014-12-31,2014-12-31,2014-12-31,2018-03-06,5090000,328445000,307022750,,,0.857,2.609,-1427000,102429000,102429000,161302000,28068000,,2.071,40211000,,,40211000,67942000,1767000,0,0.0,0.0,11429000,13196000,0.05,13196000,11429000,9723000,0.68,0.68,0.68,106964000,88897250,106964000,48383767,4,3.667,25582000,0.624,1.0,101892000,0.387,4800000,1706000,261427000,252149750,0,135615000,,,221481000,,,104549767,30396000,0,74000,0,0,74000,3313000,4742000,27009000,0,28068000,28068000,28068000,0,0,0.107,90463000,11429000,0,0.0,0.977,3.725,3.75,3173000,0,2.55,0.397,0.397,56486000,-355778000,263194000,263194000,0,0.091,0.316,0.045,0.043,185000,87328000,1.0,40999909,40985000,41283000,6.422,323645000,16521000,-18345000,0,7.894,
FAC,MRY,2015-12-31,2015-12-31,2015-12-31,2018-03-06,3491000,402127000,388128500,,,0.855,2.526,-2768000,115587000,115587000,219031000,-1930000,,2.879,70009000,,,70009000,83426000,2265000,0,0.0,0.0,395000,2660000,0.008,2660000,395000,-2572000,-0.05,-0.05,-0.05,103670000,105583250,103670000,60462037,153,22.73,26539000,0.647,1.0,112861000,0.34,37920000,2967000,318629000,319760250,0,142838000,,,298457000,,,97677037,13158000,-33770000,91000,30000000,0,30091000,-46240000,-9497000,29307000,0,-1930000,-1930000,-1930000,0,0,-0.006,112466000,395000,0,0.0,0.942,-50.61,-47.6,5141000,0,2.38,0.294,0.294,69881000,-357708000,331892000,331892000,0,-0.005,-0.018,0.001,0.001,144000,105254000,1.0,41040772,41030000,41030000,8.089,364207000,18301000,-642000,0,8.874,
FAC,MRY,2016-12-31,2016-12-31,2016-12-31,2018-03-06,1316000,400074000,433920250,,,0.898,1.763,-2263000,118681000,118681000,309002000,-29282000,,4.519,70081000,,,70081000,78861000,3496000,0,0.0,0.0,-40811000,-37315000,-0.096,-37315000,-40811000,-45130000,-0.71,-0.71,-0.71,72488000,82988750,72488000,-30568121,0,0.819,-15891000,-0.387,1.0,80621000,0.207,37010000,4319000,314464000,335293250,0,127206000,,,327586000,,,42739878,3094000,0,68000,0,0,68000,16654000,17239000,-13628000,0,-29282000,-29282000,-29282000,0,0,-0.075,121432000,-40811000,0,0.0,0.59,-1.46,-1.465,4213000,0,1.04,0.11,0.11,66393000,-386990000,389623000,389623000,0,-0.067,-0.353,-0.122,-0.105,207000,116510000,1.0,41096037,41085000,41085000,9.483,363064000,35641000,-15848000,0,8.83,
FAC,MRY,2017-12-31,2017-12-31,2017-12-31,2018-03-06,1900000,395859000,413808000,,,0.84,1.556,-763000,115477000,115477000,220785000,-8604000,,5.113,70153000,,,70153000,82620000,2857000,0,0.0,0.0,11121000,13978000,0.04,13978000,11121000,6586000,-0.21,-0.21,-0.21,64757000,72021250,64757000,7911826,0,0.566,8238000,0.2,1.0,126733000,0.365,36241000,4535000,314294000,329215000,0,139695000,,,331102000,,,49027826,-3204000,0,76000,0,0,76000,-12281000,-11498000,9001000,0,-8604000,-8604000,-8604000,0,0,-0.025,115612000,11121000,0,0.0,0.757,-5.698,-5.667,2888000,0,1.19,0.141,0.141,69624000,-395680000,347518000,347518000,0,-0.021,-0.119,0.034,0.032,299000,111323000,1.0,41199854,41286000,41286000,8.417,359618000,20549000,15190000,0,8.64,
