ticker,dimension,calendardate,datekey,reportperiod,lastupdated,accoci,assets,assetsavg,assetsc,assetsnc,assetturnover,bvps,capex,cashneq,cashnequsd,cor,consolinc,currentratio,de,debt,debtc,debtnc,debtusd,deferredrev,depamor,deposits,divyield,dps,ebit,ebitda,ebitdamargin,ebitdausd,ebitusd,ebt,eps,epsdil,epsusd,equity,equityavg,equityusd,ev,evebit,evebitda,fcf,fcfps,fxusd,gp,grossmargin,intangibles,intexp,invcap,invcapavg,inventory,investments,investmentsc,investmentsnc,liabilities,liabilitiesc,liabilitiesnc,marketcap,ncf,ncfbus,ncfcommon,ncfdebt,ncfdiv,ncff,ncfi,ncfinv,ncfo,ncfx,netinc,netinccmn,netinccmnusd,netincdis,netincnci,netmargin,opex,opinc,payables,payoutratio,pb,pe,pe1,ppnenet,prefdivis,price,ps,ps1,receivables,retearn,revenue,revenueusd,rnd,roa,roe,roic,ros,sbcomp,sgna,sharefactor,sharesbas,shareswa,shareswadil,sps,tangibles,taxassets,taxexp,taxliabilities,tbvps,workingcapital
FCS,MRY,2011-12-31,2011-12-25,2011-12-25,2017-05-30,-12400000,1936900000,1943250000,853000000,1083900000,0.818,10.51,-189900000,423300000,423300000,1029600000,145500000,3.304,0.463,300100000,0,300100000,300100000,0,150500000,0,0.0,0.0,157700000,308200000,0.194,308200000,157700000,157700000,1.15,1.12,1.15,1322200000,1289700000,1322200000,1409067456,8,4.572,78600000,0.62,1.0,559200000,0.352,234700000,0,1320800000,1300850000,234200000,32500000,200000,32300000,612400000,258200000,354200000,1542367456,18700000,-16500000,-6800000,-20600000,0,-43400000,-206400000,0,268500000,0,145500000,145500000,145500000,0,0,0.092,401500000,157700000,132500000,0.0,1.167,10.6,10.609,765400000,0,12.2,0.971,0.973,142900000,-42000000,1588800000,1588800000,153400000,0.075,0.113,0.121,0.099,24800000,218400000,1.0,126423562,126700000,130300000,12.54,1702200000,33600000,12200000,27800000,13.531,594800000
FCS,MRY,2012-12-31,2012-12-30,2012-12-30,2017-05-30,5100000,1883900000,1904800000,832000000,1051900000,0.738,10.79,-154300000,405900000,405900000,963900000,24600000,4.061,0.376,250100000,0,250100000,250100000,0,135300000,0,0.0,0.0,23700000,159000000,0.113,159000000,23700000,23700000,0.19,0.19,0.19,1367100000,1345375000,1367100000,1700773241,71,10.697,28900000,0.228,1.0,442000000,0.314,216600000,0,1306600000,1362850000,236700000,2700000,100000,2600000,513900000,204900000,309000000,1786273241,-17400000,0,-13900000,-50000000,0,-69600000,-131000000,23300000,183200000,0,24600000,24600000,24600000,0,0,0.017,405400000,36600000,115700000,0.0,1.307,72.613,74.053,764900000,0,14.07,1.271,1.268,136700000,-17400000,1405900000,1405900000,156900000,0.013,0.018,0.017,0.017,22600000,206800000,1.0,126956165,126700000,129000000,11.096,1667300000,44600000,-900000,27600000,13.159,627100000
FCS,MRY,2013-12-31,2013-12-29,2013-12-29,2017-05-30,3100000,1796000000,1821600000,824600000,971400000,0.772,10.746,-77300000,417800000,417800000,988900000,5000000,4.486,0.317,200100000,0,200100000,200100000,0,145200000,0,0.0,0.0,11200000,156400000,0.111,156400000,11200000,11200000,0.04,0.04,0.04,1360500000,1357625000,1360500000,1525857729,136,9.756,98800000,0.777,1.0,416500000,0.296,201000000,0,1193500000,1268200000,228100000,2300000,100000,2200000,431900000,183800000,248100000,1673957729,11900000,0,-29000000,-50000000,0,-87200000,-77000000,300000,176100000,0,5000000,5000000,5000000,0,0,0.004,405300000,11200000,95800000,0.0,1.23,334.792,329.5,707900000,0,13.18,1.191,1.193,127400000,-12400000,1405400000,1405400000,171600000,0.003,0.004,0.009,0.008,27900000,205700000,1.0,127007415,127200000,128700000,11.049,1595000000,49500000,6200000,27700000,12.599,640800000
FCS,MRY,2014-12-31,2014-12-28,2014-12-28,2017-05-30,-10300000,1689100000,1735925000,785300000,903800000,0.826,10.111,-52400000,352900000,352900000,967800000,-35200000,3.33,0.411,197100000,0,197100000,197100000,0,139700000,0,0.0,0.0,12600000,152300000,0.106,152300000,12600000,12600000,-0.29,-0.29,-0.29,1194100000,1261750000,1194100000,1931724656,153,12.684,141300000,1.164,1.0,465600000,0.325,246400000,0,1051100000,1141750000,264900000,2300000,100000,2200000,491000000,235800000,255200000,2066624656,-64900000,-56600000,-142500000,0,0,-151800000,-106800000,2200000,193700000,0,-35200000,-35200000,-35200000,0,0,-0.025,453000000,12600000,106200000,0.0,1.731,-58.711,-60.0,627700000,0,17.4,1.442,1.474,124000000,-47600000,1433400000,1433400000,165800000,-0.02,-0.028,0.011,0.009,32600000,215900000,1.0,118771532,121400000,121400000,11.807,1442700000,18500000,47800000,34200000,12.216,549500000
FCS,MRY,2015-12-31,2015-12-27,2015-12-27,2017-05-30,-15500000,1585900000,1609050000,766900000,819000000,0.852,9.65,-62500000,279400000,279400000,932400000,-15100000,3.39,0.441,198400000,0,198400000,198400000,0,132400000,0,0.0,0.0,900000,133300000,0.097,133300000,900000,900000,-0.13,-0.13,-0.13,1096200000,1119875000,1096200000,2226392495,2473,16.702,31900000,0.276,1.0,437800000,0.32,232000000,0,1046700000,1072875000,304200000,2200000,200000,2000000,483400000,226200000,257200000,2271292495,-73500000,0,-95700000,0,0,-105500000,-62400000,100000,94400000,0,-15100000,-15100000,-15100000,0,0,-0.011,436900000,900000,110600000,0.0,2.072,-150.417,-154.077,550400000,0,20.03,1.658,1.687,132600000,-62700000,1370200000,1370200000,162600000,-0.009,-0.013,0.001,0.001,30800000,205800000,1.0,113394533,115400000,115400000,11.873,1353900000,16800000,16000000,34200000,11.918,540700000
