ticker,dimension,calendardate,datekey,reportperiod,lastupdated,accoci,assets,assetsavg,assetsc,assetsnc,assetturnover,bvps,capex,cashneq,cashnequsd,cor,consolinc,currentratio,de,debt,debtc,debtnc,debtusd,deferredrev,depamor,deposits,divyield,dps,ebit,ebitda,ebitdamargin,ebitdausd,ebitusd,ebt,eps,epsdil,epsusd,equity,equityavg,equityusd,ev,evebit,evebitda,fcf,fcfps,fxusd,gp,grossmargin,intangibles,intexp,invcap,invcapavg,inventory,investments,investmentsc,investmentsnc,liabilities,liabilitiesc,liabilitiesnc,marketcap,ncf,ncfbus,ncfcommon,ncfdebt,ncfdiv,ncff,ncfi,ncfinv,ncfo,ncfx,netinc,netinccmn,netinccmnusd,netincdis,netincnci,netmargin,opex,opinc,payables,payoutratio,pb,pe,pe1,ppnenet,prefdivis,price,ps,ps1,receivables,retearn,revenue,revenueusd,rnd,roa,roe,roic,ros,sbcomp,sgna,sharefactor,sharesbas,shareswa,shareswadil,sps,tangibles,taxassets,taxexp,taxliabilities,tbvps,workingcapital
FDS,MRY,2011-12-31,2011-08-31,2011-08-31,2018-04-09,-5660000,657440000,671137000,273170000,384270000,1.083,11.354,-29343000,181685000,181685000,244623000,171046000,2.496,0.276,0,0,0,0,28252000,36847000,0,0.011,1.0,238958000,275805000,0.38,275805000,238958000,238958000,3.72,3.61,3.72,515188000,542592500,515188000,3819824160,15,13.85,177793000,3.869,1.0,481887000,0.663,274575000,0,91757000,100699250,0,0,0,0,142252000,109423000,32829000,4028492160,-14056000,0,-173505000,0,-43949000,-199123000,-29343000,0,207136000,7274000,171046000,171046000,171046000,0,0,0.235,243552000,238335000,24603000,0.269,7.819,23.552,23.629,81620000,0,87.9,5.545,5.56,75004000,912078000,726510000,726510000,0,0.255,0.315,2.373,0.329,7442000,243552000,1.0,45830400,45953000,47355000,15.81,382865000,24174000,67912000,13783000,8.437,163747000
FDS,MRY,2012-12-31,2012-08-31,2012-08-31,2018-04-09,-22726000,694143000,678998000,299125000,395018000,1.187,12.45,-22520000,189044000,189044000,275537000,188809000,2.643,0.257,0,0,0,0,30495000,33779000,0,0.013,1.16,274705000,308484000,0.383,308484000,274705000,274705000,4.22,4.12,4.22,552264000,548259750,552264000,3874874773,14,12.561,209445000,4.677,1.0,530256000,0.658,289162000,0,102761000,107627500,0,13919000,13919000,0,141879000,113176000,28703000,4103404773,7359000,-21329000,-119894000,0,-49983000,-158718000,-58849000,-15000000,231965000,-7039000,188809000,188809000,188809000,0,0,0.234,257266000,272990000,27680000,0.275,7.43,21.733,21.865,76530000,0,92.27,5.092,5.128,74251000,559714000,805793000,805793000,0,0.278,0.344,2.552,0.341,10823000,257266000,1.0,44471711,44784000,45810000,17.993,404981000,30683000,85896000,8057000,9.13,185949000
FDS,MRY,2013-12-31,2013-08-31,2013-08-31,2018-04-09,-31173000,690197000,701840250,318034000,372163000,1.223,12.462,-18517000,196627000,196627000,306379000,198637000,2.689,0.274,0,0,0,0,29319000,35779000,0,0.013,1.32,270910000,306689000,0.357,306689000,270910000,270910000,4.53,4.45,4.53,541779000,569690250,541779000,4194485375,15,13.677,251292000,5.725,1.0,551733000,0.643,280796000,0,94521000,114926500,0,12725000,12725000,0,148418000,118253000,30165000,4437324375,7583000,-705000,-207631000,0,-56002000,-238408000,-20412000,-1190000,269809000,-3406000,198637000,198637000,198637000,0,0,0.231,282314000,269419000,29864000,0.291,8.19,22.339,22.594,65371000,0,102.35,5.171,5.235,73290000,700519000,858112000,858112000,0,0.283,0.349,2.357,0.316,14726000,282314000,1.0,43354415,43890000,44624000,19.551,409401000,41763000,72273000,11600000,9.417,199781000
FDS,MRY,2014-12-31,2014-08-31,2014-08-31,2018-04-09,-17921000,663212000,661992750,249775000,413437000,1.39,12.198,-17743000,116378000,116378000,353686000,211543000,1.962,0.298,0,0,0,0,36504000,34435000,0,0.012,1.48,302219000,336654000,0.366,336654000,302219000,303464000,4.98,4.92,4.98,511082000,522656500,511082000,5241213152,17,15.569,247280000,5.827,1.0,566649000,0.616,327463000,-1245000,92080000,100646000,0,20008000,20008000,0,152130000,127291000,24839000,5360071152,-80249000,-46873000,-227677000,0,-61007000,-276729000,-70708000,-6092000,265023000,2165000,211543000,211543000,211543000,0,0,0.23,264430000,302219000,26971000,0.297,10.488,25.338,25.582,57641000,0,127.4,5.824,5.874,90354000,849504000,920335000,920335000,0,0.32,0.405,3.003,0.328,10936000,264430000,1.0,42072772,42436000,42970000,21.688,335749000,30750000,91921000,13458000,8.013,122484000
FDS,MRY,2015-12-31,2015-08-31,2015-08-31,2018-04-09,-44052000,736671000,705199500,304174000,432497000,1.428,12.858,-25682000,158914000,158914000,405339000,241051000,2.176,0.386,35000000,0,35000000,35000000,38488000,31349000,0,0.011,1.66,331918000,363267000,0.361,363267000,331918000,333754000,5.8,5.71,5.8,531584000,523669000,531584000,6417461131,19,17.666,280760000,6.754,1.0,601429000,0.597,348339000,-1836000,124638000,122738750,0,23497000,23497000,0,205087000,139780000,65307000,6540356131,42536000,-34758000,-184691000,34968000,-66551000,-187326000,-64877000,-4437000,306442000,-11703000,241051000,241051000,241051000,0,0,0.239,269511000,331918000,33880000,0.286,12.304,27.133,27.228,59264000,0,157.92,6.496,6.521,95064000,1021651000,1006768000,1006768000,0,0.342,0.46,2.704,0.33,-2577000,269511000,1.0,41415629,41572000,42235000,24.217,388332000,27512000,92703000,12790000,9.393,164394000
FDS,MRY,2016-12-31,2016-08-31,2016-08-31,2018-04-09,-68553000,1019161000,1024382000,369276000,649885000,1.1,12.858,-47740000,228407000,228407000,487409000,338815000,2.334,0.97,300000000,0,300000000,300000000,33247000,38052000,0,0.011,1.88,462129000,500181000,0.444,500181000,462129000,460993000,8.29,8.19,8.29,517381000,539966250,517381000,7349764431,15,14.694,283400000,6.932,1.0,639683000,0.568,546076000,1136000,386468000,408395250,0,24217000,24217000,0,501780000,158210000,343570000,7237200431,69493000,-109772000,-299977000,264988000,-74218000,-91002000,-158408000,-896000,331140000,-12237000,338815000,338815000,338815000,0,0,0.301,290007000,349676000,45836000,0.227,13.988,21.36,21.475,84622000,0,178.03,6.421,6.457,97797000,1283927000,1127092000,1127092000,0,0.331,0.627,1.132,0.41,11588000,290007000,1.0,40651578,40880000,41365000,27.571,473085000,16564000,122178000,18562000,11.757,211066000
FDS,MRY,2017-12-31,2017-08-31,2017-08-31,2018-04-09,-34720000,1413315000,1219830750,409376000,1003939000,1.001,14.281,-36862000,194731000,194731000,566580000,258259000,2.035,1.525,575000000,0,575000000,575000000,51416000,48294000,0,0.013,2.12,350912000,399206000,0.327,399206000,350912000,344312000,6.55,6.51,6.55,559691000,519314250,559691000,6579144465,18,16.481,283665000,7.192,1.0,654599000,0.536,881103000,6600000,711342000,604775500,0,32444000,32444000,0,853624000,201139000,652485000,6165902465,-33676000,-303086000,-210933000,274562000,-80898000,-8161000,-347306000,-7358000,320527000,1264000,258259000,258259000,258259000,0,0,0.211,302464000,352135000,59214000,0.324,11.017,23.875,23.997,100454000,0,157.18,5.049,5.077,148331000,1458823000,1221179000,1221179000,0,0.212,0.497,0.58,0.287,23852000,302464000,1.0,39228289,39444000,39642000,30.96,532212000,17156000,86053000,47870000,13.58,208237000
