ticker,dimension,calendardate,datekey,reportperiod,lastupdated,accoci,assets,assetsavg,assetsc,assetsnc,assetturnover,bvps,capex,cashneq,cashnequsd,cor,consolinc,currentratio,de,debt,debtc,debtnc,debtusd,deferredrev,depamor,deposits,divyield,dps,ebit,ebitda,ebitdamargin,ebitdausd,ebitusd,ebt,eps,epsdil,epsusd,equity,equityavg,equityusd,ev,evebit,evebitda,fcf,fcfps,fxusd,gp,grossmargin,intangibles,intexp,invcap,invcapavg,inventory,investments,investmentsc,investmentsnc,liabilities,liabilitiesc,liabilitiesnc,marketcap,ncf,ncfbus,ncfcommon,ncfdebt,ncfdiv,ncff,ncfi,ncfinv,ncfo,ncfx,netinc,netinccmn,netinccmnusd,netincdis,netincnci,netmargin,opex,opinc,payables,payoutratio,pb,pe,pe1,ppnenet,prefdivis,price,ps,ps1,receivables,retearn,revenue,revenueusd,rnd,roa,roe,roic,ros,sbcomp,sgna,sharefactor,sharesbas,shareswa,shareswadil,sps,tangibles,taxassets,taxexp,taxliabilities,tbvps,workingcapital
FEIM,MRY,2011-12-31,2011-04-30,2011-04-30,2018-03-19,5192000,89831000,84760750,67736000,22095000,0.628,8.631,-1953000,5275000,5275000,33254000,6015000,9.171,0.256,456000,275000,181000,456000,0,1937000,0,0.0,0.0,3713000,5650000,0.106,5650000,3713000,3595000,0.73,0.72,0.73,71535000,66715250,71535000,77166523,20,13.658,-74000,-0.009,1.0,19969000,0.375,218000,118000,77408000,70173000,28172000,19095000,15357000,3738000,18296000,7386000,10910000,85071523,-4679000,0,70000,-258000,0,-149000,-6724000,-4771000,1879000,315000,6015000,6015000,6015000,0,0,0.113,16479000,3490000,1654000,0.0,1.189,14.143,14.082,7163000,0,10.28,1.598,1.595,14072000,11286000,53223000,53223000,5081000,0.071,0.09,0.053,0.07,437000,11398000,1.0,8275440,8258989,8363023,6.444,89613000,4212000,-2420000,0,10.812,60350000
FEIM,MRY,2012-12-31,2012-04-30,2012-04-30,2018-03-19,4170000,106227000,95956750,79362000,26865000,0.663,9.469,-1372000,4782000,4782000,38977000,7374000,4.927,0.342,6398000,6383000,15000,6398000,0,2241000,0,0.0,0.0,6935000,9176000,0.144,9176000,6935000,6814000,0.89,0.86,0.89,79132000,75163500,79132000,61467334,8,6.699,772000,0.093,1.0,24618000,0.387,873000,121000,90861000,83467000,34299000,17658000,17658000,0,27095000,16109000,10986000,63434334,-493000,-4483000,13000,5684000,0,5706000,-8001000,-2146000,2144000,-342000,7374000,7374000,7374000,0,0,0.116,17915000,6703000,2644000,0.0,0.802,8.602,8.539,8374000,0,7.6,0.997,0.995,18073000,18660000,63595000,63595000,3860000,0.077,0.098,0.083,0.109,853000,14055000,1.0,8346623,8329081,8540955,7.635,105354000,8844000,-560000,96000,12.607,63253000
FEIM,MRY,2013-12-31,2013-04-30,2013-04-30,2018-03-19,3913000,108909000,108499250,81016000,27893000,0.635,9.759,-2183000,3460000,3460000,43822000,3686000,8.686,0.321,6158000,158000,6000000,6158000,0,2413000,0,0.02,0.2,5281000,7694000,0.112,7694000,5281000,5086000,0.44,0.43,0.44,82452000,81725000,82452000,84484790,15,10.981,650000,0.077,1.0,25110000,0.364,781000,195000,101499000,94854500,37521000,18270000,18270000,0,26457000,9327000,17130000,84528790,-1322000,0,20000,-357000,-1684000,-1869000,-2013000,170000,2833000,-273000,3686000,3686000,3686000,0,0,0.053,20431000,4679000,1205000,0.455,1.025,22.932,22.773,8316000,0,10.02,1.226,1.223,16398000,20662000,68932000,68932000,5727000,0.034,0.045,0.056,0.077,795000,14704000,1.0,8436007,8413000,8605000,8.194,108128000,10170000,1400000,0,12.798,71689000
FEIM,MRY,2014-12-31,2014-04-30,2014-04-30,2018-03-19,4014000,119461000,115706750,87862000,31599000,0.618,10.321,-5405000,7698000,7698000,46800000,4040000,9.061,0.352,10100000,0,10100000,10100000,0,2471000,0,0.0,0.0,6456000,8927000,0.125,8927000,6456000,6300000,0.47,0.46,0.47,88346000,86207250,88346000,92195033,14,10.328,-1763000,-0.207,1.0,24750000,0.346,689000,156000,111477000,110134500,41227000,16030000,16030000,0,31115000,9697000,21418000,90656033,4238000,0,0,4085000,0,4267000,-3574000,1831000,3642000,-97000,4040000,4040000,4040000,0,0,0.056,19877000,4873000,2336000,0.0,1.026,22.44,22.553,11240000,0,10.6,1.267,1.263,18180000,24702000,71550000,71550000,5813000,0.035,0.047,0.059,0.09,923000,14064000,1.0,8552456,8527000,8817000,8.391,118772000,10083000,2260000,0,13.875,78165000
FEIM,MRY,2015-12-31,2015-04-30,2015-04-30,2018-03-19,2890000,117825000,121815250,83599000,34226000,0.629,10.607,-4157000,7222000,7222000,53016000,2826000,10.012,0.283,6000000,0,6000000,6000000,0,2944000,0,0.0,0.0,4675000,7619000,0.1,7619000,4675000,4536000,0.33,0.32,0.33,91810000,91051500,91810000,116450061,24,15.284,-2275000,-0.264,1.0,23548000,0.308,617000,139000,107636000,114955750,38239000,11186000,11186000,0,26015000,8350000,17665000,114120061,-476000,0,0,-4100000,0,-3900000,1158000,5315000,1882000,384000,2826000,2826000,2826000,0,0,0.037,19873000,3675000,1720000,0.0,1.243,40.382,40.121,12686000,0,13.24,1.491,1.489,22618000,27528000,76564000,76564000,5666000,0.023,0.031,0.041,0.061,877000,14207000,1.0,8619340,8611000,8910000,8.891,117208000,10423000,1710000,0,13.541,75249000
FEIM,MRY,2016-12-31,2016-04-30,2016-04-30,2018-03-19,1964000,122177000,119992000,85862000,36315000,0.462,10.677,-3263000,5818000,5818000,36141000,1005000,8.33,0.309,6000000,0,6000000,6000000,0,2498000,0,0.0,0.0,2206000,4704000,0.085,4704000,2206000,2075000,0.12,0.11,0.12,93352000,93462500,93352000,87352678,39,18.57,-340000,-0.039,1.0,19275000,0.348,617000,131000,111434000,111183000,36280000,23930000,11111000,12819000,28825000,10308000,18517000,88431678,-1140000,0,0,0,0,141000,-3526000,-89000,2923000,-678000,1005000,1005000,1005000,1199000,0,0.018,16807000,2468000,3165000,0.0,0.947,87.992,84.417,12314000,0,10.13,1.596,1.595,19543000,28533000,55416000,55416000,5428000,0.008,0.011,0.02,0.04,683000,11379000,1.0,8729682,8728000,8937000,6.349,121560000,10915000,1070000,0,13.904,75554000
FEIM,MRY,2017-12-31,2017-04-30,2017-04-30,2018-03-19,2281000,113319000,116227000,69855000,43464000,0.433,10.142,-5233000,2163000,2163000,39102000,-4821000,8.612,0.269,0,0,0,0,0,2638000,0,0.0,0.0,-6786000,-4148000,-0.082,-4148000,-6786000,-6936000,-0.55,-0.55,-0.55,89332000,91966500,89332000,88552661,-13,-21.348,-1345000,-0.153,1.0,11249000,0.223,617000,150000,102428000,107750000,29051000,7815000,7815000,0,23987000,8111000,15876000,91661661,-3344000,0,0,-6000000,0,-6671000,-1451000,3822000,3888000,890000,-4821000,-4821000,-4821000,-103000,0,-0.096,18774000,-7525000,2437000,0.0,1.026,-19.013,-19.091,14813000,0,10.5,1.82,1.832,18950000,23712000,50351000,50351000,6876000,-0.041,-0.052,-0.063,-0.135,1333000,11898000,1.0,8729682,8787000,8787000,5.73,112702000,14508000,-2115000,0,12.795,61744000
