ticker,dimension,calendardate,datekey,reportperiod,lastupdated,accoci,assets,assetsavg,assetsc,assetsnc,assetturnover,bvps,capex,cashneq,cashnequsd,cor,consolinc,currentratio,de,debt,debtc,debtnc,debtusd,deferredrev,depamor,deposits,divyield,dps,ebit,ebitda,ebitdamargin,ebitdausd,ebitusd,ebt,eps,epsdil,epsusd,equity,equityavg,equityusd,ev,evebit,evebitda,fcf,fcfps,fxusd,gp,grossmargin,intangibles,intexp,invcap,invcapavg,inventory,investments,investmentsc,investmentsnc,liabilities,liabilitiesc,liabilitiesnc,marketcap,ncf,ncfbus,ncfcommon,ncfdebt,ncfdiv,ncff,ncfi,ncfinv,ncfo,ncfx,netinc,netinccmn,netinccmnusd,netincdis,netincnci,netmargin,opex,opinc,payables,payoutratio,pb,pe,pe1,ppnenet,prefdivis,price,ps,ps1,receivables,retearn,revenue,revenueusd,rnd,roa,roe,roic,ros,sbcomp,sgna,sharefactor,sharesbas,shareswa,shareswadil,sps,tangibles,taxassets,taxexp,taxliabilities,tbvps,workingcapital
FII,MRY,2011-12-31,2011-12-31,2011-12-31,2018-04-28,-8612000,1150856000,1135787750,366511000,784345000,0.788,5.223,-8247000,49273000,49273000,0,155083000,2.053,1.121,361250000,42500000,318750000,361250000,0,21778000,0,0.063,0.96,259241000,281019000,0.314,281019000,259241000,242194000,1.45,1.45,1.45,541959000,529533500,541959000,1811140566,6,6.445,105243000,1.014,1.0,895114000,1.0,720926000,17047000,563421000,497070250,0,273044000,273044000,0,607673000,178486000,429187000,1572061566,-149483000,-53507000,-11750000,-42500000,-99960000,-155519000,-107454000,-45700000,113490000,0,150906000,150906000,150906000,0,4177000,0.169,637659000,257455000,41691000,0.662,2.901,10.417,10.448,38228000,0,15.15,1.756,1.756,21526000,1069913000,895114000,895114000,0,0.133,0.285,0.522,0.29,17492000,608093000,1.0,103766440,103766440,,8.626,429930000,0,91288000,73246000,4.143,188025000
FII,MRY,2012-12-31,2012-12-31,2012-12-31,2018-04-28,-2937000,1090061000,1152590500,300062000,789999000,0.821,4.767,-8675000,67585000,67585000,0,197628000,1.657,1.183,318750000,42500000,276250000,318750000,0,17910000,0,0.122,2.47,313412000,331322000,0.35,331322000,313412000,298971000,1.79,1.79,1.79,495432000,567235000,495432000,2248165815,7,6.785,307668000,2.961,1.0,945706000,1.0,727857000,14441000,432235000,498132000,0,191043000,191043000,0,586117000,181134000,404983000,2102274815,18312000,-14064000,-5029000,-42500000,-256750000,-309406000,11375000,34114000,316343000,0,188088000,188088000,188088000,0,9540000,0.199,633113000,312593000,45255000,1.38,4.243,11.177,11.302,38912000,0,20.23,2.223,2.223,24120000,984505000,945706000,945706000,0,0.163,0.332,0.629,0.331,20135000,606787000,1.0,103918676,103918676,,9.1,362204000,0,110883000,99399000,3.485,118928000
FII,MRY,2013-12-31,2013-12-31,2013-12-31,2018-04-28,-1208000,1135797000,1149593500,339318000,796479000,0.764,5.413,-10316000,104443000,104443000,0,166355000,1.584,0.978,276250000,77917000,198333000,276250000,0,19588000,0,0.034,0.98,267301000,286889000,0.327,286889000,267301000,254837000,1.55,1.55,1.55,566119000,542512000,566119000,3220938084,12,11.227,250656000,2.396,1.0,878365000,1.0,735345000,12464000,358054000,462769750,0,187735000,187735000,0,553936000,214205000,339731000,3012325084,36858000,-8524000,-11450000,-42500000,-102515000,-222003000,-2111000,16729000,260972000,0,162177000,162177000,162177000,0,4178000,0.185,626622000,251743000,36364000,0.632,5.321,18.574,18.581,40088000,0,28.8,3.429,3.429,29320000,1022608000,878365000,878365000,0,0.141,0.299,0.578,0.304,20560000,609141000,1.0,104594621,104594621,,8.398,400452000,0,92660000,121203000,3.829,125113000
FII,MRY,2014-12-31,2014-12-31,2014-12-31,2018-04-28,-1662000,1140519000,1133037000,342055000,798464000,0.758,5.827,-8850000,115267000,115267000,0,149822000,2.291,0.865,242250000,25500000,216750000,242250000,0,23403000,0,0.03,1.0,248377000,271780000,0.316,271780000,248377000,238766000,1.42,1.42,1.42,609494000,591902750,609494000,3602591799,14,13.256,183632000,1.756,1.0,859250000,1.0,733847000,9611000,384334000,418935250,0,182071000,182071000,0,527170000,149321000,377849000,3444431799,10824000,-9697000,-25193000,-34000000,-104840000,-165240000,-16418000,2129000,192482000,0,149236000,149236000,149236000,0,586000,0.174,621301000,237949000,34930000,0.704,5.651,23.08,23.19,38638000,0,32.93,4.009,4.009,27965000,505394000,859250000,859250000,0,0.132,0.252,0.593,0.289,21711000,608505000,1.0,104598597,104598597,,8.215,406672000,0,89530000,140849000,3.888,192734000
FII,MRY,2015-12-31,2015-12-31,2015-12-31,2018-04-28,-4609000,1187203000,1151457750,395828000,791375000,0.805,6.222,-6026000,172628000,172628000,0,171986000,2.486,0.817,216750000,25500000,191250000,216750000,0,24589000,0,0.035,1.0,277026000,301615000,0.326,301615000,277026000,272727000,1.62,1.62,1.62,647816000,633625250,647816000,3064781469,11,10.161,227158000,2.182,1.0,926609000,1.0,734492000,4299000,337625000,379975000,0,174187000,174187000,0,529497000,159208000,370289000,2982813469,57361000,0,-52316000,-25500000,-104628000,-170092000,-5731000,295000,233184000,0,169807000,169807000,169807000,0,2179000,0.183,647163000,279446000,43551000,0.617,4.604,17.566,17.685,35743000,0,28.65,3.219,3.219,33524000,545785000,926609000,926609000,0,0.147,0.268,0.729,0.299,22685000,632301000,1.0,104112163,104112163,,8.9,452711000,0,102920000,158895000,4.348,236620000
FII,MRY,2016-12-31,2016-12-31,2016-12-31,2018-04-28,-523000,1155107000,1194018750,359760000,795347000,0.958,5.819,-12839000,104839000,104839000,0,221514000,2.213,0.888,191250000,25500000,165750000,191250000,0,21558000,0,0.08,2.25,332512000,354070000,0.31,354070000,332512000,328339000,2.03,2.03,2.03,594826000,650913000,594826000,2903336055,8,8.2,239932000,2.347,1.0,1143371000,1.0,733137000,4173000,345843000,367995250,0,196310000,196310000,0,527961000,162538000,365423000,2890815055,-67789000,0,-80335000,-25500000,-205468000,-312366000,-8194000,4645000,252771000,0,208919000,208919000,208919000,0,12595000,0.183,807688000,335683000,54177000,1.108,4.86,13.837,13.931,39280000,0,28.28,2.528,2.528,44804000,529749000,1143371000,1143371000,0,0.175,0.321,0.904,0.291,22445000,795957000,1.0,102221183,102221183,,11.185,421970000,0,119420000,176686000,4.128,197222000
FII,MRY,2017-12-31,2017-12-31,2017-12-31,2018-04-28,-790000,1231410000,1171731250,437274000,794136000,0.941,7.544,-9799000,316264000,316264000,0,294901000,3.394,0.578,170000000,0,170000000,170000000,0,18662000,0,0.028,1.0,353214000,371876000,0.337,371876000,353214000,348442000,2.87,2.87,2.87,761215000,664832750,761215000,3654159055,10,9.826,260578000,2.582,1.0,1102924000,1.0,736915000,4772000,219382000,323098250,0,53274000,53274000,0,440032000,128849000,311183000,3640569055,211425000,-4352000,-47343000,-21733000,-101511000,-176921000,117969000,132120000,270377000,0,291341000,291341000,291341000,0,3560000,0.264,761416000,341508000,47595000,0.348,4.783,12.496,12.571,37670000,0,36.08,3.301,3.301,53482000,697359000,1102924000,1102924000,0,0.249,0.438,1.093,0.32,22508000,746099000,1.0,100902690,100902690,,10.931,494495000,0,57101000,117620000,4.901,308425000
