ticker,dimension,calendardate,datekey,reportperiod,lastupdated,accoci,assets,assetsavg,assetsc,assetsnc,assetturnover,bvps,capex,cashneq,cashnequsd,cor,consolinc,currentratio,de,debt,debtc,debtnc,debtusd,deferredrev,depamor,deposits,divyield,dps,ebit,ebitda,ebitdamargin,ebitdausd,ebitusd,ebt,eps,epsdil,epsusd,equity,equityavg,equityusd,ev,evebit,evebitda,fcf,fcfps,fxusd,gp,grossmargin,intangibles,intexp,invcap,invcapavg,inventory,investments,investmentsc,investmentsnc,liabilities,liabilitiesc,liabilitiesnc,marketcap,ncf,ncfbus,ncfcommon,ncfdebt,ncfdiv,ncff,ncfi,ncfinv,ncfo,ncfx,netinc,netinccmn,netinccmnusd,netincdis,netincnci,netmargin,opex,opinc,payables,payoutratio,pb,pe,pe1,ppnenet,prefdivis,price,ps,ps1,receivables,retearn,revenue,revenueusd,rnd,roa,roe,roic,ros,sbcomp,sgna,sharefactor,sharesbas,shareswa,shareswadil,sps,tangibles,taxassets,taxexp,taxliabilities,tbvps,workingcapital
FNV,MRY,2011-12-31,2011-12-31,2011-12-31,2018-03-28,66600000,2901000000,,894400000,2006600000,,,-38100000,794100000,794100000,63300000,-6800000,20.656,0.024,0,0,0,0,0,130600000,0,0.004,0.16,41400000,172000000,0.418,172000000,41400000,39100000,-0.05,-0.05,-0.05,2834200000,,2834200000,,,,249700000,,1.0,347900000,0.846,0,2300000,2063600000,,0,91100000,16700000,74400000,66800000,43300000,23500000,,380200000,-378700000,381600000,-8100000,-49200000,323700000,-225300000,191500000,287800000,-6000000,-6800000,-6800000,-6800000,0,0,-0.017,319900000,28000000,35900000,-3.2,,,-761.4,1912100000,0,38.07,,,79100000,-135500000,411200000,411200000,0,,,,0.101,4500000,20600000,,,,,,2901000000,10600000,45900000,30900000,,851100000
FNV,MRY,2012-12-31,2012-12-31,2012-12-31,2018-03-28,105800000,3243900000,3072450000,879200000,2364700000,0.139,,-509100000,631700000,631700000,59200000,102600000,15.479,0.03,0,0,0,0,0,126700000,0,0.009,0.54,156000000,282700000,0.662,282700000,156000000,154900000,0.72,0.71,0.72,3149100000,2991650000,3149100000,,,,-202800000,,1.0,367800000,0.861,0,1100000,2555400000,2309500000,0,256600000,148200000,108400000,94800000,56800000,38000000,,-162400000,0,257900000,0,-77900000,180000000,-659300000,-150200000,306300000,10600000,102600000,102600000,102600000,0,0,0.24,229400000,138400000,44000000,0.75,,,79.403,2223600000,0,57.17,,,83400000,-120600000,427000000,427000000,0,0.033,0.034,0.068,0.365,2900000,20000000,1.0,,,,,3243900000,8700000,52300000,50800000,,822400000
FNV,MRY,2013-12-31,2013-12-31,2013-12-31,2018-03-28,-2500000,3044900000,3144400000,912300000,2132600000,0.127,20.199,-142200000,770000000,770000000,60200000,11700000,17.853,0.027,0,0,0,0,0,129300000,0,0.018,0.72,35900000,165200000,0.412,165200000,35900000,34000000,0.08,0.08,0.08,2963800000,3056450000,2963800000,5346092829,148,32.361,107200000,0.731,1.0,340700000,0.85,0,1900000,2223800000,2389600000,0,56200000,18000000,38200000,81100000,51100000,30000000,5977792829,138300000,0,9300000,0,-101800000,-94000000,-1400000,140800000,249400000,-15700000,11700000,11700000,11700000,0,0,0.029,291100000,49600000,46100000,9.0,2.017,510.922,509.25,2050200000,0,40.74,14.911,14.911,78000000,-212500000,400900000,400900000,0,0.004,0.004,0.015,0.09,4600000,18200000,1.0,146730310,146730310,,2.732,3044900000,15800000,22300000,35000000,20.752,861200000
FNV,MRY,2014-12-31,2014-12-31,2014-12-31,2018-03-28,-98800000,3466900000,3255900000,698900000,2768000000,0.136,23.141,-857900000,592500000,592500000,72900000,106700000,33.123,0.018,0,0,0,0,0,163100000,0,0.016,0.78,158600000,321700000,0.727,321700000,158600000,157000000,0.71,0.7,0.71,3405500000,3184650000,3405500000,6469020180,40,20.109,-590900000,-4.015,1.0,369500000,0.835,0,1600000,2853300000,2538550000,0,67100000,0,67100000,61400000,21100000,40300000,7239020180,-177500000,-33800000,481600000,0,-90700000,394700000,-815900000,75800000,267000000,-23300000,106700000,106700000,106700000,0,0,0.241,213200000,156300000,17700000,1.099,2.126,67.845,69.282,2636900000,0,49.19,16.363,16.363,72100000,-197800000,442400000,442400000,0,0.033,0.034,0.062,0.358,3900000,18600000,1.0,147164468,147164468,,3.006,3466900000,13900000,50300000,43700000,23.558,677800000
FNV,MRY,2015-12-31,2015-12-31,2015-12-31,2018-03-28,-288100000,3674300000,3570600000,274700000,3399600000,0.124,20.213,-1020400000,149200000,149200000,309400000,24600000,13.207,0.162,457300000,0,457300000,457300000,0,216300000,0,0.018,0.83,51400000,267700000,0.603,267700000,51400000,48500000,0.16,0.16,0.16,3163000000,3284250000,3163000000,6566469561,127,24.529,-706100000,-4.512,1.0,134200000,0.303,0,2900000,3961600000,3407450000,0,113600000,18800000,94800000,511300000,20800000,490500000,7158969561,-443300000,0,10500000,460000000,-94100000,374100000,-1106100000,-85700000,314300000,-25600000,24600000,24600000,24600000,0,0,0.055,84900000,49300000,18000000,5.188,2.263,291.015,285.938,3257500000,0,45.75,16.138,16.138,65100000,-302200000,443600000,443600000,0,0.007,0.007,0.015,0.116,4500000,17800000,1.0,156480209,156480209,,2.835,3674300000,16100000,23900000,36000000,23.481,253900000
FNV,MRY,2016-12-31,2016-12-31,2016-12-31,2018-03-28,-224500000,4221600000,3947950000,361200000,3860400000,0.155,23.389,-716800000,253000000,253000000,379600000,122200000,9.606,0.018,0,0,0,0,0,273800000,0,0.015,0.87,171500000,445300000,0.73,445300000,171500000,167900000,0.7,0.69,0.7,4146500000,3654750000,4146500000,10902493176,63,24.483,-245800000,-1.386,1.0,230600000,0.378,0,3600000,3931000000,3946300000,0,147400000,0,147400000,75100000,37600000,37500000,10594393176,103800000,0,899800000,-460000000,-118100000,321700000,-689800000,27000000,471000000,900000,122200000,122200000,122200000,0,0,0.2,75200000,155400000,21000000,1.243,2.555,86.697,85.371,3668300000,0,59.76,17.362,17.362,71100000,-336800000,610200000,610200000,0,0.031,0.033,0.043,0.281,5000000,24100000,1.0,177282349,177282349,,3.442,4221600000,21300000,45700000,54100000,23.813,323600000
FNV,MRY,2017-12-31,2017-12-31,2017-12-31,2018-03-28,-106500000,4788400000,4505000000,616400000,4172000000,0.15,26.364,-501200000,511100000,511100000,415000000,194700000,27.274,0.018,0,0,0,0,0,273000000,0,0.011,0.91,239400000,512400000,0.759,512400000,239400000,236000000,1.06,1.06,1.06,4705500000,4426000000,4705500000,14016647013,58,27.355,-12600000,-0.071,1.0,260000000,0.385,0,3400000,4254700000,4092850000,0,203100000,0,203100000,82900000,22600000,60300000,14269647013,258100000,0,366500000,0,-125800000,239700000,-500900000,300000,488600000,30700000,194700000,194700000,194700000,0,0,0.288,29100000,230900000,21500000,0.858,3.033,73.29,75.425,3939200000,0,79.95,21.14,21.14,65900000,-310000000,675000000,675000000,0,0.043,0.044,0.058,0.355,4600000,24900000,1.0,178482139,178482139,,3.782,4788400000,14500000,41300000,61400000,26.828,593800000
