ticker,dimension,calendardate,datekey,reportperiod,lastupdated,accoci,assets,assetsavg,assetsc,assetsnc,assetturnover,bvps,capex,cashneq,cashnequsd,cor,consolinc,currentratio,de,debt,debtc,debtnc,debtusd,deferredrev,depamor,deposits,divyield,dps,ebit,ebitda,ebitdamargin,ebitdausd,ebitusd,ebt,eps,epsdil,epsusd,equity,equityavg,equityusd,ev,evebit,evebitda,fcf,fcfps,fxusd,gp,grossmargin,intangibles,intexp,invcap,invcapavg,inventory,investments,investmentsc,investmentsnc,liabilities,liabilitiesc,liabilitiesnc,marketcap,ncf,ncfbus,ncfcommon,ncfdebt,ncfdiv,ncff,ncfi,ncfinv,ncfo,ncfx,netinc,netinccmn,netinccmnusd,netincdis,netincnci,netmargin,opex,opinc,payables,payoutratio,pb,pe,pe1,ppnenet,prefdivis,price,ps,ps1,receivables,retearn,revenue,revenueusd,rnd,roa,roe,roic,ros,sbcomp,sgna,sharefactor,sharesbas,shareswa,shareswadil,sps,tangibles,taxassets,taxexp,taxliabilities,tbvps,workingcapital
FORD,MRY,2011-12-31,2011-09-30,2011-09-30,2018-02-14,0,22260282,23456276,21869408,390874,0.97,2.31,-276633,14911844,14911844,17682301,-2900539,6.113,0.191,0,0,0,0,0,74307,0,0.0,0.0,-2956589,-2882282,-0.127,-2882282,-2956589,-2956589,-0.36,-0.36,-0.36,18682689,20268567,18682689,2738523,0,-0.95,-2069676,-0.256,1.0,5080979,0.223,0,0,3770845,4072508,1014195,0,0,0,3577593,3577593,0,18197743,-3559676,0,0,0,0,0,-1766633,-1490000,-1793043,0,-2900539,-2900539,-2900539,875068,0,-0.127,7220936,-2139957,2787263,0.0,0.974,-6.274,-6.25,302158,0,2.25,0.799,0.799,3894118,3009130,22763280,22763280,0,-0.124,-0.143,-0.726,-0.13,376858,7220936,1.0,8087886,8080344,8080344,2.817,22260282,0,-56050,0,2.752,18291815
FORD,MRY,2012-12-31,2012-09-30,2012-09-30,2018-02-14,-35941,17111802,19700803,16932586,179216,1.492,1.134,-72467,4608246,4608246,25512846,-9634056,2.137,0.862,0,0,0,0,0,103973,0,0.0,0.0,-9618946,-9514973,-0.324,-9514973,-9618946,-9618946,-1.19,-1.19,-1.19,9187963,13717397,9187963,2297528,0,-0.241,-10859249,-1.34,1.0,3890158,0.132,0,0,4579717,5568001,3380813,420605,420605,0,7923839,7923839,0,9483066,-10303598,0,0,0,0,0,483184,555651,-10786782,0,-9634056,-9634056,-9634056,6320968,0,-0.328,7153949,-3263791,5936848,0.0,1.032,-0.984,-0.983,138774,0,1.17,0.323,0.322,7533491,-6624926,29403004,29403004,0,-0.489,-0.702,-1.728,-0.327,175271,7153949,1.0,8105185,8101661,8101661,3.629,17111802,0,15110,0,2.111,9008747
FORD,MRY,2013-12-31,2013-09-30,2013-09-30,2018-02-14,-20451,15030873,14401325,14860393,170480,2.146,1.158,-74187,6616995,6616995,24533154,-206886,3.12,0.524,0,0,0,0,0,75188,0,0.0,0.0,-206379,-131191,-0.004,-131191,-206379,-206379,-0.09,-0.09,-0.09,9394310,9536717,9394310,11480989,-55,-87.514,2176225,0.268,1.0,6377352,0.206,0,0,3651687,5037934,2050710,1080747,1080747,0,4919899,4762191,157708,16492589,2008749,0,0,0,-14527,1191269,-1432932,-1358745,2250412,0,-206886,-753774,-753774,212321,0,-0.024,5671537,705815,3541193,0.0,1.756,-21.88,-20.779,129987,546888,1.87,0.534,0.491,4382406,-7378700,30910506,30910506,0,-0.052,-0.079,-0.041,-0.007,436422,5671537,1.0,8819095,8111226,8111226,3.811,15030873,0,507,0,1.853,10098202
FORD,MRY,2014-12-31,2014-09-30,2014-09-30,2018-02-14,-20411,16569571,16046582,16429619,139952,2.079,1.121,-33485,6477132,6477132,26805193,-799906,2.553,0.713,0,0,0,0,0,64482,0,0.0,0.0,-799906,-735424,-0.022,-735424,-799906,-799906,-0.12,-0.12,-0.12,9186695,9777952,9186695,3886724,-4,-5.285,200984,0.025,1.0,6554725,0.196,0,0,3658130,4392556,2374837,1051230,1051230,0,6549511,6434309,115202,10900424,-139863,0,-47178,0,-76499,-123677,-250655,-217170,234469,0,-799906,-993106,-993106,326034,0,-0.03,6653402,-98677,5882398,0.0,1.187,-10.976,-11.083,98990,193200,1.33,0.327,0.326,6124871,-8371806,33359918,33359918,0,-0.062,-0.102,-0.182,-0.024,232700,6653402,1.0,8195808,8186926,8186926,4.075,16569571,0,0,0,2.022,9995310
FORD,MRY,2015-12-31,2015-09-30,2015-09-30,2018-02-14,-21785,12778424,12840462,12658729,119695,2.337,0.875,-33189,4042124,4042124,24220698,-1433981,2.375,0.743,0,0,0,0,0,53445,0,0.0,0.0,-1433981,-1380536,-0.046,-1380536,-1433981,-1433981,-0.23,-0.23,-0.23,7333313,7004537,7333313,7422412,-5,-5.376,-2055094,-0.246,1.0,5793193,0.193,0,0,3406391,3443445,2866464,0,0,0,5445111,5329909,115202,11709578,-2435008,0,-12198,0,-21208,-1321143,908040,941229,-2021905,0,-1433981,-1909561,-1909561,-198963,0,-0.064,7305737,-1512544,4290824,0.0,1.597,-6.132,-5.891,78733,475580,1.355,0.39,0.377,5454129,-10281367,30013891,30013891,0,-0.149,-0.273,-0.416,-0.048,69751,7305737,1.0,8641755,8342168,8342168,3.598,12778424,0,0,0,1.525,7328820
FORD,MRY,2016-12-31,2016-09-30,2016-09-30,2018-02-14,-21785,12395317,12759052,12339444,55873,2.154,0.95,-48121,4760620,4760620,22399734,606562,2.959,0.516,0,0,0,0,0,52754,0,0.0,0.0,606562,659316,0.024,659316,606562,606562,0.07,0.07,0.07,8174278,7916865,8174278,7850717,12,11.907,720163,0.085,1.0,5080162,0.185,0,0,3465144,3838485,2572980,0,0,0,4221039,4169553,51486,13085919,718496,0,-1667,0,0,-1667,-48121,0,768284,0,606562,606562,606562,0,0,0.022,4463208,616954,3581812,0.0,1.601,21.574,21.286,43030,0,1.49,0.476,0.462,4864423,-9674805,27479896,27479896,0,0.048,0.077,0.158,0.022,236070,4463208,1.0,8782496,8521188,8675583,3.225,12395317,0,0,0,1.44,8169891
FORD,MRY,2017-12-31,2017-09-30,2017-09-30,2018-02-14,0,13153946,12416680,13120445,33501,1.994,1.019,0,4622981,4622981,20572970,579346,3.134,0.473,0,0,0,0,0,22372,0,0.0,0.0,579346,601718,0.024,601718,579346,579346,0.07,0.07,0.07,8930422,8552550,8930422,6902423,11,11.471,-137639,-0.016,1.0,4191643,0.169,0,0,4344404,4451695,2120971,0,0,0,4223524,4186561,36963,10963700,-137639,0,0,0,0,0,0,0,-137639,0,579346,579346,579346,0,0,0.023,3593173,598470,3803802,0.0,1.228,18.924,17.557,20658,0,1.229,0.443,0.433,6218563,-9095459,24764613,24764613,0,0.047,0.068,0.13,0.023,155013,3593173,1.0,8920830,8727322,8823059,2.838,13153946,0,0,0,1.501,8933884
