ticker,dimension,calendardate,datekey,reportperiod,lastupdated,accoci,assets,assetsavg,assetsc,assetsnc,assetturnover,bvps,capex,cashneq,cashnequsd,cor,consolinc,currentratio,de,debt,debtc,debtnc,debtusd,deferredrev,depamor,deposits,divyield,dps,ebit,ebitda,ebitdamargin,ebitdausd,ebitusd,ebt,eps,epsdil,epsusd,equity,equityavg,equityusd,ev,evebit,evebitda,fcf,fcfps,fxusd,gp,grossmargin,intangibles,intexp,invcap,invcapavg,inventory,investments,investmentsc,investmentsnc,liabilities,liabilitiesc,liabilitiesnc,marketcap,ncf,ncfbus,ncfcommon,ncfdebt,ncfdiv,ncff,ncfi,ncfinv,ncfo,ncfx,netinc,netinccmn,netinccmnusd,netincdis,netincnci,netmargin,opex,opinc,payables,payoutratio,pb,pe,pe1,ppnenet,prefdivis,price,ps,ps1,receivables,retearn,revenue,revenueusd,rnd,roa,roe,roic,ros,sbcomp,sgna,sharefactor,sharesbas,shareswa,shareswadil,sps,tangibles,taxassets,taxexp,taxliabilities,tbvps,workingcapital
FOX,MRY,2011-12-31,2011-06-30,2011-06-30,2018-05-10,0,61980000000,58767000000,21784000000,40196000000,0.412,11.448,-622000000,12680000000,12680000000,15745000000,2868000000,2.276,1.042,15495000000,32000000,15463000000,15495000000,957000000,777000000,0,0.008,0.15,4374000000,5151000000,0.213,5151000000,4374000000,3412000000,1.04,1.04,1.04,30069000000,28117250000,30069000000,51197462589,11,9.939,2416000000,0.92,1.0,8487000000,0.35,23284000000,962000000,31940000000,30937000000,6530000000,4867000000,0,4867000000,31333000000,9571000000,21762000000,47489462589,3584000000,-105000000,12000000,1914000000,-490000000,1383000000,-1369000000,-642000000,3038000000,387000000,2739000000,2739000000,2739000000,-443000000,129000000,0.113,4824000000,3663000000,5773000000,0.144,1.579,17.338,17.385,6542000000,0,18.08,1.96,1.96,6680000000,12608000000,24232000000,24232000000,0,0.047,0.097,0.141,0.181,0,3759000000,1.0,2626629568,2626629568,,9.226,38696000000,0,673000000,3149000000,14.732,12213000000
FOX,MRY,2012-12-31,2012-06-30,2012-06-30,2018-05-10,0,56663000000,59301000000,19448000000,37215000000,0.422,10.193,-564000000,9626000000,9626000000,15663000000,1372000000,2.022,1.275,15455000000,273000000,15182000000,15455000000,880000000,711000000,0,0.008,0.18,3305000000,4016000000,0.16,4016000000,3305000000,2273000000,0.47,0.47,0.47,24684000000,26852750000,24684000000,59308153923,17,14.768,2270000000,0.937,1.0,9388000000,0.375,20307000000,1032000000,32568000000,32410250000,7191000000,4968000000,0,4968000000,31478000000,9617000000,21861000000,54534153923,-2746000000,-46000000,-4422000000,-35000000,-580000000,-5102000000,-766000000,-156000000,2834000000,-308000000,1179000000,1179000000,1179000000,1997000000,193000000,0.047,4631000000,4757000000,5405000000,0.383,2.209,46.255,47.915,5814000000,0,22.52,2.177,2.177,6995000000,8521000000,25051000000,25051000000,0,0.02,0.044,0.102,0.132,0,3719000000,1.0,2421587652,2421587652,,10.345,36356000000,0,1094000000,2388000000,15.013,9831000000
FOX,MRY,2013-12-31,2013-06-30,2013-06-30,2018-05-10,-319000000,50944000000,60463750000,15567000000,35377000000,0.458,7.344,-622000000,6659000000,6659000000,17496000000,7323000000,1.846,1.813,16458000000,137000000,16321000000,16458000000,677000000,797000000,0,0.005,0.17,9850000000,10647000000,0.385,10647000000,9850000000,8787000000,3.03,3.03,3.03,16998000000,25369500000,16998000000,83113301653,8,7.806,2380000000,1.028,1.0,10179000000,0.368,22319000000,1063000000,29989000000,34495250000,8155000000,3704000000,0,3704000000,30819000000,8435000000,22384000000,75963301653,-2914000000,1362000000,-1823000000,523000000,-613000000,-4571000000,86000000,-654000000,3002000000,-53000000,7097000000,7097000000,7097000000,-277000000,226000000,0.256,4804000000,5375000000,4434000000,0.056,4.469,10.704,10.832,2829000000,0,32.82,2.745,2.745,5896000000,1454000000,27675000000,27675000000,0,0.117,0.28,0.286,0.356,192000000,4007000000,1.0,2314543012,2314543012,,11.957,28625000000,0,1690000000,2280000000,12.367,7132000000
FOX,MRY,2014-12-31,2014-06-30,2014-06-30,2018-05-10,-34000000,54793000000,54099250000,15376000000,39417000000,0.589,7.824,-678000000,5415000000,5415000000,21108000000,4646000000,1.736,1.946,19058000000,799000000,18259000000,19058000000,690000000,1142000000,0,0.12,4.095,6907000000,8049000000,0.253,8049000000,6907000000,5786000000,1.99,1.99,1.99,17418000000,17438500000,17418000000,89745257102,12,11.15,2286000000,1.027,1.0,10759000000,0.338,26124000000,1121000000,33456000000,32539250000,9534000000,2859000000,0,2859000000,33892000000,8856000000,25036000000,76208257102,-1176000000,-174000000,-3706000000,859000000,-802000000,-3776000000,-935000000,-83000000,2964000000,-68000000,4514000000,4514000000,4514000000,-729000000,132000000,0.142,5271000000,5488000000,4183000000,2.058,4.375,16.883,17.201,2931000000,0,34.23,2.391,2.391,6922000000,2389000000,31867000000,31867000000,0,0.083,0.259,0.212,0.217,129000000,4129000000,1.0,2226358665,2226358665,,14.314,28669000000,0,1272000000,2729000000,12.877,6520000000
FOX,MRY,2015-12-31,2015-06-30,2015-06-30,2018-05-10,-1570000000,50039000000,52223500000,17348000000,32691000000,0.555,8.37,-424000000,8428000000,8428000000,18561000000,8537000000,2.464,1.85,19039000000,244000000,18795000000,19039000000,448000000,736000000,0,0.009,0.275,10747000000,11483000000,0.396,11483000000,10747000000,9549000000,3.91,3.9,3.91,17220000000,17821750000,17220000000,76107379114,7,6.628,3193000000,1.552,1.0,10426000000,0.36,18833000000,1198000000,34775000000,35250000000,9160000000,4529000000,0,4529000000,31853000000,7042000000,24811000000,66291379114,3202000000,8485000000,-5939000000,316000000,-878000000,-7102000000,6736000000,-1325000000,3617000000,-189000000,8306000000,8306000000,8306000000,67000000,231000000,0.287,5022000000,5404000000,3717000000,0.07,3.85,7.981,8.24,1722000000,0,32.22,2.287,2.287,6306000000,5343000000,28987000000,28987000000,0,0.159,0.466,0.305,0.371,83000000,3784000000,1.0,2057460556,2057460556,,14.089,31206000000,0,1243000000,2290000000,15.167,10306000000
FOX,MRY,2016-12-31,2016-06-30,2016-06-30,2018-05-10,-2144000000,48193000000,48383500000,14949000000,33244000000,0.565,7.212,-263000000,4424000000,4424000000,17129000000,3016000000,2.115,2.438,19553000000,427000000,19126000000,19553000000,505000000,530000000,0,0.011,0.3,5069000000,5599000000,0.205,5599000000,5069000000,3885000000,1.42,1.42,1.42,13661000000,14479250000,13661000000,66370228651,13,11.854,2785000000,1.47,1.0,10197000000,0.373,19510000000,1184000000,36744000000,36307500000,9903000000,3863000000,0,3863000000,33312000000,7068000000,26244000000,51618228651,-3940000000,-916000000,-4904000000,673000000,-821000000,-5330000000,-1638000000,-459000000,3048000000,-64000000,2755000000,2755000000,2755000000,8000000,261000000,0.101,4528000000,5669000000,3181000000,0.211,3.779,18.736,19.19,1692000000,0,27.25,1.889,1.889,6647000000,3575000000,27326000000,27326000000,0,0.057,0.19,0.14,0.186,196000000,3675000000,1.0,1894246923,1894246923,,14.426,28683000000,0,1130000000,2888000000,15.142,7881000000
FOX,MRY,2017-12-31,2017-06-30,2017-06-30,2018-05-10,-2018000000,50724000000,49810250000,16286000000,34438000000,0.572,8.494,-377000000,6163000000,6163000000,17775000000,3226000000,2.25,2.149,19913000000,457000000,19456000000,19913000000,580000000,553000000,0,0.013,0.36,5590000000,6143000000,0.216,6143000000,5590000000,4371000000,1.59,1.59,1.59,15722000000,14721500000,15722000000,65907341865,11,10.729,3408000000,1.841,1.0,10725000000,0.376,19366000000,1219000000,37870000000,37783250000,10553000000,3902000000,0,3902000000,33786000000,7238000000,26548000000,51583341865,1724000000,-75000000,-619000000,345000000,-943000000,-1281000000,-752000000,-300000000,3785000000,15000000,2952000000,2952000000,2952000000,44000000,274000000,0.104,4485000000,6240000000,3451000000,0.226,3.281,17.474,17.528,1781000000,0,27.87,1.81,1.81,7020000000,5315000000,28500000000,28500000000,0,0.059,0.201,0.148,0.196,126000000,3617000000,1.0,1850855467,1850855467,,15.398,31358000000,0,1419000000,2782000000,16.942,9048000000
