ticker,dimension,calendardate,datekey,reportperiod,lastupdated,accoci,assets,assetsavg,assetsc,assetsnc,assetturnover,bvps,capex,cashneq,cashnequsd,cor,consolinc,currentratio,de,debt,debtc,debtnc,debtusd,deferredrev,depamor,deposits,divyield,dps,ebit,ebitda,ebitdamargin,ebitdausd,ebitusd,ebt,eps,epsdil,epsusd,equity,equityavg,equityusd,ev,evebit,evebitda,fcf,fcfps,fxusd,gp,grossmargin,intangibles,intexp,invcap,invcapavg,inventory,investments,investmentsc,investmentsnc,liabilities,liabilitiesc,liabilitiesnc,marketcap,ncf,ncfbus,ncfcommon,ncfdebt,ncfdiv,ncff,ncfi,ncfinv,ncfo,ncfx,netinc,netinccmn,netinccmnusd,netincdis,netincnci,netmargin,opex,opinc,payables,payoutratio,pb,pe,pe1,ppnenet,prefdivis,price,ps,ps1,receivables,retearn,revenue,revenueusd,rnd,roa,roe,roic,ros,sbcomp,sgna,sharefactor,sharesbas,shareswa,shareswadil,sps,tangibles,taxassets,taxexp,taxliabilities,tbvps,workingcapital
FRD,MRY,2011-12-31,2011-03-31,2011-03-31,2018-02-15,0,69584131,68494055,54562344,15021787,1.923,8.648,-515342,7210290,7210290,114401307,8155637,5.763,0.183,0,0,0,0,0,1878158,0,0.073,0.74,12113713,13991871,0.106,13991871,12113713,12113713,1.2,1.2,1.2,58802514,57858501,58802514,52839468,4,3.776,-7501496,-1.103,1.0,17308185,0.131,0,0,52906466,44577926,34679270,0,0,0,10781617,9467375,1314242,69286334,-12602591,0,0,-13507,-5031588,-5045095,-571342,0,-6986154,0,8155637,8155637,8155637,0,0,0.062,5251610,12056575,7338762,0.617,1.178,8.496,8.492,14131787,0,10.19,0.526,0.526,12594954,27299644,131709492,131709492,0,0.119,0.141,0.272,0.092,0,5251610,1.0,6799444,6799444,6799444,19.371,69584131,0,3958076,887660,10.234,45094969
FRD,MRY,2012-12-31,2012-03-31,2012-03-31,2018-02-15,0,78570393,74721857,65007891,13562502,2.162,9.327,-321403,11881548,11881548,143915520,8150464,4.693,0.239,0,0,0,0,0,1839890,0,0.046,0.5,12206560,14046450,0.087,14046450,12206560,12206560,1.2,1.2,1.2,63417268,61611135,63417268,54955862,4,3.912,8130181,1.196,1.0,17606473,0.109,0,0,52835457,50815406,36753680,0,0,0,15153125,13853388,1299737,74453911,4671258,0,0,0,-3399723,-3399723,-380603,0,8451584,0,8150464,8150464,8150464,0,0,0.05,5491737,12114736,12091154,0.417,1.174,9.135,9.125,12611502,0,10.95,0.461,0.461,16284377,31914398,161521993,161521993,0,0.109,0.132,0.24,0.076,0,5491737,1.0,6799444,6799444,6799444,23.755,78570393,0,4056096,544463,11.555,51154503
FRD,MRY,2013-12-31,2013-03-31,2013-03-31,2018-02-15,0,76575129,74025889,64283557,12291572,1.843,9.259,-499486,15923294,15923294,122047302,6135812,5.221,0.216,0,0,0,0,0,1790041,0,0.103,1.02,9145277,10935318,0.08,10935318,9145277,9145277,0.9,0.9,0.9,62957619,63805102,62957619,51051892,5,4.669,10996804,1.617,1.0,14401484,0.106,0,0,48339753,48336748,39219168,0,0,0,13617510,12312082,1305428,67654467,4041746,0,0,0,-6935433,-6935433,-519111,0,11496290,0,6135812,6135812,6135812,0,0,0.045,5314971,9086513,11181804,1.133,1.075,11.026,11.056,11278572,0,9.95,0.496,0.496,9037548,31454749,136448786,136448786,0,0.083,0.096,0.189,0.067,0,5314971,1.0,6799444,6799444,6799444,20.068,76575129,0,3009465,362279,11.262,51971475
FRD,MRY,2014-12-31,2014-03-31,2014-03-31,2018-02-15,0,72284399,71698832,59846668,12437731,1.62,9.311,-1907231,15081024,15081024,109086539,1712926,7.702,0.142,0,0,0,0,0,1823072,0,0.031,0.26,2536708,4359780,0.038,4359780,2536708,2536708,0.25,0.25,0.25,63310656,63073901,63310656,40230016,15,9.228,987586,0.145,1.0,7062483,0.061,0,0,49432686,48349836,35288559,0,0,0,8973743,7770689,1203054,57319312,-842270,0,0,0,-1767856,-1767856,-1969231,0,2894817,0,1712926,1712926,1712926,0,0,0.015,4587787,2474696,7206340,1.04,0.905,33.463,33.72,11362731,0,8.43,0.493,0.493,9347289,31807786,116149022,116149022,0,0.024,0.027,0.052,0.022,0,4587787,1.0,6799444,6799444,6799444,17.082,72284399,0,823782,189998,10.631,52075979
FRD,MRY,2015-12-31,2015-03-31,2015-03-31,2018-02-15,0,66958024,71859534,50117355,16840669,1.507,9.297,-5876205,2225924,2225924,103244712,382330,18.904,0.059,0,0,0,0,0,1721625,0,0.013,0.08,685816,2407441,0.022,2407441,685816,685816,0.06,0.06,0.06,63217025,63424315,63217025,35195743,51,14.62,-12250144,-1.802,1.0,5078068,0.047,0,0,62080989,57778522,40850666,0,0,0,3740999,2651111,1089888,42156552,-12855100,0,0,0,-543956,-543956,-5937205,0,-6373939,0,382330,382330,382330,0,0,0.004,4453292,624776,2148555,1.333,0.667,110.262,103.333,15517311,0,6.2,0.389,0.389,6896186,31714155,108322780,108322780,0,0.005,0.006,0.012,0.006,0,4453292,1.0,6799444,6799444,6799444,15.931,66958024,187358,303486,0,9.848,47466244
FRD,MRY,2016-12-31,2016-03-31,2016-03-31,2018-02-15,0,66890397,67611792,49701656,17188741,1.207,9.301,-2124649,2796762,2796762,76937738,294000,17.343,0.058,0,0,0,0,0,1673721,0,0.007,0.04,398681,2072402,0.025,2072402,398681,398681,0.04,0.04,0.04,63239047,63539634,63239047,32390715,81,15.63,901816,0.133,1.0,4693644,0.057,0,0,61227885,61287442,41939128,0,0,0,3651350,2865750,785600,36852986,570838,0,0,0,-271978,-271978,-2183649,0,3026465,0,294000,294000,294000,0,0,0.004,4670273,23371,2476699,1.0,0.583,125.35,135.5,15968239,0,5.42,0.451,0.451,4822386,31736177,81631382,81631382,0,0.004,0.005,0.007,0.005,0,4670273,1.0,6799444,6799444,6799444,12.006,66890397,408502,104681,0,9.838,46835906
FRD,MRY,2017-12-31,2017-03-31,2017-03-31,2018-02-15,0,63263297,64343381,45432836,17830461,1.208,8.611,-799331,1461695,1461695,77947677,-2678684,19.279,0.048,0,0,0,0,0,1594406,0,0.006,0.04,-4150816,-2556410,-0.033,-2556410,-4150816,-4150816,-0.39,-0.39,-0.39,60356425,60959388,60356425,39284993,-9,-15.367,-1001989,-0.146,1.0,-191622,-0.002,0,0,59445012,57653346,34918550,0,0,0,2906872,2356590,550282,45210913,-1335067,0,0,0,-274078,-274078,-858331,0,-202658,0,-2678684,-2678684,-2678684,0,0,-0.034,4018199,-4209821,2003661,-0.103,0.749,-16.878,-16.538,15173164,0,6.45,0.581,0.568,8939051,28781315,77756055,77756055,0,-0.042,-0.044,-0.072,-0.053,72240,4018199,1.0,7009444,6851944,6851944,11.348,63263297,2079297,-1472132,0,9.025,43076246
