ticker,dimension,calendardate,datekey,reportperiod,lastupdated,accoci,assets,assetsavg,assetsc,assetsnc,assetturnover,bvps,capex,cashneq,cashnequsd,cor,consolinc,currentratio,de,debt,debtc,debtnc,debtusd,deferredrev,depamor,deposits,divyield,dps,ebit,ebitda,ebitdamargin,ebitdausd,ebitusd,ebt,eps,epsdil,epsusd,equity,equityavg,equityusd,ev,evebit,evebitda,fcf,fcfps,fxusd,gp,grossmargin,intangibles,intexp,invcap,invcapavg,inventory,investments,investmentsc,investmentsnc,liabilities,liabilitiesc,liabilitiesnc,marketcap,ncf,ncfbus,ncfcommon,ncfdebt,ncfdiv,ncff,ncfi,ncfinv,ncfo,ncfx,netinc,netinccmn,netinccmnusd,netincdis,netincnci,netmargin,opex,opinc,payables,payoutratio,pb,pe,pe1,ppnenet,prefdivis,price,ps,ps1,receivables,retearn,revenue,revenueusd,rnd,roa,roe,roic,ros,sbcomp,sgna,sharefactor,sharesbas,shareswa,shareswadil,sps,tangibles,taxassets,taxexp,taxliabilities,tbvps,workingcapital
FUL,MRY,2011-12-31,2011-12-03,2011-12-03,2018-04-04,-89005000,1227709000,1234209250,596590000,631119000,1.17,14.41,-30292000,154649000,154649000,1040253000,89047000,2.34,0.735,232296000,52685000,179611000,232296000,0,39050000,0,0.013,0.295,131127000,170177000,0.118,170177000,131127000,120316000,1.82,1.79,1.82,705204000,709459750,705204000,1191326448,9,7.001,71248000,1.454,1.0,403832000,0.28,241605000,10811000,808766000,834129000,116443000,0,0,0,518245000,254985000,263260000,1102313448,22872000,-6000000,-813000,-21419000,-14550000,-42817000,-37762000,0,101540000,1911000,89105000,89105000,89105000,-8832000,-58000,0.062,294702000,109130000,104418000,0.162,1.563,12.371,12.291,242587000,0,22.37,0.763,0.759,217424000,720989000,1444085000,1444085000,0,0.072,0.126,0.157,0.091,6601000,286871000,1.0,49276417,48991000,49866000,29.477,986104000,0,31211000,7240000,20.15,341605000
FUL,MRY,2012-12-31,2012-12-01,2012-12-01,2018-04-04,-139626000,1786320000,1631326750,799344000,986976000,1.156,15.678,-34157000,200436000,200436000,1368963000,125855000,2.283,1.29,520225000,45113000,475112000,520225000,0,57416000,0,0.01,0.33,175894000,233310000,0.124,233310000,175894000,156101000,2.53,2.48,2.53,778273000,750115250,778273000,1963453840,11,8.416,60591000,1.222,1.0,517276000,0.274,487700000,19793000,1268290000,1162634750,208531000,0,0,0,1003641000,350119000,653522000,1638747840,45787000,-412606000,3068000,286038000,-16454000,273915000,-326532000,0,94748000,3656000,125622000,125622000,125622000,-57568000,233000,0.067,408719000,108557000,163062000,0.13,2.106,13.045,12.984,329016000,0,32.85,0.869,0.863,320152000,830031000,1886239000,1886239000,0,0.077,0.167,0.151,0.093,8465000,354735000,1.0,49885779,49571000,50618000,38.051,1298620000,0,30479000,24865000,26.161,449225000
FUL,MRY,2013-12-31,2013-11-30,2013-11-30,2018-04-04,-71962000,1873028000,1803193500,794694000,1078334000,1.135,18.636,-124540000,155121000,155121000,1476797000,97186000,2.203,1.008,492904000,20589000,472315000,492904000,0,61657000,0,0.008,0.385,155830000,217487000,0.106,217487000,155830000,136710000,1.94,1.89,1.94,930065000,846544750,930065000,2908252814,18,13.372,9290000,0.186,1.0,570171000,0.279,482504000,19120000,1367529000,1331817000,221537000,0,0,0,937850000,360778000,577072000,2575057814,-45315000,-8614000,-8747000,-23013000,-19334000,-48662000,-133154000,0,133830000,2671000,96761000,96761000,96761000,-1211000,425000,0.047,419756000,150415000,201575000,0.198,2.769,26.613,26.407,434387000,0,51.23,1.258,1.249,331125000,907308000,2046968000,2046968000,0,0.054,0.114,0.117,0.076,9641000,374669000,1.0,50264646,49893000,51136000,41.027,1390524000,0,39949000,10830000,27.862,433916000
FUL,MRY,2014-12-31,2014-11-29,2014-11-29,2018-04-04,-147352000,1869006000,1919111500,765136000,1103870000,1.097,17.764,-133683000,77569000,77569000,1571164000,50151000,2.412,1.094,574884000,27149000,547735000,574884000,0,70494000,0,0.011,0.46,103865000,174359000,0.083,174359000,103865000,84121000,1.0,0.97,1.0,890047000,932122500,890047000,2659404688,25,15.252,-103949000,-2.079,1.0,533290000,0.253,451910000,19744000,1597212000,1573586500,251290000,0,0,0,973902000,317199000,656703000,2172047688,-77552000,-26334000,-8658000,83352000,-23087000,54964000,-160017000,0,29734000,-2233000,49773000,49773000,49773000,0,378000,0.024,434950000,98340000,174494000,0.46,2.44,43.639,43.19,502634000,0,43.19,1.032,1.026,341307000,933819000,2104454000,2104454000,0,0.026,0.053,0.066,0.049,10019000,383449000,1.0,50290523,50006000,51255000,42.084,1417096000,0,34348000,13761000,28.283,447937000
FUL,MRY,2015-12-31,2015-11-28,2015-11-28,2018-04-04,-227284000,2042252000,2074780250,801051000,1241201000,1.004,17.409,-53298000,119168000,119168000,1515617000,87097000,2.292,1.334,722863000,53257000,669606000,722863000,0,75289000,0,0.013,0.51,167556000,242845000,0.117,242845000,167556000,142535000,1.72,1.69,1.72,872920000,882673000,872920000,2652569759,15,10.923,151937000,3.022,1.0,568043000,0.273,567197000,25021000,1729225000,1774611750,248504000,0,0,0,1164727000,349525000,815202000,2010812759,41599000,-217572000,-14659000,143127000,-25683000,104218000,-258821000,0,205235000,-9033000,86680000,86680000,86680000,1300000,417000,0.042,402212000,165831000,177864000,0.297,2.304,23.198,23.122,512860000,0,39.77,0.965,0.96,364704000,994608000,2083660000,2083660000,0,0.042,0.098,0.094,0.08,12723000,397558000,1.0,50561045,50274000,51393000,41.446,1475055000,0,55855000,8970000,29.418,451526000
FUL,MRY,2016-12-31,2016-12-03,2016-12-03,2018-04-04,-262729000,2055868000,2056593000,811253000,1244615000,1.018,18.691,-58978000,142245000,142245000,1484802000,124382000,2.07,1.187,703271000,117512000,585759000,703271000,0,77684000,0,0.012,0.55,201923000,279607000,0.133,279607000,201923000,174564000,2.48,2.42,2.48,937876000,925804250,937876000,2916395712,14,10.43,136710000,2.727,1.0,609803000,0.291,571607000,27359000,1653443000,1674653250,247399000,0,0,0,1113322000,391844000,721478000,2337927712,23077000,-52547000,-11959000,-14754000,-27518000,-52590000,-111525000,0,195688000,-8496000,124128000,124128000,124128000,0,254000,0.059,407470000,202333000,162964000,0.222,2.493,18.835,18.726,515275000,0,46.44,1.116,1.112,351130000,1090900000,2094605000,2094605000,0,0.06,0.134,0.121,0.096,11703000,407638000,1.0,50342974,50136000,51270000,41.778,1484261000,0,50436000,7985000,29.58,419409000
FUL,MRY,2017-12-31,2017-12-02,2017-12-02,2018-04-04,-200655000,4360646000,2754633250,1144992000,3215654000,0.837,20.724,-54262000,194398000,194398000,1702873000,58290000,2.268,3.178,2451910000,52983000,2398927000,2451910000,0,87315000,0,0.011,0.59,111029000,198344000,0.086,198344000,111029000,67328000,1.16,1.13,1.16,1043627000,1004132250,1043627000,3480399766,31,17.547,86528000,1.718,1.0,603170000,0.262,2338476000,43701000,3774769000,2367239750,359505000,0,0,0,3316626000,504913000,2811713000,2801021766,52153000,-1745415000,-4126000,1745045000,-29612000,1710190000,-1800927000,-1250000,140790000,2100000,58242000,58242000,58242000,0,48000,0.025,477030000,126140000,268467000,0.509,2.684,48.093,47.974,670194000,0,55.65,1.215,1.216,473700000,1119231000,2306043000,2306043000,0,0.021,0.058,0.047,0.048,15493000,477030000,1.0,50332826,50370000,51619000,45.782,2022170000,0,9086000,14335000,40.156,640079000
