ticker,dimension,calendardate,datekey,reportperiod,lastupdated,accoci,assets,assetsavg,assetsc,assetsnc,assetturnover,bvps,capex,cashneq,cashnequsd,cor,consolinc,currentratio,de,debt,debtc,debtnc,debtusd,deferredrev,depamor,deposits,divyield,dps,ebit,ebitda,ebitdamargin,ebitdausd,ebitusd,ebt,eps,epsdil,epsusd,equity,equityavg,equityusd,ev,evebit,evebitda,fcf,fcfps,fxusd,gp,grossmargin,intangibles,intexp,invcap,invcapavg,inventory,investments,investmentsc,investmentsnc,liabilities,liabilitiesc,liabilitiesnc,marketcap,ncf,ncfbus,ncfcommon,ncfdebt,ncfdiv,ncff,ncfi,ncfinv,ncfo,ncfx,netinc,netinccmn,netinccmnusd,netincdis,netincnci,netmargin,opex,opinc,payables,payoutratio,pb,pe,pe1,ppnenet,prefdivis,price,ps,ps1,receivables,retearn,revenue,revenueusd,rnd,roa,roe,roic,ros,sbcomp,sgna,sharefactor,sharesbas,shareswa,shareswadil,sps,tangibles,taxassets,taxexp,taxliabilities,tbvps,workingcapital
FXCH,MRY,2012-12-31,2012-10-31,2012-10-31,2018-03-12,0,3994026,5941160,3994026,0,0.0,53.236,0,3993682,3993682,0,-17628,2951.978,0.0,0,0,0,0,0,0,0,0.0,0.0,-17628,-17628,,-17628,-17628,-17628,-0.24,-0.24,-0.24,3992673,5939169,3992673,4162710,-236,-236.142,-18442,-0.246,1.0,0,,0,0,-1009,-1485,0,0,0,0,1353,1353,0,8076000,-3827984,0,-3940970,0,0,-3940970,0,0,-18442,131428,-17628,-17628,-17628,0,0,,23695,-23695,0,0.0,2.023,-458.135,-336.5,0,0,80.76,,,344,0,0,0,0,-0.003,-0.003,11.871,,0,0,1.0,100000,75000,75000,0.0,3994026,0,0,0,53.254,3992673
FXCH,MRY,2013-12-31,2013-10-31,2013-10-31,2018-03-12,0,8165384,7090541,8165384,0,0.0,107.365,0,8164681,8164681,0,-18394,2943.541,0.0,0,0,0,0,0,0,0,0.0,0.0,-18394,-18394,,-18394,-18394,-18394,-0.24,-0.24,-0.24,8162610,7088431,8162610,89705,-4,-4.877,-17327,-0.228,1.0,0,,0,0,-2071,1007830,0,0,0,0,2774,2774,0,8198000,4170999,0,4035313,0,0,4035313,0,0,-17327,153013,-18394,-18394,-18394,0,0,,24550,-24550,0,0.0,1.004,-445.689,-341.583,0,0,81.98,,,703,0,0,0,0,-0.003,-0.003,-0.018,,0,0,1.0,100000,76027,76027,0.0,8165384,0,0,0,107.401,8162610
FXCH,MRY,2014-12-31,2014-10-31,2014-10-31,2018-03-12,0,8089084,8069809,8089084,0,0.0,80.863,0,8088387,8088387,0,-24109,2943.626,0.0,0,0,0,0,0,0,0,0.0,0.0,-24109,-24109,,-24109,-24109,-24109,-0.24,-0.24,-0.24,8086336,8067090,8086336,22411,0,-0.93,-24113,-0.241,1.0,0,,0,0,-2051,-2030,0,0,0,0,2748,2748,0,8050000,-76294,0,0,0,0,0,0,0,-24113,-52181,-24109,-24109,-24109,0,0,,32297,-32297,0,0.0,0.996,-333.9,-335.417,0,0,80.5,,,697,0,0,0,0,-0.003,-0.003,11.875,,0,0,1.0,100000,100000,100000,0.0,8089084,0,0,0,80.891,8086336
FXCH,MRY,2015-12-31,2015-10-31,2015-10-31,2018-03-12,0,7815022,7904035,7815022,0,0.0,78.124,0,7814349,7814349,0,-23619,2944.62,0.0,0,0,0,0,0,0,0,0.0,0.0,-23619,-23619,,-23619,-23619,-23619,-0.24,-0.24,-0.24,7812368,7901372,7812368,-281911,11,11.936,-23621,-0.236,1.0,0,,0,0,-1981,-1987,0,0,0,0,2654,2654,0,7670000,-274038,0,0,0,0,0,0,0,-23621,-250417,-23619,-23619,-23619,0,0,,31640,-31640,0,0.0,0.982,-324.739,-319.583,0,0,76.7,,,673,0,0,0,0,-0.003,-0.003,11.882,,0,0,1.0,100000,100000,100000,0.0,7815022,0,0,0,78.15,7812368
FXCH,MRY,2016-12-31,2016-10-31,2016-10-31,2018-03-12,0,7264165,7446423,7264165,0,0.0,72.617,0,7263539,7263539,0,-22356,2951.713,0.0,0,0,0,0,0,0,0,0.0,0.0,-22356,-22356,,-22356,-22356,-22356,-0.22,-0.22,-0.22,7261704,7443921,7261704,-111684,4,4.996,-22366,-0.224,1.0,0,,0,0,-1835,-1866,0,0,0,0,2461,2461,0,7316000,-550810,0,0,0,0,0,0,0,-22366,-528444,-22356,-22356,-22356,0,0,,29976,-29976,0,0.0,1.007,-327.25,-332.545,0,0,73.16,,,626,0,0,0,0,-0.003,-0.003,11.981,,0,0,1.0,100000,100000,100000,0.0,7264165,0,0,0,72.642,7261704
FXCH,MRY,2017-12-31,2017-10-31,2017-10-31,2018-03-12,0,7406657,7263114,7406657,0,0.0,74.041,0,7406019,7406019,0,-21604,2943.822,0.0,0,0,0,0,0,0,0,0.0,0.0,-21604,-21604,,-21604,-21604,-21604,-0.22,-0.22,-0.22,7404141,7260667,7404141,147017,-6,-6.805,-21597,-0.216,1.0,0,,0,0,-1878,-1827,0,0,0,0,2516,2516,0,7449000,142480,0,0,0,0,0,0,0,-21597,164077,-21604,-21604,-21604,0,0,,28940,-28940,0,0.0,1.006,-344.797,-338.591,0,0,74.49,,,638,0,0,0,0,-0.003,-0.003,11.825,,0,0,1.0,100000,100000,100000,0.0,7406657,0,0,0,74.067,7404141
