ticker,dimension,calendardate,datekey,reportperiod,lastupdated,accoci,assets,assetsavg,assetsc,assetsnc,assetturnover,bvps,capex,cashneq,cashnequsd,cor,consolinc,currentratio,de,debt,debtc,debtnc,debtusd,deferredrev,depamor,deposits,divyield,dps,ebit,ebitda,ebitdamargin,ebitdausd,ebitusd,ebt,eps,epsdil,epsusd,equity,equityavg,equityusd,ev,evebit,evebitda,fcf,fcfps,fxusd,gp,grossmargin,intangibles,intexp,invcap,invcapavg,inventory,investments,investmentsc,investmentsnc,liabilities,liabilitiesc,liabilitiesnc,marketcap,ncf,ncfbus,ncfcommon,ncfdebt,ncfdiv,ncff,ncfi,ncfinv,ncfo,ncfx,netinc,netinccmn,netinccmnusd,netincdis,netincnci,netmargin,opex,opinc,payables,payoutratio,pb,pe,pe1,ppnenet,prefdivis,price,ps,ps1,receivables,retearn,revenue,revenueusd,rnd,roa,roe,roic,ros,sbcomp,sgna,sharefactor,sharesbas,shareswa,shareswadil,sps,tangibles,taxassets,taxexp,taxliabilities,tbvps,workingcapital
GCBC,MRY,2011-12-31,2011-06-30,2011-06-30,2018-05-14,519000,547525000,542201500,,,0.042,5.799,-1340000,9966000,9966000,0,5291000,,10.388,26300000,,,26300000,0,737000,469897000,0.051,0.45,8023000,8760000,0.383,8760000,8023000,8023000,0.64,0.635,0.64,48081000,46664250,48081000,56743697,7,6.478,8784000,1.062,1.0,22878000,1.0,0,0,563859000,533119750,0,517256000,,,499444000,,,73339697,323000,0,312000,200000,-1647000,47033000,-56834000,-55494000,10124000,0,5291000,5291000,5291000,0,0,0.231,14855000,8023000,0,0.703,1.525,13.861,13.82,15407000,0,8.845,3.206,3.197,0,37336000,22878000,22878000,0,0.01,0.113,0.015,0.351,220000,10493000,1.0,8291656,8269472,8330460,2.767,547525000,0,2732000,0,66.034,
GCBC,MRY,2012-12-31,2012-06-30,2012-06-30,2018-05-14,173000,590656000,571326000,,,0.042,6.31,-327000,7742000,7742000,0,5830000,,10.216,21000000,,,21000000,0,835000,511937000,0.037,0.35,8510000,9345000,0.392,9345000,8510000,8510000,0.7,0.695,0.7,52664000,51140500,52664000,55937834,6,5.986,10022000,1.206,1.0,23824000,1.0,0,0,603914000,563863500,0,562412000,,,537992000,,,77813834,-2224000,0,372000,-5300000,-1297000,35820000,-48393000,-48866000,10349000,0,5830000,5830000,5830000,0,0,0.245,15314000,8510000,0,0.5,1.478,13.347,13.336,14899000,0,9.335,3.266,3.257,0,41869000,23824000,23824000,0,0.01,0.114,0.015,0.357,14000,10735000,1.0,8335708,8312962,8394120,2.866,590656000,0,2680000,0,70.771,
GCBC,MRY,2013-12-31,2013-06-30,2013-06-30,2018-05-14,-750000,633605000,627315500,,,0.039,6.692,-187000,6222000,6222000,0,6371000,,10.293,14600000,,,14600000,0,737000,558439000,0.033,0.35,9043000,9780000,0.399,9780000,9043000,9043000,0.76,0.755,0.76,56108000,55109750,56108000,55714061,6,5.697,10148000,1.212,1.0,24492000,1.0,0,0,641983000,619290750,0,607227000,,,577497000,,,90142061,-1520000,0,124000,-6400000,-2128000,38098000,-49953000,-50212000,10335000,0,6371000,6371000,6371000,0,0,0.26,15449000,9043000,0,0.461,1.607,14.149,14.145,14349000,0,10.75,3.68,3.676,0,46112000,24492000,24492000,0,0.01,0.116,0.015,0.369,0,10898000,1.0,8385308,8374680,8446998,2.925,633605000,0,2672000,0,75.569,
GCBC,MRY,2014-12-31,2014-06-30,2014-06-30,2018-05-14,-1050000,674161000,669448500,,,0.038,7.262,-575000,13809000,13809000,0,6528000,,10.016,17650000,,,17650000,0,617000,589574000,0.026,0.35,9065000,9682000,0.384,9682000,9065000,9065000,0.775,0.77,0.775,61200000,59104000,61200000,70649835,7,7.297,10810000,1.285,1.0,25181000,1.0,0,0,678002000,665682250,0,639217000,,,612961000,,,111748835,7587000,0,172000,3050000,-1335000,33049000,-36847000,-36703000,11385000,0,6528000,6528000,6528000,0,0,0.259,16116000,9065000,0,0.452,1.826,17.118,17.11,14307000,0,13.26,4.438,4.43,0,51305000,25181000,25181000,0,0.01,0.11,0.014,0.36,-27000,11703000,1.0,8427514,8411890,8482512,2.994,674161000,0,2537000,0,79.996,
GCBC,MRY,2015-12-31,2015-06-30,2015-06-30,2018-05-14,-798000,738647000,721034000,,,0.038,7.925,-753000,15538000,15538000,0,7189000,,10.038,41700000,,,41700000,0,545000,622717000,0.025,0.36,9507000,10052000,0.365,10052000,9507000,9507000,0.85,0.85,0.85,66920000,65009000,66920000,112771950,11,11.219,12045000,1.428,1.0,27539000,1.0,0,0,764809000,736617750,0,702254000,,,671727000,,,120294950,1729000,0,61000,24050000,-1798000,55472000,-66541000,-66632000,12798000,0,7189000,7189000,7189000,0,0,0.261,18032000,9507000,0,0.424,1.798,16.733,16.759,14515000,0,14.245,4.368,4.364,0,56696000,27539000,27539000,0,0.01,0.111,0.013,0.345,-16000,12734000,1.0,8444714,8437342,8497374,3.264,738647000,0,2318000,0,87.469,
GCBC,MRY,2016-12-31,2016-06-30,2016-06-30,2018-05-14,-725000,868781000,821179250,,,0.037,8.767,-290000,15895000,15895000,0,8963000,,10.693,46400000,,,46400000,0,629000,738887000,0.023,0.37,11642000,12271000,0.402,12271000,11642000,11642000,1.06,1.06,1.06,74301000,71704250,74301000,119042715,10,9.701,13291000,1.571,1.0,30513000,1.0,0,0,899286000,834320250,0,832784000,,,794480000,,,137878715,357000,0,193000,4700000,-1854000,119215000,-132439000,-132833000,13581000,0,8963000,8963000,8963000,0,0,0.294,18871000,11642000,0,0.349,1.856,15.383,15.349,14176000,0,16.27,4.519,4.511,0,63805000,30513000,30513000,0,0.011,0.125,0.014,0.382,-6000,13318000,1.0,8474414,8459327,8476292,3.607,868781000,0,2679000,0,102.513,
GCBC,MRY,2017-12-31,2017-06-30,2017-06-30,2018-05-14,-992000,982291000,941469500,,,0.037,9.823,-76000,16277000,16277000,0,11187000,,10.761,29550000,,,29550000,0,637000,859535000,0.014,0.38,14928000,15565000,0.446,15565000,14928000,14928000,1.32,1.31,1.32,83521000,79815500,83521000,218834100,14,14.059,13972000,1.645,1.0,34895000,1.0,0,0,995564000,958500750,0,943776000,,,898770000,,,231271100,382000,0,169000,-16850000,-1920000,102098000,-115764000,-115900000,14048000,0,11187000,11187000,11187000,0,0,0.321,19967000,14928000,0,0.288,2.769,20.673,20.606,13615000,0,27.2,6.628,6.622,0,73072000,34895000,34895000,0,0.012,0.14,0.016,0.428,-51000,14483000,1.0,8502614,8495022,8513129,4.108,982291000,0,3741000,0,115.529,
