ticker,dimension,calendardate,datekey,reportperiod,lastupdated,accoci,assets,assetsavg,assetsc,assetsnc,assetturnover,bvps,capex,cashneq,cashnequsd,cor,consolinc,currentratio,de,debt,debtc,debtnc,debtusd,deferredrev,depamor,deposits,divyield,dps,ebit,ebitda,ebitdamargin,ebitdausd,ebitusd,ebt,eps,epsdil,epsusd,equity,equityavg,equityusd,ev,evebit,evebitda,fcf,fcfps,fxusd,gp,grossmargin,intangibles,intexp,invcap,invcapavg,inventory,investments,investmentsc,investmentsnc,liabilities,liabilitiesc,liabilitiesnc,marketcap,ncf,ncfbus,ncfcommon,ncfdebt,ncfdiv,ncff,ncfi,ncfinv,ncfo,ncfx,netinc,netinccmn,netinccmnusd,netincdis,netincnci,netmargin,opex,opinc,payables,payoutratio,pb,pe,pe1,ppnenet,prefdivis,price,ps,ps1,receivables,retearn,revenue,revenueusd,rnd,roa,roe,roic,ros,sbcomp,sgna,sharefactor,sharesbas,shareswa,shareswadil,sps,tangibles,taxassets,taxexp,taxliabilities,tbvps,workingcapital
GFN,MRY,2011-12-31,2011-06-30,2011-06-30,2018-05-09,4904000,387570000,375480250,,,0.485,4.229,-19824000,6574000,6574000,105358000,-8858000,,2.102,136589000,,,136589000,10292000,19165000,0,0.0,0.0,7536000,26701000,0.146,26701000,7536000,-12757000,-0.72,-0.72,-0.72,93089000,106456750,93089000,261902764,34,9.809,-1309000,-0.059,1.0,76906000,0.422,92306000,20293000,425279000,456989500,20942000,0,,,195678000,,,65819764,1774000,-880000,0,-68873000,0,3963000,-20704000,0,18515000,14000,-15715000,-15892000,-15892000,0,6857000,-0.087,67125000,9781000,32522000,0.0,0.707,-4.142,-4.153,232747000,177000,2.99,0.361,0.361,30498000,-25490000,182264000,182264000,0,-0.042,-0.149,0.016,0.041,693000,42102000,1.0,22013299,22013299,22013299,8.28,295264000,0,2958000,16275000,13.413,
GFN,MRY,2012-12-31,2012-06-30,2012-06-30,2018-05-09,5809000,437560000,413612750,,,0.513,4.415,-48310000,7085000,7085000,121203000,8742000,,2.506,174092000,,,174092000,12151000,18924000,0,0.0,0.0,20716000,39640000,0.187,39640000,20716000,7973000,0.11,0.11,0.11,97194000,95394250,97194000,234763822,11,5.922,-33125000,-1.505,1.0,91036000,0.429,86607000,12743000,517960000,478438250,31206000,0,,,243563000,,,70882822,792000,-4631000,8000,40828000,0,38856000,-53249000,0,15185000,-281000,2613000,2436000,2436000,0,6129000,0.011,64791000,26245000,35964000,0.0,0.729,29.098,29.273,272190000,177000,3.22,0.334,0.334,35443000,-22877000,212239000,212239000,0,0.006,0.026,0.043,0.098,901000,45867000,1.0,22013299,22013401,22299625,9.641,350953000,0,5360000,21356000,15.942,
GFN,MRY,2013-12-31,2013-06-30,2013-06-30,2018-05-09,-906000,473166000,477313750,,,0.514,6.24,-55842000,6278000,6278000,139823000,11413000,,1.705,162951000,,,162951000,15764000,22241000,0,0.0,0.0,22862000,45103000,0.184,45103000,22862000,11893000,0.16,0.16,0.16,140163000,111660750,140163000,312665209,13,6.932,-20950000,-0.945,1.0,105720000,0.431,85094000,10969000,544745000,575549750,31858000,0,,,239025000,,,103491209,400000,-14649000,8162000,-2370000,0,35218000,-69710000,0,34892000,-1207000,3698000,3545000,3545000,0,7715000,0.014,76229000,29491000,32238000,0.0,0.738,29.194,29.063,310005000,153000,4.65,0.421,0.42,34360000,-19179000,245543000,245543000,0,0.007,0.032,0.04,0.093,1316000,54418000,1.0,22256174,22160101,22633702,11.08,388072000,0,8195000,28072000,17.276,
GFN,MRY,2014-12-31,2014-06-30,2014-06-30,2018-05-09,1915000,668489000,563649500,,,0.509,6.206,-72647000,5846000,5846000,158081000,15149000,,2.594,302877000,,,302877000,14480000,27127000,0,0.0,0.0,30965000,58092000,0.202,58092000,30965000,19013000,0.16,0.15,0.16,158262000,147005000,158262000,450138232,14,7.749,-21099000,-0.857,1.0,129024000,0.449,136682000,11952000,828838000,685690750,27402000,0,,,410604000,,,243092232,872000,-90695000,8000,126308000,0,112909000,-163585000,0,51548000,-1304000,7393000,3904000,3904000,0,7756000,0.014,88983000,40041000,53838000,0.0,1.536,62.267,59.375,427166000,3489000,9.5,0.847,0.815,61474000,-11786000,287105000,287105000,0,0.007,0.027,0.045,0.108,1938000,62612000,1.0,25588656,24631284,25643565,11.656,531807000,0,11620000,39409000,20.853,
GFN,MRY,2015-12-31,2015-06-30,2015-06-30,2018-05-09,-12873000,687170000,699933500,,,0.434,5.671,-72151000,3716000,3716000,152449000,13045000,,3.083,356733000,,,356733000,13958000,38571000,0,0.0,0.0,36926000,75497000,0.248,75497000,36926000,15830000,0.13,0.13,0.13,146865000,152274000,146865000,499734314,13,6.619,-33902000,-1.314,1.0,151376000,0.498,140738000,21096000,899449000,905195750,36875000,0,,,452814000,,,135096314,-1761000,-34051000,556000,78073000,0,67420000,-107430000,0,38249000,-369000,7133000,3475000,3475000,0,5912000,0.011,108333000,43043000,37590000,0.0,0.92,38.877,40.154,450437000,3658000,5.22,0.445,0.443,47641000,-4653000,303825000,303825000,0,0.005,0.023,0.041,0.122,2174000,70602000,1.0,25880520,25805679,26233144,11.774,546432000,0,8697000,44533000,21.099,
GFN,MRY,2016-12-31,2016-06-30,2016-06-30,2018-05-09,-14129000,673574000,682796250,,,0.419,5.301,-14388000,9342000,9342000,161880000,-3286000,,3.241,352220000,,,352220000,14085000,38634000,0,0.0,0.0,12100000,50734000,0.177,50734000,12100000,-7548000,-0.35,-0.35,-0.35,138532000,141197750,138532000,463236999,38,9.131,34434000,1.321,1.0,123971000,0.434,135894000,19648000,880558000,891933250,34609000,0,,,448962000,,,110870999,7867000,-20658000,40000,1338000,0,-5577000,-35378000,0,48822000,-2241000,-5357000,-9025000,-9025000,0,2071000,-0.032,109588000,14383000,43476000,0.0,0.8,-12.285,-12.143,446296000,3668000,4.25,0.388,0.387,38067000,-10010000,285851000,285851000,0,-0.013,-0.064,0.014,0.042,2388000,68697000,1.0,26087294,26060823,26060823,10.969,537680000,0,-2191000,39181000,20.576,
GFN,MRY,2017-12-31,2017-06-30,2017-06-30,2018-05-09,-12355000,675314000,677508500,,,0.409,5.105,-25208000,7792000,7792000,150857000,-847000,,3.345,355638000,,,355638000,15548000,40092000,0,0.0,0.0,16666000,56758000,0.205,56758000,16666000,-2987000,-0.25,-0.25,-0.25,135146000,135815250,135146000,493303543,29,8.691,10099000,0.383,1.0,126071000,0.455,133898000,19653000,889262000,896818750,29648000,0,,,452066000,,,136169543,-1574000,-4993000,54000,2125000,0,-6159000,-30722000,0,35307000,24000,-2962000,-6620000,-6620000,0,2115000,-0.024,107005000,19066000,42774000,0.0,1.008,-20.569,-20.6,450663000,3658000,5.15,0.492,0.49,44390000,-12972000,276928000,276928000,0,-0.01,-0.049,0.019,0.06,1374000,67705000,1.0,26440688,26348344,26348344,10.51,541416000,0,-25000,38106000,20.452,
