ticker,dimension,calendardate,datekey,reportperiod,lastupdated,accoci,assets,assetsavg,assetsc,assetsnc,assetturnover,bvps,capex,cashneq,cashnequsd,cor,consolinc,currentratio,de,debt,debtc,debtnc,debtusd,deferredrev,depamor,deposits,divyield,dps,ebit,ebitda,ebitdamargin,ebitdausd,ebitusd,ebt,eps,epsdil,epsusd,equity,equityavg,equityusd,ev,evebit,evebitda,fcf,fcfps,fxusd,gp,grossmargin,intangibles,intexp,invcap,invcapavg,inventory,investments,investmentsc,investmentsnc,liabilities,liabilitiesc,liabilitiesnc,marketcap,ncf,ncfbus,ncfcommon,ncfdebt,ncfdiv,ncff,ncfi,ncfinv,ncfo,ncfx,netinc,netinccmn,netinccmnusd,netincdis,netincnci,netmargin,opex,opinc,payables,payoutratio,pb,pe,pe1,ppnenet,prefdivis,price,ps,ps1,receivables,retearn,revenue,revenueusd,rnd,roa,roe,roic,ros,sbcomp,sgna,sharefactor,sharesbas,shareswa,shareswadil,sps,tangibles,taxassets,taxexp,taxliabilities,tbvps,workingcapital
GHM,MRY,2011-12-31,2011-03-31,2011-03-31,2018-02-02,-5012000,118071000,109299000,77142000,40929000,0.679,7.426,-1965000,19565000,19565000,52384000,5874000,2.363,0.603,163000,47000,116000,163000,0,1648000,12854000,0.003,0.08,8852000,10500000,0.141,10500000,8852000,8760000,0.59,0.59,0.59,73655000,71530000,73655000,215012456,24,20.477,-12334000,-1.243,1.0,21851000,0.294,22432000,92000,43588000,55529500,8257000,23518000,23518000,0,44416000,32649000,11767000,235569456,15035000,-17899000,-638000,-68000,-790000,-1376000,26729000,46593000,-10369000,51000,5874000,5874000,5874000,0,0,0.079,13076000,8775000,9948000,0.136,3.198,40.104,40.576,11705000,0,23.94,3.173,3.199,22961000,64623000,74235000,74235000,0,0.054,0.082,0.159,0.119,478000,13076000,1.0,9839994,9919000,9958000,7.484,95639000,2015000,2886000,10741000,9.642,44493000
GHM,MRY,2012-12-31,2012-03-31,2012-03-31,2018-02-02,-8160000,114977000,118676500,76978000,37999000,0.869,8.17,-3238000,25189000,25189000,70551000,10553000,3.175,0.409,288000,85000,203000,288000,0,2024000,7257000,0.003,0.06,17153000,19177000,0.186,19177000,17153000,16677000,1.06,1.06,1.06,81620000,81369500,81620000,175352237,10,9.144,-633000,-0.064,1.0,32635000,0.316,22206000,476000,43622000,39307750,6047000,16499000,16499000,0,33357000,24248000,9109000,217559237,5624000,384000,165000,-81000,-793000,-1208000,4170000,7024000,2605000,57000,10553000,10553000,10553000,0,0,0.102,15540000,17095000,6303000,0.057,2.666,20.616,20.651,13453000,0,21.89,2.108,2.114,24260000,74383000,103186000,103186000,0,0.089,0.13,0.436,0.166,611000,15540000,1.0,9938750,9963000,9998000,10.357,92771000,4516000,6124000,9648000,9.286,52730000
GHM,MRY,2013-12-31,2013-03-31,2013-03-31,2018-02-02,-8033000,126733000,120652750,88903000,37830000,0.87,9.263,-1618000,24194000,24194000,73151000,11148000,3.574,0.363,214000,87000,127000,214000,0,2079000,6919000,0.004,0.11,15841000,17920000,0.171,17920000,15841000,15577000,1.11,1.11,1.11,92995000,87819250,92995000,219584704,13,12.254,10814000,1.078,1.0,31822000,0.303,22026000,264000,55850000,49832750,11171000,27498000,27498000,0,33738000,24877000,8861000,247456704,-995000,0,83000,-85000,-899000,-858000,-12602000,-10984000,12432000,33000,11148000,11148000,11148000,0,0,0.106,16560000,15262000,9429000,0.099,2.661,22.197,22.288,13288000,0,24.74,2.357,2.363,22553000,84632000,104973000,104973000,0,0.092,0.127,0.318,0.151,576000,16560000,1.0,10002292,10027000,10051000,10.469,104707000,2704000,4429000,7504000,10.43,64026000
GHM,MRY,2014-12-31,2014-03-31,2014-03-31,2018-02-02,-5765000,141634000,134580000,97456000,44178000,0.76,10.495,-5231000,32146000,32146000,70406000,10145000,3.733,0.337,216000,80000,136000,216000,0,2199000,8012000,0.004,0.13,14711000,16910000,0.165,16910000,14711000,14710000,1.01,1.0,1.01,105908000,101144750,105908000,287570731,19,17.006,9999000,0.993,1.0,31812000,0.311,21846000,1000,61748000,60032250,16518000,29000000,29000000,0,35726000,26110000,9616000,320829731,7952000,0,581000,-88000,-1308000,-544000,-6725000,-1494000,15230000,-9000,10145000,10145000,10145000,0,0,0.099,17195000,14617000,10084000,0.129,3.029,31.624,31.535,16449000,0,31.85,3.139,3.138,18169000,93469000,102218000,102218000,0,0.075,0.1,0.245,0.144,639000,17195000,1.0,10073147,10070000,10104000,10.151,119788000,1166000,4565000,8197000,11.871,71346000
GHM,MRY,2015-12-31,2015-03-31,2015-03-31,2018-02-02,-9056000,154003000,151599000,111047000,42956000,0.892,11.5,-5299000,27271000,27271000,93365000,14735000,3.682,0.321,158000,60000,98000,158000,0,2308000,4179000,0.008,0.2,21763000,24071000,0.178,24071000,21763000,21752000,1.46,1.45,1.46,116551000,113349250,116551000,213407387,9,8.866,980000,0.097,1.0,41804000,0.309,21666000,11000,75061000,67082250,13994000,33000000,33000000,0,37452000,30163000,7289000,242752387,-4875000,0,47000,-80000,-2026000,-1859000,-9299000,-4000000,6279000,4000,14735000,14735000,14735000,0,0,0.109,20230000,21574000,13334000,0.137,2.083,16.475,16.418,19812000,0,23.97,1.796,1.795,35914000,106178000,135169000,135169000,0,0.097,0.13,0.324,0.161,653000,18512000,1.0,10127342,10123000,10143000,13.353,132337000,339000,7017000,5876000,13.057,80884000
GHM,MRY,2016-12-31,2016-03-31,2016-03-31,2018-02-02,-10676000,143131000,149216500,102730000,40401000,0.603,11.217,-1150000,24072000,24072000,66784000,6131000,3.679,0.309,212000,55000,157000,212000,0,2435000,8400000,0.017,0.33,8740000,11175000,0.124,11175000,8740000,8730000,0.61,0.61,0.61,109380000,114955750,109380000,164291359,18,14.702,17601000,1.764,1.0,23255000,0.258,21486000,10000,69862000,72503500,10811000,41000000,41000000,0,33751000,27923000,5828000,195277359,-3199000,0,-9344000,-59000,-3296000,-12693000,-9150000,-8000000,18751000,-107000,6131000,6131000,6131000,0,0,0.068,14776000,8479000,10325000,0.541,1.785,31.851,32.639,18747000,0,19.91,2.169,2.206,24582000,109013000,90039000,90039000,0,0.041,0.053,0.121,0.097,697000,16565000,1.0,9808004,9976000,9983000,9.026,121645000,1652000,2599000,3546000,12.475,74807000
GHM,MRY,2017-12-31,2017-03-31,2017-03-31,2018-02-02,-8434000,151570000,148147000,110726000,40844000,0.619,11.719,-324000,39474000,39474000,69608000,5023000,3.456,0.328,250000,107000,143000,250000,0,2326000,12407000,0.016,0.36,7059000,9385000,0.102,9385000,7059000,7049000,0.52,0.52,0.52,114110000,110842500,114110000,186266070,26,19.847,12065000,1.242,1.0,22161000,0.241,21306000,10000,59002000,61618500,9246000,34000000,34000000,0,37460000,32038000,5422000,223769070,15402000,0,108000,-58000,-3492000,-3461000,6676000,7000000,12389000,-202000,5023000,5023000,5023000,0,0,0.055,15488000,6673000,10295000,0.692,1.961,44.549,44.231,17021000,0,23.0,2.438,2.435,27325000,110544000,91769000,91769000,0,0.034,0.045,0.115,0.077,627000,14858000,1.0,9729090,9716000,9728000,9.445,130264000,0,2026000,4368000,13.378,78688000
