ticker,dimension,calendardate,datekey,reportperiod,lastupdated,accoci,assets,assetsavg,assetsc,assetsnc,assetturnover,bvps,capex,cashneq,cashnequsd,cor,consolinc,currentratio,de,debt,debtc,debtnc,debtusd,deferredrev,depamor,deposits,divyield,dps,ebit,ebitda,ebitdamargin,ebitdausd,ebitusd,ebt,eps,epsdil,epsusd,equity,equityavg,equityusd,ev,evebit,evebitda,fcf,fcfps,fxusd,gp,grossmargin,intangibles,intexp,invcap,invcapavg,inventory,investments,investmentsc,investmentsnc,liabilities,liabilitiesc,liabilitiesnc,marketcap,ncf,ncfbus,ncfcommon,ncfdebt,ncfdiv,ncff,ncfi,ncfinv,ncfo,ncfx,netinc,netinccmn,netinccmnusd,netincdis,netincnci,netmargin,opex,opinc,payables,payoutratio,pb,pe,pe1,ppnenet,prefdivis,price,ps,ps1,receivables,retearn,revenue,revenueusd,rnd,roa,roe,roic,ros,sbcomp,sgna,sharefactor,sharesbas,shareswa,shareswadil,sps,tangibles,taxassets,taxexp,taxliabilities,tbvps,workingcapital
GIB,MRY,2011-12-31,2011-09-30,2011-09-30,2017-12-26,14572000,4657354000,4619781500,1380208000,3277146000,0.914,8.659,-64980000,136211000,130377393,0,438139000,0.719,0.983,1081219000,971550000,109669000,1034912859,152938000,223354000,244660000,0.0,0.0,537835000,761189000,0.18,728589013,514800755,537835000,1.65,1.59,1.579,2349231000,2249233000,2248618800,6138368782,11,8.425,505022000,1.862,1.045,4223942000,1.0,2828155000,0,853629000,1250089000,391066000,36539000,10166000,26373000,2308123000,1920578000,387545000,5103020389,-47856000,3486000,-255503000,-234019000,0,-491608000,-131014000,-12220000,570002000,4764000,438139000,438139000,419374507,0,0,0.104,3686988000,536954000,303641000,0.0,2.269,12.168,11.91,249901000,0,18.81,1.262,1.262,490484000,1057599000,4223942000,4043040208,0,0.095,0.195,0.43,0.127,16645000,3690960000,1.0,271292950,271292950,,14.903,1829199000,14134000,99696000,201216000,6.743,-540370000
GIB,MRY,2012-12-31,2012-09-30,2012-09-30,2017-12-26,294000,10690232000,7673793000,2715875000,7974357000,0.622,13.132,-64555000,113103000,114959597,0,131529000,0.899,2.123,3248408000,52347000,3196061000,3301730954,535902000,231398000,197986000,0.0,0.0,262926000,494324000,0.104,502438379,267241957,262926000,0.5,0.48,0.508,3422903000,2886067000,3479090308,7904750595,29,15.733,548707000,2.105,0.984,4772454000,1.0,6880913000,0,3922145000,2387887000,697132000,14459000,14459000,0,7267329000,3022479000,4244850000,7001413525,52430000,-2737358000,931317000,1354163000,0,2285480000,-2849034000,24070000,613262000,2722000,131529000,131529000,133688062,0,0,0.028,4477877000,294577000,1286031000,0.0,2.012,52.371,52.852,481480000,0,26.86,1.443,1.443,1412935000,1113225000,4772454000,4850794328,0,0.017,0.046,0.11,0.055,12520000,4226859000,1.0,260663199,260663199,,18.609,3809319000,388566000,131397000,324414000,14.614,-306604000
GIB,MRY,2013-12-31,2013-09-30,2013-09-30,2017-12-26,121855000,10879272000,10784752000,2683164000,8196108000,0.935,13.194,-141965000,106199000,102993332,0,455820000,0.771,1.682,2866550000,534173000,2332377000,2780021820,508267000,435944000,220279000,0.0,0.0,627622000,1063566000,0.105,1031461752,608676930,627622000,1.48,1.44,1.435,4055697000,3739300000,3933273851,13962012444,22,13.536,529292000,1.722,1.031,10084624000,1.0,7101955000,0,3055668000,3488906500,911848000,51892000,0,51892000,6823575000,3482000000,3341575000,10789012201,-6904000,-5140000,8780000,-454751000,0,-445971000,-233855000,15904000,671257000,1665000,455820000,455820000,442060855,0,0,0.045,9350749000,733875000,1119034000,0.0,2.743,24.406,24.454,475143000,0,35.1,1.103,1.103,1205625000,1551956000,10084624000,9780214813,0,0.042,0.122,0.18,0.062,31273000,9012310000,1.0,307379265,307379265,,31.818,3777317000,385450000,171802000,311687000,12.289,-798836000
GIB,MRY,2014-12-31,2014-09-30,2014-09-30,2017-12-26,228624000,11234052000,11056662000,2867584000,8366468000,0.95,16.071,-167798000,535715000,480093309,0,859443000,1.032,1.252,2679703000,80367000,2599336000,2401477430,457056000,444232000,292257000,0.0,0.0,1229518000,1673750000,0.159,1499969530,1101860813,1130250000,2.78,2.69,2.491,4988725000,4522211000,4470760564,13082381654,11,8.722,1007037000,3.244,1.116,10499692000,1.0,7241397000,99268000,3358424000,3207046000,807989000,84077000,0,84077000,6245327000,2778219000,3467108000,10482955904,429516000,0,-67956000,-308392000,0,-414064000,-321153000,-1729000,1174835000,-10102000,859443000,859443000,770209596,0,0,0.082,9257132000,1242560000,1060380000,0.0,2.345,13.611,13.555,486880000,0,33.77,1.114,1.114,1036068000,2356008000,10499692000,9409540299,0,0.078,0.19,0.383,0.117,31716000,9129791000,1.0,310422147,310422147,,30.312,3992655000,331940000,270807000,312255000,12.862,89365000
GIB,MRY,2015-12-31,2015-09-30,2015-09-30,2017-12-26,598226000,11787270000,11510661000,2965528000,8821742000,0.894,19.458,-109582000,305262000,227585990,0,977556000,0.954,0.938,2127087000,230906000,1896181000,1585835127,416329000,424044000,492965000,0.0,0.0,1421405000,1845449000,0.179,1375861847,1059718751,1328548000,3.14,3.04,2.341,6082169000,5535447000,4534519393,13162463427,12,9.567,1179728000,3.774,1.341,10287096000,1.0,7705794000,92857000,2795516000,3076970000,873099000,122820000,0,122820000,5705101000,3107785000,2597316000,11318678625,-230453000,0,-280482000,-901566000,0,-1303663000,-257127000,282000,1289310000,41027000,977556000,977556000,728810172,0,0,0.095,8854958000,1432138000,1113636000,0.0,2.496,15.53,15.468,473109000,0,36.21,1.476,1.476,1097863000,3057578000,10287096000,7669473885,0,0.085,0.177,0.462,0.138,30414000,8819055000,1.0,312584331,312584331,,24.536,4081476000,267133000,350992000,330549000,13.057,-142257000
GIB,MRY,2016-12-31,2016-09-30,2016-09-30,2017-12-26,304128000,11693332000,11740301000,3203656000,8489676000,0.91,20.918,-155262000,596529000,454394424,0,1068716000,1.153,0.809,1910975000,192036000,1718939000,1455648232,390367000,400060000,365994000,0.0,0.0,1531211000,1931271000,0.181,1471108318,1166370353,1452785000,3.51,3.42,2.674,6464608000,6273388500,4924290067,16023129326,13,10.892,1177812000,3.811,1.313,10683264000,1.0,7443114000,78426000,2786000000,2790758000,935496000,129383000,0,129383000,5228724000,2778664000,2450060000,14719863409,291267000,-38442000,-459596000,-182651000,0,-666304000,-382731000,15092000,1333074000,7228000,1068716000,1068716000,814073735,0,0,0.1,9150029000,1533235000,1107863000,0.0,2.989,18.082,17.814,439293000,0,47.63,1.809,1.809,1101606000,3778848000,10683264000,8137769652,0,0.091,0.17,0.549,0.143,38299000,9120929000,1.0,309046051,309046051,,26.332,4250218000,187774000,384069000,342989000,13.753,424992000
GIB,MRY,2017-12-31,2017-09-30,2017-09-30,2017-12-26,159391000,11396212000,11544772000,2863019000,8533193000,0.939,20.349,-109350000,165872000,132782580,0,1035195000,1.06,0.837,1862003000,122467000,1739536000,1490556356,409332000,377204000,314233000,0.0,0.0,1487689000,1864893000,0.172,1492869836,1190913384,1417897000,3.48,3.41,2.786,6202626000,6333617000,4965278578,16788997178,14,11.246,1249202000,4.098,1.249,10845066000,1.0,7550456000,69792000,2840337000,2813168500,922620000,111307000,0,111307000,5193586000,2701550000,2492036000,15810477116,-430657000,-283061000,-1192947000,9961000,0,-1182986000,-592256000,2098000,1358552000,-13967000,1035195000,1035195000,828686359,0,0,0.095,9356593000,1488473000,1004307000,0.0,3.184,19.079,18.62,396613000,0,51.87,1.821,1.821,1285880000,3794439000,10845066000,8681609029,0,0.09,0.163,0.529,0.137,34443000,9257659000,1.0,304809661,304809661,,28.482,3845756000,153143000,382702000,387617000,12.617,161469000
