ticker,dimension,calendardate,datekey,reportperiod,lastupdated,accoci,assets,assetsavg,assetsc,assetsnc,assetturnover,bvps,capex,cashneq,cashnequsd,cor,consolinc,currentratio,de,debt,debtc,debtnc,debtusd,deferredrev,depamor,deposits,divyield,dps,ebit,ebitda,ebitdamargin,ebitdausd,ebitusd,ebt,eps,epsdil,epsusd,equity,equityavg,equityusd,ev,evebit,evebitda,fcf,fcfps,fxusd,gp,grossmargin,intangibles,intexp,invcap,invcapavg,inventory,investments,investmentsc,investmentsnc,liabilities,liabilitiesc,liabilitiesnc,marketcap,ncf,ncfbus,ncfcommon,ncfdebt,ncfdiv,ncff,ncfi,ncfinv,ncfo,ncfx,netinc,netinccmn,netinccmnusd,netincdis,netincnci,netmargin,opex,opinc,payables,payoutratio,pb,pe,pe1,ppnenet,prefdivis,price,ps,ps1,receivables,retearn,revenue,revenueusd,rnd,roa,roe,roic,ros,sbcomp,sgna,sharefactor,sharesbas,shareswa,shareswadil,sps,tangibles,taxassets,taxexp,taxliabilities,tbvps,workingcapital
GIGM,MRY,2011-12-31,2011-12-31,2011-12-31,2018-04-30,14351000,191706000,229647500,118920000,72786000,0.15,14.38,-651000,66997000,66997000,14413000,-71578000,3.335,0.236,11774000,11774000,0,11774000,0,4394000,0,0.0,0.0,-71031000,-66637000,-1.939,-66637000,-71031000,-71457000,-6.55,-6.55,-6.55,156072000,186796500,156072000,-16878062,0,0.253,-13099000,-1.207,1.0,19954000,0.581,43971000,426000,56854000,79156000,0,57746000,42347000,15399000,36844000,35658000,1186000,46697937,-6992000,4750000,-5825000,-400000,0,-6225000,11551000,6563000,-12448000,130000,-71212000,-71212000,-71212000,0,-366000,-2.072,39636000,-19682000,1831000,0.0,0.299,-0.656,-0.634,4288000,0,4.15,1.359,1.311,6451000,-162951000,34367000,34367000,1956000,-0.31,-0.381,-0.897,-2.067,1165000,28180000,1.0,11252515,10853600,10853600,3.166,147735000,0,-245000,0,13.612,83262000
GIGM,MRY,2012-12-31,2012-12-31,2012-12-31,2018-04-30,-8379000,140394000,166050000,85135000,55259000,0.165,11.655,-353000,62731000,62731000,11388000,-16117000,3.933,0.19,7748000,7748000,0,7748000,3174000,3428000,0,0.0,0.0,-14372000,-10944000,-0.398,-10944000,-14372000,-14619000,-1.5,-1.5,-1.5,118231000,137151500,118231000,-6531823,0,0.597,-7676000,-0.757,1.0,16082000,0.585,32609000,247000,31155000,44004500,0,27288000,17773000,9515000,22501000,21647000,854000,48691176,-1266000,427000,0,-4348000,0,-4348000,11117000,8610000,-7323000,-712000,-15290000,-15290000,-15290000,0,-827000,-0.557,35954000,-19872000,324000,0.0,0.412,-3.185,-3.2,1949000,0,4.8,1.773,1.773,2829000,-178241000,27470000,27470000,1471000,-0.092,-0.111,-0.327,-0.523,179000,21761000,1.0,10143995,10144000,10144000,2.708,107785000,0,671000,0,10.625,63488000
GIGM,MRY,2013-12-31,2013-12-31,2013-12-31,2018-04-30,-3603000,103321000,121857500,83331000,19990000,0.123,8.719,-190000,58801000,58801000,7584000,-35061000,5.616,0.17,4361000,4361000,0,4361000,2441000,2315000,0,0.0,0.0,-34670000,-32355000,-2.152,-32355000,-34670000,-34719000,-3.43,-3.43,-3.43,88448000,103339500,88448000,-4379679,0,0.135,-4495000,-0.443,1.0,7448000,0.495,1461000,49000,32581000,31868000,0,33330000,21460000,11870000,15020000,14839000,181000,50603320,-3930000,3331000,2000,-3146000,0,-3144000,2954000,959000,-4305000,565000,-34780000,-34780000,-34780000,318000,-281000,-2.314,43183000,-35735000,1178000,0.0,0.572,-1.455,-1.454,1677000,0,4.989,3.366,3.366,2027000,-213021000,15032000,15032000,1698000,-0.285,-0.337,-1.088,-2.306,219000,11139000,1.0,10143995,10144000,10144000,1.482,101860000,0,61000,0,10.041,68492000
GIGM,MRY,2014-12-31,2014-12-31,2014-12-31,2018-04-30,-11487000,108304000,105812500,91158000,17146000,0.092,7.327,-418000,59631000,59631000,7835000,-4990000,3.335,0.37,18641000,18641000,0,18641000,1946000,1517000,0,0.0,0.0,-4985000,-3468000,-0.355,-3468000,-4985000,-5228000,-0.48,-0.48,-0.48,79019000,83733500,79019000,-6887210,1,1.986,-11256000,-1.044,1.0,1944000,0.199,222000,243000,39755000,36168000,0,39865000,29340000,10525000,29275000,27337000,1938000,47552790,830000,0,3593000,15232000,0,18825000,-7635000,-7103000,-10838000,478000,-5155000,-5155000,-5155000,0,165000,-0.527,14158000,-12214000,771000,0.0,0.602,-9.225,-9.766,1663000,0,4.688,4.863,5.17,1298000,-218176000,9779000,9779000,892000,-0.049,-0.062,-0.138,-0.51,21000,13086000,1.0,10144595,10785000,10785000,0.907,108082000,0,-73000,0,10.022,63821000
GIGM,MRY,2015-12-31,2015-12-31,2015-12-31,2018-04-30,-22335000,81195000,94749500,74498000,6697000,0.108,5.971,-135000,72432000,72432000,8889000,-2288000,5.526,0.23,6093000,6093000,0,6093000,1750000,539000,0,0.0,0.0,-2475000,-1936000,-0.189,-1936000,-2475000,-2657000,-0.2,-0.2,-0.2,65991000,72505000,65991000,-7501433,3,3.875,-16980000,-1.536,1.0,1362000,0.133,88000,182000,1286000,20520500,0,4528000,4000,4524000,15204000,13482000,1722000,33488566,12801000,-78000,0,-12281000,0,-12281000,41174000,41583000,-16845000,753000,-2243000,-2243000,-2243000,0,-45000,-0.219,17228000,-15866000,320000,0.0,0.507,-14.93,-15.15,1391000,0,3.03,3.267,3.267,1246000,-220419000,10251000,10251000,688000,-0.024,-0.031,-0.121,-0.241,65000,14472000,1.0,11052332,11052000,11052000,0.928,81107000,0,-414000,0,7.339,61016000
GIGM,MRY,2016-12-31,2016-12-31,2016-12-31,2018-04-30,-22611000,70327000,75761000,68882000,1445000,0.118,5.398,1454000,66211000,66211000,4138000,-6066000,7.655,0.179,2480000,2480000,0,2480000,1868000,273000,0,0.0,0.0,-7134000,-6861000,-0.765,-6861000,-7134000,-7215000,-0.55,-0.55,-0.55,59658000,62824500,59658000,-34066473,4,4.965,-4234000,-0.383,1.0,4833000,0.539,0,81000,-2402000,-558000,0,75000,3000,72000,10669000,8998000,1671000,32272526,-6221000,390000,0,-3722000,0,-3732000,3253000,1438000,-5688000,-54000,-6066000,-6066000,-6066000,0,0,-0.676,10579000,-5746000,266000,0.0,0.541,-5.32,-5.309,7000,0,2.92,3.597,3.597,871000,-226485000,8971000,8971000,1045000,-0.08,-0.097,12.785,-0.795,9000,8971000,1.0,11052235,11052000,11052000,0.812,70327000,0,-1149000,1671000,6.363,59884000
GIGM,MRY,2017-12-31,2017-12-31,2017-12-31,2018-04-30,-21983000,66413000,68370000,65511000,902000,0.17,5.552,-191000,64177000,64177000,5098000,1086000,12.978,0.082,0,0,0,0,1863000,55000,0,0.0,0.0,-551000,-496000,-0.043,-496000,-551000,-585000,0.1,0.1,0.1,61365000,60511500,61365000,-30133310,54,60.753,-1301000,-0.118,1.0,6498000,0.56,3000,34000,-2815000,-2608500,0,0,0,0,5048000,5048000,0,33597689,-2034000,1058000,0,-3617000,0,-2631000,935000,2000,-1110000,772000,1086000,1086000,1086000,0,0,0.094,6988000,-490000,314000,0.0,0.548,30.937,30.399,158000,0,3.04,2.897,2.897,751000,-225399000,11596000,11596000,1072000,0.016,0.018,0.211,-0.048,-7000,7521000,1.0,11052235,11052000,11052000,1.049,66410000,0,-1671000,0,6.009,60463000
