ticker,dimension,calendardate,datekey,reportperiod,lastupdated,accoci,assets,assetsavg,assetsc,assetsnc,assetturnover,bvps,capex,cashneq,cashnequsd,cor,consolinc,currentratio,de,debt,debtc,debtnc,debtusd,deferredrev,depamor,deposits,divyield,dps,ebit,ebitda,ebitdamargin,ebitdausd,ebitusd,ebt,eps,epsdil,epsusd,equity,equityavg,equityusd,ev,evebit,evebitda,fcf,fcfps,fxusd,gp,grossmargin,intangibles,intexp,invcap,invcapavg,inventory,investments,investmentsc,investmentsnc,liabilities,liabilitiesc,liabilitiesnc,marketcap,ncf,ncfbus,ncfcommon,ncfdebt,ncfdiv,ncff,ncfi,ncfinv,ncfo,ncfx,netinc,netinccmn,netinccmnusd,netincdis,netincnci,netmargin,opex,opinc,payables,payoutratio,pb,pe,pe1,ppnenet,prefdivis,price,ps,ps1,receivables,retearn,revenue,revenueusd,rnd,roa,roe,roic,ros,sbcomp,sgna,sharefactor,sharesbas,shareswa,shareswadil,sps,tangibles,taxassets,taxexp,taxliabilities,tbvps,workingcapital
GIL,MRY,2011-12-31,2011-10-02,2011-10-02,2018-02-24,-676000,1858499000,1596501000,875642000,982857000,1.081,5.402,-155178000,82025000,82025000,1288106000,234156000,2.939,0.418,209000000,0,209000000,209000000,0,0,0,0.009,0.117,221075000,221075000,0.128,221075000,221075000,214933000,0.965,0.955,0.965,1311090000,1209497000,1311090000,2877293628,13,13.015,8461000,0.035,1.0,437606000,0.254,403586000,6142000,1283928000,1052880500,568311000,13038000,0,13038000,547409000,297960000,249449000,3135735628,-168818000,-328017000,-8672000,191767000,-27496000,155599000,-487971000,0,163639000,-85000,234156000,234156000,234156000,0,0,0.136,217035000,220571000,297960000,0.121,2.392,13.392,13.389,550324000,0,12.92,1.817,1.817,191594000,1194804000,1725712000,1725712000,0,0.147,0.194,0.21,0.128,0,198858000,1.0,242703996,242703996,,7.11,1454913000,515000,-19223000,11977000,5.995,577682000
GIL,MRY,2012-12-31,2012-09-30,2012-09-30,2018-02-24,-7075000,1896437000,1877468000,912600000,983837000,1.038,5.878,-71316000,70410000,70410000,1552128000,148464000,3.559,0.33,181000000,0,181000000,181000000,0,0,0,0.01,0.155,155725000,155725000,0.08,155725000,155725000,144127000,0.61,0.61,0.61,1426341000,1368715500,1426341000,3963949633,25,25.455,148266000,0.611,1.0,396125000,0.203,403814000,11598000,1346771000,1315349500,553068000,12126000,0,12126000,470096000,256442000,213654000,3843751633,-11615000,-86773000,-4489000,-28000000,-36615000,-69104000,-162019000,1509000,219582000,-74000,148464000,148464000,148464000,0,0,0.076,240997000,155128000,256442000,0.254,2.695,25.89,25.967,552437000,0,15.84,1.973,1.973,257595000,1306724000,1948253000,1948253000,0,0.079,0.108,0.118,0.08,0,226035000,1.0,242661088,242661088,,8.029,1492623000,4824000,-4337000,0,6.151,656158000
GIL,MRY,2013-12-31,2013-09-29,2013-09-29,2018-02-24,-656000,2043651000,1970044000,980712000,1062939000,1.109,7.07,-162643000,97368000,97368000,1550266000,320178000,3.389,0.189,0,0,0,0,0,0,0,0.008,0.18,342732000,342732000,0.157,342732000,342732000,330719000,1.32,1.305,1.32,1719426000,1572883500,1719426000,5826840994,17,17.001,264513000,1.088,1.0,634037000,0.29,397636000,12013000,1259233000,1303002000,595794000,0,0,0,324225000,289414000,34811000,5716250994,26958000,-5178000,-3607000,-181000000,-43723000,-228330000,-172136000,0,427156000,268000,320178000,320178000,320178000,0,0,0.147,291351000,342686000,289414000,0.136,3.325,17.853,17.807,655869000,0,23.505,2.617,2.617,255018000,1583346000,2184303000,2184303000,0,0.163,0.204,0.263,0.157,0,282563000,1.0,243192980,243192980,,8.982,1646015000,2143000,10541000,0,6.768,691298000
GIL,MRY,2014-12-31,2014-10-05,2014-10-05,2018-02-24,-7732000,2593044000,2318347500,1247404000,1345640000,1.018,8.299,-286553000,65163000,65163000,1701311000,359552000,3.383,0.281,157000000,0,157000000,157000000,0,0,0,0.008,0.217,369421000,369421000,0.157,369421000,369421000,366524000,1.475,1.46,1.475,2023533000,1871479500,2023533000,6499119170,17,17.593,-22453000,-0.092,1.0,658683000,0.279,463798000,2897000,1852371000,1555802000,779407000,0,0,0,569511000,368712000,200799000,6596487170,-32205000,-96838000,-10165000,157000000,-53180000,93655000,-389541000,0,264100000,-419000,359552000,359552000,359552000,0,0,0.152,289262000,369421000,368712000,0.147,3.26,18.346,18.342,873726000,0,27.055,2.795,2.795,354265000,1885892000,2359994000,2359994000,0,0.155,0.192,0.237,0.157,0,286015000,1.0,243817674,243817674,,9.679,2129246000,1439000,6972000,349000,8.733,878692000
GIL,MRY,2015-12-31,2016-01-03,2016-01-03,2018-02-24,1093000,2834280000,,1253614000,1580666000,,8.935,-319374000,50675000,50675000,2229130000,304914000,5.375,0.295,375000000,0,375000000,375000000,0,0,0,0.009,0.26,327237000,327237000,0.111,327237000,327237000,309440000,1.26,1.25,1.26,2188443000,,2188443000,7053098643,21,21.553,34250000,0.14,1.0,730108000,0.247,527379000,17797000,2398005000,,851033000,0,0,0,645837000,233221000,412616000,6961261643,-14488000,-98337000,-78950000,218000000,-79687000,59363000,-425256000,0,353624000,-2219000,304914000,304914000,304914000,0,0,0.103,402871000,327237000,232268000,0.206,3.181,22.83,22.556,1044389000,0,28.42,2.352,2.352,306132000,2022846000,2959238000,2959238000,0,,,,0.111,0,387963000,1.0,244942352,244942352,,12.081,2306901000,2793000,4526000,953000,9.418,1020393000
GIL,MRY,2016-12-31,2017-01-01,2017-01-01,2018-02-24,40611000,2990144000,2912212000,1340525000,1649619000,0.888,8.693,-128575000,38197000,38197000,1865367000,346638000,5.682,0.411,600000000,0,600000000,600000000,0,0,0,0.012,0.312,371524000,371524000,0.144,371524000,371524000,351838000,1.47,1.47,1.47,2119647000,2154045000,2119647000,6510557698,17,17.524,409323000,1.679,1.0,719703000,0.278,556329000,19686000,2759690000,2578847500,954876000,0,0,0,870497000,235928000,634569000,6186232698,-12478000,-163947000,-392242000,225000000,-74382000,-246320000,-303355000,0,537898000,-701000,346638000,346638000,346638000,0,0,0.134,348179000,371524000,234062000,0.212,2.919,17.846,17.259,1076883000,0,25.37,2.393,2.393,277733000,1903525000,2585070000,2585070000,0,0.119,0.161,0.144,0.144,0,336433000,1.0,243840469,243840469,,10.601,2433815000,1500000,5200000,1866000,9.981,1104597000
GIL,MRY,2017-12-31,2017-12-31,2017-12-31,2018-02-24,13540000,2980705000,2985424500,1307881000,1672824000,0.921,8.91,-91409000,52795000,52795000,1949597000,362334000,5.06,0.453,630000000,0,630000000,630000000,0,0,0,0.012,0.376,401002000,401002000,0.146,401002000,401002000,376816000,1.62,1.61,1.62,2051375000,2085511000,2051375000,7998532260,19,19.946,521951000,2.267,1.0,801219000,0.291,628176000,24186000,2671258000,2715474000,945738000,0,0,0,929330000,258476000,670854000,7436729260,14598000,-115776000,-329996000,30000000,-84822000,-389338000,-210030000,0,613360000,606000,362334000,362334000,362334000,0,0,0.132,400217000,401002000,258476000,0.232,3.625,20.525,19.938,1035818000,0,32.3,2.703,2.703,243365000,1853457000,2750816000,2750816000,0,0.121,0.174,0.148,0.146,0,377323000,1.0,230239296,230239296,,11.948,2352529000,3891000,14482000,3713000,10.218,1049405000
