ticker,dimension,calendardate,datekey,reportperiod,lastupdated,accoci,assets,assetsavg,assetsc,assetsnc,assetturnover,bvps,capex,cashneq,cashnequsd,cor,consolinc,currentratio,de,debt,debtc,debtnc,debtusd,deferredrev,depamor,deposits,divyield,dps,ebit,ebitda,ebitdamargin,ebitdausd,ebitusd,ebt,eps,epsdil,epsusd,equity,equityavg,equityusd,ev,evebit,evebitda,fcf,fcfps,fxusd,gp,grossmargin,intangibles,intexp,invcap,invcapavg,inventory,investments,investmentsc,investmentsnc,liabilities,liabilitiesc,liabilitiesnc,marketcap,ncf,ncfbus,ncfcommon,ncfdebt,ncfdiv,ncff,ncfi,ncfinv,ncfo,ncfx,netinc,netinccmn,netinccmnusd,netincdis,netincnci,netmargin,opex,opinc,payables,payoutratio,pb,pe,pe1,ppnenet,prefdivis,price,ps,ps1,receivables,retearn,revenue,revenueusd,rnd,roa,roe,roic,ros,sbcomp,sgna,sharefactor,sharesbas,shareswa,shareswadil,sps,tangibles,taxassets,taxexp,taxliabilities,tbvps,workingcapital
GIS,MRY,2011-12-31,2011-05-29,2011-05-29,2018-03-21,-1010800000,18674500000,18386250000,3902000000,14772500000,0.809,9.971,-644700000,619600000,619600000,8926700000,1803500000,1.066,1.895,6885100000,1342600000,5542500000,6885100000,0,472600000,0,0.029,1.12,2865700000,3338300000,0.224,3338300000,2865700000,2519400000,2.8,2.7,2.8,6365500000,5749025000,6365500000,31391446083,10,9.403,886400000,1.388,1.0,5953500000,0.4,10564100000,346300000,10716700000,10337075000,1609300000,0,0,0,12062300000,3659200000,8403100000,25082946083,-53600000,-90700000,-753100000,450000000,-729400000,-940900000,-715100000,0,1531100000,71300000,1798300000,1798300000,1798300000,0,5200000,0.121,3179000000,2774500000,995100000,0.4,3.94,13.948,14.032,3345900000,0,39.29,1.686,1.686,1162300000,9191300000,14880200000,14880200000,0,0.098,0.313,0.277,0.193,-900000,3192000000,1.0,638405347,638405347,,23.308,8110400000,27300000,721100000,1127400000,12.704,242800000
GIS,MRY,2012-12-31,2012-05-27,2012-05-27,2018-03-21,-1743700000,21096800000,21473950000,3691400000,17405400000,0.776,9.921,-673700000,471200000,471200000,10613200000,1589100000,0.961,2.081,7429600000,1267700000,6161900000,7429600000,0,541500000,0,0.031,1.22,2628800000,3170300000,0.19,3170300000,2628800000,2276900000,2.42,2.35,2.42,6421700000,6604975000,6421700000,32446233453,12,10.234,1733500000,2.678,1.0,6044700000,0.363,12887400000,351900000,11324600000,11336850000,1478800000,0,0,0,13366300000,3843200000,9523100000,25296833453,-148400000,-1072300000,-79500000,168300000,-800100000,-666600000,-1870800000,-131600000,2407200000,-18200000,1567300000,1567300000,1567300000,0,21800000,0.094,3482300000,2562400000,1148900000,0.504,3.939,16.14,16.149,3652700000,0,39.08,1.519,1.519,1323600000,9958500000,16657900000,16657900000,0,0.073,0.237,0.232,0.158,45200000,3380700000,1.0,647308942,647308942,,25.734,8209400000,59700000,709600000,1171400000,12.682,-151800000
GIS,MRY,2013-12-31,2013-05-26,2013-05-26,2018-03-21,-1585300000,22658000000,22759900000,4298900000,18359100000,0.781,10.35,-589700000,741400000,741400000,11350200000,1892500000,0.812,2.182,7969100000,2043000000,5926100000,7969100000,0,588000000,0,0.027,1.32,2913300000,3501300000,0.197,3501300000,2913300000,2596400000,2.86,2.79,2.86,6672200000,6829450000,6672200000,38882728709,13,11.105,2336300000,3.624,1.0,6423900000,0.361,13637300000,316900000,10954500000,11258975000,1545500000,0,0,0,14562000000,5293900000,9268100000,31575328709,270200000,-938400000,-744100000,414300000,-867600000,-1140200000,-1515400000,16200000,2926000000,-200000,1855200000,1855200000,1855200000,0,37300000,0.104,3572100000,2851800000,1423200000,0.462,4.732,17.02,17.126,3878100000,0,48.98,1.776,1.776,1446400000,10702600000,17774100000,17774100000,0,0.082,0.272,0.259,0.164,-2600000,3552300000,1.0,644657589,644657589,,27.571,9020700000,128000000,741200000,1389100000,13.993,-995000000
GIS,MRY,2014-12-31,2014-05-25,2014-05-25,2018-03-21,-1340300000,23145700000,23041850000,4393500000,18752200000,0.777,10.634,-656900000,867300000,867300000,11539800000,1861300000,0.81,2.319,8785800000,2362300000,6423500000,8785800000,0,585400000,0,0.029,1.55,3010100000,3595500000,0.201,3595500000,3010100000,2707700000,2.9,2.83,2.9,6534800000,6575050000,6534800000,41147425604,13,11.444,1884100000,3.066,1.0,6369800000,0.356,13664800000,302400000,11975900000,12088050000,1559400000,0,0,0,15156200000,5423500000,9732700000,33065825604,125900000,66700000,-1637200000,801100000,-983300000,-1824100000,-561800000,29300000,2541000000,-29200000,1824400000,1824400000,1824400000,0,36900000,0.102,3412400000,2957400000,1611300000,0.534,5.06,18.124,18.555,3941900000,0,53.81,1.846,1.846,1483600000,11787200000,17909600000,17909600000,0,0.079,0.277,0.249,0.168,39200000,3474300000,1.0,614492206,614492206,,29.145,9480900000,74100000,883300000,1666000000,15.429,-1030000000
GIS,MRY,2015-12-31,2015-05-31,2015-05-31,2018-03-21,-2310700000,21832000000,23197900000,3685600000,18146400000,0.76,8.382,-701400000,334200000,334200000,11681100000,1259400000,0.754,3.134,9191500000,1616200000,7575300000,9191500000,0,588300000,0,0.03,1.67,2123500000,2711800000,0.154,2711800000,2123500000,1808100000,2.02,1.97,2.02,4996700000,5578125000,4996700000,42977351141,20,15.848,1841400000,3.089,1.0,5949200000,0.337,13551900000,315400000,12247300000,12633225000,1540900000,0,0,0,15660400000,4890100000,10770300000,33470451141,-533100000,-924700000,-998200000,597600000,-1017700000,-1384800000,-1602200000,27900000,2542800000,-88900000,1221300000,1221300000,1221300000,0,38100000,0.069,3871900000,2077300000,1684000000,0.827,6.699,27.406,27.797,3783300000,0,56.15,1.898,1.898,1386700000,11990800000,17630300000,17630300000,0,0.053,0.219,0.168,0.12,31800000,3328000000,1.0,596089958,596089958,,29.577,8280100000,0,586800000,1450200000,13.891,-1204500000
GIS,MRY,2016-12-31,2016-05-29,2016-05-29,2018-03-21,-2612200000,21712300000,21813875000,3937200000,17775100000,0.759,8.294,-724900000,763700000,763700000,10733600000,1736800000,0.785,3.156,8430900000,1373200000,7057700000,8430900000,0,608100000,0,0.028,1.78,2756400000,3364500000,0.203,3364500000,2756400000,2452600000,2.83,2.77,2.83,4930200000,4891275000,4930200000,45355524694,16,13.481,1904900000,3.205,1.0,5829500000,0.352,13279800000,303800000,11085000000,11614875000,1413700000,0,0,0,15559600000,5014700000,10544900000,37370024694,429500000,808400000,-434800000,-781700000,-1071700000,-2285600000,93400000,21100000,2629800000,-8100000,1697400000,1697400000,1697400000,0,39400000,0.102,3270300000,2559200000,2046500000,0.629,7.58,22.016,22.216,3743600000,0,62.87,2.256,2.256,1360800000,12616500000,16563100000,16563100000,0,0.078,0.347,0.237,0.166,-4300000,3118900000,1.0,594401538,594401538,,27.865,8432500000,0,755200000,1399600000,14.187,-1077500000
GIS,MRY,2017-12-31,2017-05-28,2017-05-28,2018-03-21,-2244500000,21812600000,21749525000,4061400000,17751200000,0.718,7.512,-680200000,766100000,766100000,10056000000,1701100000,0.762,3.747,9481700000,1838800000,7642900000,9481700000,0,603600000,0,0.033,1.92,2607800000,3211400000,0.206,3211400000,2607800000,2312700000,2.82,2.77,2.82,4327900000,4370050000,4327900000,41848081242,16,13.031,1633100000,2.835,1.0,5563800000,0.356,13277600000,295100000,11919800000,11452925000,1483600000,0,0,0,16216200000,5330800000,10885400000,33024081242,2400000,20800000,-1538900000,1034500000,-1135100000,-1645500000,-646900000,13000000,2313300000,-18500000,1657500000,1657500000,1657500000,0,43600000,0.106,2983900000,2579900000,2119800000,0.681,7.631,19.924,20.326,3687700000,0,57.32,2.114,2.114,1430100000,13138900000,15619800000,15619800000,0,0.076,0.379,0.228,0.167,31600000,2801300000,1.0,576135402,576135402,,27.111,8535000000,0,655200000,1719400000,14.814,-1269400000
