ticker,dimension,calendardate,datekey,reportperiod,lastupdated,accoci,assets,assetsavg,assetsc,assetsnc,assetturnover,bvps,capex,cashneq,cashnequsd,cor,consolinc,currentratio,de,debt,debtc,debtnc,debtusd,deferredrev,depamor,deposits,divyield,dps,ebit,ebitda,ebitdamargin,ebitdausd,ebitusd,ebt,eps,epsdil,epsusd,equity,equityavg,equityusd,ev,evebit,evebitda,fcf,fcfps,fxusd,gp,grossmargin,intangibles,intexp,invcap,invcapavg,inventory,investments,investmentsc,investmentsnc,liabilities,liabilitiesc,liabilitiesnc,marketcap,ncf,ncfbus,ncfcommon,ncfdebt,ncfdiv,ncff,ncfi,ncfinv,ncfo,ncfx,netinc,netinccmn,netinccmnusd,netincdis,netincnci,netmargin,opex,opinc,payables,payoutratio,pb,pe,pe1,ppnenet,prefdivis,price,ps,ps1,receivables,retearn,revenue,revenueusd,rnd,roa,roe,roic,ros,sbcomp,sgna,sharefactor,sharesbas,shareswa,shareswadil,sps,tangibles,taxassets,taxexp,taxliabilities,tbvps,workingcapital
GME,MRY,2011-12-31,2012-01-28,2012-01-28,2018-04-02,169700000,4847400000,4936700000,1997300000,2850100000,1.935,22.173,-165100000,655000000,655000000,6871000000,338500000,1.222,0.594,0,0,0,0,0,188600000,0,0.0,0.0,571200000,759800000,0.08,759800000,571200000,550500000,2.43,2.41,2.43,3042100000,2997350000,3042100000,2999935911,5,3.948,476700000,3.407,1.0,2679500000,0.281,2228100000,20700000,330400000,704100000,1137500000,0,0,0,1807200000,1633900000,173300000,3317835911,-38700000,-30100000,-244000000,-250000000,0,-492600000,-201600000,0,641800000,13700000,339900000,339900000,339900000,0,-1400000,0.036,2109600000,569900000,804300000,0.0,1.091,9.761,10.008,573300000,0,24.32,0.347,0.356,64400000,2145700000,9550500000,9550500000,0,0.069,0.113,0.811,0.06,17400000,1842100000,1.0,136424174,139900000,141000000,68.267,2619300000,44700000,210600000,146900000,19.091,363400000
GME,MRY,2012-12-31,2013-02-02,2013-02-02,2018-04-02,164400000,3872200000,4203075000,1749500000,2122700000,2.114,19.037,-139600000,374400000,374400000,6235200000,-269800000,1.203,0.694,0,0,0,0,0,178900000,0,0.032,0.8,-40600000,138300000,0.016,138300000,-40600000,-44800000,-2.13,-2.13,-2.13,2286300000,2538150000,2286300000,2625535212,-64,18.984,470600000,3.723,1.0,2651500000,0.298,1536500000,4200000,507400000,521075000,1171300000,0,0,0,1585900000,1453900000,132000000,2991935212,-41400000,-1500000,-397800000,0,-102000000,-498500000,-152700000,0,610200000,-400000,-269700000,-269700000,-269700000,0,-100000,-0.03,2693100000,-41600000,611600000,-0.376,1.309,-11.094,-11.592,524800000,0,24.69,0.337,0.351,73600000,1773500000,8886700000,8886700000,0,-0.064,-0.106,-0.078,-0.005,18300000,1835900000,1.0,121180041,126400000,126400000,70.306,2335700000,61700000,224900000,134900000,19.448,295600000
GME,MRY,2013-12-31,2014-02-01,2014-02-01,2018-04-02,82500000,4091400000,3911950000,1949600000,2141800000,2.311,19.459,-125600000,536200000,536200000,6378400000,354200000,1.13,0.817,4000000,2400000,1600000,4000000,0,169200000,0,0.031,1.1,574400000,743600000,0.082,743600000,574400000,568800000,3.02,2.99,3.02,2251400000,2212925000,2251400000,3412382546,5,4.589,637100000,5.436,1.0,2661100000,0.294,1609000000,5600000,224200000,473050000,1198900000,0,0,0,1840000000,1726000000,114000000,4061482546,161800000,-77400000,-200300000,-31800000,-130900000,-350600000,-207500000,0,762700000,-42800000,354200000,354200000,354200000,0,0,0.039,2087600000,573500000,783900000,0.364,1.804,11.467,11.613,476200000,0,35.07,0.449,0.455,84400000,1995900000,9039500000,9039500000,0,0.091,0.16,1.214,0.064,7000000,1892400000,1.0,115810737,117200000,118400000,77.129,2482400000,51700000,214600000,115400000,21.455,223600000
GME,MRY,2014-12-31,2015-01-31,2015-01-31,2018-04-02,-25400000,4246300000,4114725000,2062500000,2183800000,2.259,19.092,-159600000,610100000,610100000,6520100000,393100000,1.258,1.054,355700000,5100000,350600000,355700000,0,156500000,0,0.037,1.32,619000000,775500000,0.083,775500000,619000000,608300000,3.5,3.47,3.5,2067700000,2131225000,2067700000,3805168766,6,4.907,320900000,2.86,1.0,2775900000,0.299,1628200000,10700000,724000000,714200000,1144800000,0,0,0,2178600000,1639700000,538900000,3825168766,73900000,-77300000,-330400000,342300000,-148800000,-131200000,-235900000,0,480500000,-39500000,393100000,393100000,393100000,0,0,0.042,2157600000,618300000,815600000,0.377,1.85,9.731,10.071,454200000,0,35.25,0.411,0.425,113500000,2093000000,9296000000,9296000000,0,0.096,0.184,0.867,0.067,15800000,2001000000,1.0,108515426,112200000,113200000,82.852,2618100000,89900000,215200000,111300000,24.175,422800000
GME,MRY,2015-12-31,2016-01-30,2016-01-30,2018-04-02,-88800000,4330300000,4233725000,1937500000,2392800000,2.212,19.971,-173200000,450400000,450400000,6445500000,402800000,1.08,1.081,345400000,0,345400000,345400000,0,158200000,0,0.055,1.44,648600000,806800000,0.086,806800000,648600000,625200000,3.8,3.78,3.8,2081000000,2015650000,2081000000,2908109349,4,3.604,483600000,4.562,1.0,2918300000,0.312,1807100000,23400000,623800000,836225000,1163000000,0,0,0,2249300000,1794400000,454900000,2743409349,-159700000,-267500000,-194300000,-2200000,-154100000,-346200000,-444600000,0,656800000,-25700000,402800000,402800000,402800000,0,0,0.043,2270100000,648200000,631900000,0.379,1.318,6.811,6.897,484500000,0,26.21,0.293,0.297,176500000,2169700000,9363800000,9363800000,0,0.095,0.2,0.776,0.069,25500000,2108900000,1.0,104670330,106000000,106700000,88.338,2523200000,39000000,222400000,150700000,24.215,143100000
GME,MRY,2016-12-31,2017-01-28,2017-01-28,2018-04-02,-47300000,4975900000,4696525000,2140700000,2835200000,1.833,22.056,-142700000,669400000,669400000,5598600000,353200000,1.215,1.207,815000000,0,815000000,815000000,0,166700000,0,0.061,1.48,558500000,725200000,0.084,725200000,558500000,504700000,3.42,3.4,3.42,2254100000,2171325000,2254100000,2934770991,5,4.047,394400000,3.814,1.0,3009300000,0.35,2232400000,53800000,1127600000,1436400000,1121500000,0,0,0,2721800000,1761500000,960300000,2476570991,219000000,-441200000,-71500000,466500000,-155500000,238700000,-578000000,0,537100000,21200000,353200000,353200000,353200000,0,0,0.041,2451600000,557700000,616600000,0.433,1.099,7.012,7.108,471000000,0,24.31,0.288,0.292,220900000,2301300000,8607900000,8607900000,0,0.075,0.163,0.389,0.065,18600000,2252600000,1.0,101874578,103400000,103800000,83.249,2743500000,59000000,151500000,77000000,26.844,379200000
GME,MRY,2017-12-31,2018-02-03,2018-02-03,2018-04-02,12200000,5041600000,4952200000,2538700000,2502900000,1.863,21.839,-113400000,864400000,864400000,6184500000,34700000,1.325,1.277,817900000,0,817900000,817900000,0,151900000,0,0.094,1.52,137100000,289000000,0.031,289000000,137100000,80300000,0.34,0.34,0.34,2214500000,2277200000,2214500000,2006670314,14,6.943,321500000,3.171,1.0,3040100000,0.33,1836800000,56800000,1242700000,1440200000,1366700000,0,0,0,2827100000,1915600000,911500000,1644170314,195000000,46500000,-25500000,-21800000,-155200000,-202500000,-63700000,0,434900000,26300000,34700000,34700000,34700000,0,0,0.004,2904500000,135600000,902000000,4.471,0.742,47.382,47.735,433200000,0,16.23,0.178,0.178,182700000,2180100000,9224600000,9224600000,0,0.007,0.015,0.095,0.015,25600000,2363000000,1.0,101304394,101400000,101500000,90.972,3204800000,158200000,45600000,42500000,31.606,623100000
