ticker,dimension,calendardate,datekey,reportperiod,lastupdated,accoci,assets,assetsavg,assetsc,assetsnc,assetturnover,bvps,capex,cashneq,cashnequsd,cor,consolinc,currentratio,de,debt,debtc,debtnc,debtusd,deferredrev,depamor,deposits,divyield,dps,ebit,ebitda,ebitdamargin,ebitdausd,ebitusd,ebt,eps,epsdil,epsusd,equity,equityavg,equityusd,ev,evebit,evebitda,fcf,fcfps,fxusd,gp,grossmargin,intangibles,intexp,invcap,invcapavg,inventory,investments,investmentsc,investmentsnc,liabilities,liabilitiesc,liabilitiesnc,marketcap,ncf,ncfbus,ncfcommon,ncfdebt,ncfdiv,ncff,ncfi,ncfinv,ncfo,ncfx,netinc,netinccmn,netinccmnusd,netincdis,netincnci,netmargin,opex,opinc,payables,payoutratio,pb,pe,pe1,ppnenet,prefdivis,price,ps,ps1,receivables,retearn,revenue,revenueusd,rnd,roa,roe,roic,ros,sbcomp,sgna,sharefactor,sharesbas,shareswa,shareswadil,sps,tangibles,taxassets,taxexp,taxliabilities,tbvps,workingcapital
GROW,MRY,2011-12-31,2011-06-30,2011-06-30,2018-05-11,1042462,45966603,44478207,37275445,8691158,0.92,2.665,-86512,27207896,27207896,0,7832647,7.593,0.12,0,0,0,0,0,291705,0,0.033,0.24,12030019,12321724,0.301,12321724,12030019,12030019,0.51,0.51,0.51,41057447,39267811,41057447,85035731,7,6.901,7632017,0.496,1.0,40925058,1.0,0,0,13849551,14089120,0,10364844,5703916,4660928,4909156,4909156,0,111051037,3370417,0,189674,0,-3692185,-3502511,-845601,-759089,7718529,0,7832647,7832647,7832647,0,0,0.191,29903607,11021451,55181,0.471,2.705,14.178,14.137,3547303,0,7.21,2.714,2.71,3295279,25582294,40925058,40925058,0,0.176,0.199,0.854,0.294,207309,23133405,1.0,15402363,15384435,15384435,2.66,45966603,727076,4197372,0,2.984,32366289
GROW,MRY,2012-12-31,2012-06-30,2012-06-30,2018-05-11,466268,41755794,43570228,28756862,12998932,0.514,2.504,-18000,20612721,20612721,0,1530000,9.44,0.079,0,0,0,0,0,282000,0,0.055,0.24,2554000,2836000,0.127,2836000,2554000,2554000,0.1,0.1,0.1,38709646,39897580,38709646,46613856,18,16.436,1799000,0.117,1.0,22374000,1.0,0,0,18096925,15696665,0,14040450,5216139,8824311,3046148,3046148,0,67530632,-6595000,0,188000,0,-3706000,-3518000,-4894000,-4876000,1817000,0,1530000,1530000,1530000,108000,0,0.068,19535000,2839000,67560,2.4,1.745,44.138,43.7,3359376,0,4.37,3.018,3.016,1743761,23403815,22374000,22374000,0,0.035,0.038,0.163,0.114,226000,15207000,1.0,15453234,15441464,15441582,1.449,41755794,1385191,1024000,0,2.702,25710714
GROW,MRY,2013-12-31,2013-06-30,2013-06-30,2018-05-11,652000,38683000,40009990,24792000,13891000,0.433,2.381,-39000,18085000,18085000,0,-194000,13.518,0.05,0,0,0,0,0,275000,0,0.081,0.17,-94000,181000,0.01,181000,-94000,-94000,-0.01,-0.01,-0.01,36849000,37531346,36849000,13514199,-143,74.664,422000,0.027,1.0,17318000,1.0,0,0,18764000,18565455,0,14465000,4758000,9707000,1834000,1834000,0,32657947,-2528000,-600000,11000,0,-2632000,-2621000,-368000,271000,461000,0,-194000,-194000,-194000,165000,0,-0.011,17509000,-191000,71000,-17.0,0.886,-168.34,-211.0,3085000,0,2.11,1.886,1.886,1148000,21273000,17318000,17318000,0,-0.005,-0.005,-0.005,-0.005,73000,14578000,1.0,15477700,15482612,15482612,1.119,38683000,874000,100000,0,2.499,22958000
GROW,MRY,2014-12-31,2014-06-30,2014-06-30,2018-05-11,906000,37846000,37482165,26816000,11030000,0.228,2.313,-30000,5910000,5910000,0,-963000,12.513,0.06,0,0,0,0,0,259000,0,0.017,0.06,-1445000,-1186000,-0.139,-1186000,-1445000,-1445000,-0.06,-0.06,-0.06,35703000,35519182,35703000,50230490,-34,-42.353,-15219000,-0.984,1.0,8534000,1.0,86000,0,29707000,27139907,0,25426000,17817000,7609000,2143000,2143000,0,54362675,-12175000,1236000,-133000,0,-928000,-1061000,4050000,2844000,-15189000,25000,-970000,-970000,-970000,326000,7000,-0.114,11811000,-3277000,219000,-1.0,1.523,-56.044,-58.667,3024000,0,3.52,6.37,6.376,2513000,19376000,8534000,8534000,0,-0.026,-0.027,-0.053,-0.169,12000,11339000,1.0,15443942,15459022,15459022,0.552,37760000,349000,-475000,0,2.446,24673000
GROW,MRY,2015-12-31,2015-06-30,2015-06-30,2018-05-11,-483000,30770000,33701250,21394000,9376000,0.218,1.895,-40000,3507000,3507000,0,-3976000,13.149,0.056,0,0,0,0,0,327000,0,0.022,0.06,-3208000,-2881000,-0.393,-2881000,-3208000,-3208000,-0.26,-0.26,-0.26,29143000,32072250,29143000,39089405,-12,-13.568,-712000,-0.046,1.0,7333000,1.0,41000,0,25595000,27973500,0,22206000,15640000,6566000,1627000,1627000,0,42760405,-2403000,0,-171000,0,-924000,-1122000,-390000,-350000,-672000,-219000,-4030000,-4030000,-4030000,81000,54000,-0.55,10840000,-3507000,114000,-0.231,1.467,-10.611,-10.692,2736000,0,2.78,5.831,5.838,1653000,14423000,7333000,7333000,0,-0.12,-0.126,-0.115,-0.437,12000,10513000,1.0,15381441,15399831,15399831,0.476,30729000,0,822000,0,1.998,19767000
GROW,MRY,2016-12-31,2016-06-30,2016-06-30,2018-05-11,-149000,26346000,27265000,18174000,8172000,0.202,1.641,-13000,4993000,4993000,0,-3703000,13.98,0.052,0,0,0,0,0,316000,0,0.022,0.037,-3681000,-3365000,-0.611,-3365000,-3681000,-3681000,-0.24,-0.24,-0.24,25046000,25874250,25046000,22888306,-6,-6.802,3020000,0.197,1.0,5505000,1.0,0,0,20053000,21838250,0,17721000,12104000,5617000,1300000,1300000,0,25945306,486000,0,-254000,0,-574000,-1828000,-646000,-633000,3033000,-73000,-3675000,-3675000,-3675000,18000,-28000,-0.668,9681000,-4176000,148000,-0.154,1.036,-7.06,-7.083,2466000,0,1.7,4.713,4.723,787000,10290000,5505000,5505000,0,-0.135,-0.142,-0.169,-0.669,12000,9365000,1.0,15261945,15294893,15294893,0.36,26346000,0,-6000,0,1.727,16874000
GROW,MRY,2017-12-31,2017-06-30,2017-06-30,2018-05-11,264000,25520000,26286500,17465000,8055000,0.257,1.604,0,4958000,4958000,0,-544000,14.979,0.048,0,0,0,0,0,253000,0,0.02,0.03,-496000,-243000,-0.036,-243000,-496000,-496000,-0.03,-0.03,-0.03,24354000,25131000,24354000,18653594,-37,-76.764,690000,0.045,1.0,6763000,1.0,0,0,19396000,20507000,0,17437000,11672000,5765000,1166000,1166000,0,23087594,-35000,0,-108000,0,-456000,-564000,-158000,-158000,690000,-3000,-513000,-513000,-513000,0,-31000,-0.076,7636000,-873000,118000,-1.0,0.948,-45.005,-50.667,2212000,0,1.52,3.414,3.419,520000,9321000,6763000,6763000,0,-0.02,-0.02,-0.024,-0.073,6000,7383000,1.0,15189207,15212008,15212008,0.445,25520000,0,17000,0,1.68,16299000
