ticker,dimension,calendardate,datekey,reportperiod,lastupdated,accoci,assets,assetsavg,assetsc,assetsnc,assetturnover,bvps,capex,cashneq,cashnequsd,cor,consolinc,currentratio,de,debt,debtc,debtnc,debtusd,deferredrev,depamor,deposits,divyield,dps,ebit,ebitda,ebitdamargin,ebitdausd,ebitusd,ebt,eps,epsdil,epsusd,equity,equityavg,equityusd,ev,evebit,evebitda,fcf,fcfps,fxusd,gp,grossmargin,intangibles,intexp,invcap,invcapavg,inventory,investments,investmentsc,investmentsnc,liabilities,liabilitiesc,liabilitiesnc,marketcap,ncf,ncfbus,ncfcommon,ncfdebt,ncfdiv,ncff,ncfi,ncfinv,ncfo,ncfx,netinc,netinccmn,netinccmnusd,netincdis,netincnci,netmargin,opex,opinc,payables,payoutratio,pb,pe,pe1,ppnenet,prefdivis,price,ps,ps1,receivables,retearn,revenue,revenueusd,rnd,roa,roe,roic,ros,sbcomp,sgna,sharefactor,sharesbas,shareswa,shareswadil,sps,tangibles,taxassets,taxexp,taxliabilities,tbvps,workingcapital
GWRE,MRY,2011-12-31,2011-07-31,2011-07-31,2018-03-07,-209000,126540000,93297500,94842000,31698000,1.849,1.276,-2776000,61855000,61855000,68344000,35558000,1.152,5.971,0,0,0,0,73795000,2226000,0,,0.0,8296000,10522000,0.061,10522000,8296000,8296000,0.83,0.76,0.83,18152000,-3496500,18152000,,,,24910000,1.771,1.0,104128000,0.604,0,0,-17616000,-29065000,0,3820000,0,3820000,108388000,82301000,26087000,,22214000,0,931000,0,0,931000,-8310000,0,27686000,1907000,35558000,35558000,35558000,0,0,0.206,97257000,6871000,4317000,0.0,,,,4455000,0,,,,23278000,-38371000,172472000,172472000,34773000,0.381,-10.17,-0.285,0.048,6680000,52484000,1.0,,14064055,17763859,12.263,126540000,28117000,-27262000,0,8.892,12541000
GWRE,MRY,2012-12-31,2012-07-31,2012-07-31,2018-03-07,-496000,284247000,205393500,262465000,21782000,1.13,5.29,-5619000,209444000,209444000,90005000,18664000,2.817,0.545,0,0,0,0,55516000,2917000,0,0.0,0.0,28516000,31433000,0.135,31433000,28516000,28516000,0.36,0.32,0.36,183962000,101057000,183962000,1145515889,40,36.443,11475000,0.33,1.0,142056000,0.612,0,0,-18384000,-18000000,0,0,0,0,100285000,93187000,7098000,1351091889,146093000,0,148453000,0,0,133007000,-3296000,0,17094000,-712000,18664000,18664000,18664000,0,0,0.08,113122000,28934000,9781000,0.0,7.344,72.39,71.278,11924000,0,25.66,5.822,3.845,32313000,-23171000,232061000,232061000,49056000,0.091,0.185,-1.584,0.123,12437000,64066000,1.0,52653620,34774983,41759338,6.673,284247000,22755000,9852000,0,8.174,169278000
GWRE,MRY,2013-12-31,2013-07-31,2013-07-31,2018-03-07,-1574000,305673000,290316750,210093000,95580000,1.036,3.847,-9228000,79767000,79767000,125651000,24658000,2.809,0.378,0,0,0,0,41196000,4821000,0,0.0,0.0,30123000,34944000,0.116,34944000,30123000,30123000,0.44,0.4,0.44,221832000,207990250,221832000,2421331855,80,69.292,23319000,0.414,1.0,174998000,0.582,15927000,0,135195000,97181250,0,127972000,76932000,51040000,83841000,74784000,9057000,2512064855,-125951000,-14749000,9123000,0,0,-8621000,-148913000,-128468000,32547000,-964000,24658000,24658000,24658000,0,0,0.082,145259000,29739000,6517000,0.0,11.324,101.876,99.455,12914000,0,43.76,8.355,8.199,40885000,8249000,300649000,300649000,62991000,0.085,0.119,0.31,0.1,22919000,82268000,1.0,57405504,56331018,61569195,5.337,289746000,17391000,5465000,0,5.025,135309000
GWRE,MRY,2014-12-31,2014-07-31,2014-07-31,2018-03-07,-1367000,757227000,725068500,516430000,240797000,0.483,9.452,-4993000,148101000,148101000,148947000,14721000,5.414,0.164,0,0,0,0,55332000,6751000,0,0.0,0.0,19946000,26697000,0.076,26697000,19946000,19946000,0.22,0.21,0.22,650686000,632981500,650686000,2617225902,131,98.034,70498000,1.072,1.0,201299000,0.575,14644000,0,499096000,387289250,0,499680000,296231000,203449000,106541000,95386000,11155000,2776561902,68334000,-157000,398704000,0,0,372564000,-380420000,-375270000,75491000,699000,14721000,14721000,14721000,0,0,0.042,182877000,18422000,7030000,0.0,4.267,188.612,184.091,12607000,0,40.5,7.927,7.603,49839000,22970000,350246000,350246000,76178000,0.02,0.023,0.052,0.057,35471000,106699000,1.0,68557084,65748896,69112733,5.327,742583000,20112000,5225000,0,10.787,421044000
GWRE,MRY,2015-12-31,2015-07-31,2015-07-31,2018-03-07,-6343000,799947000,762912250,661644000,138303000,0.499,9.741,-6301000,212362000,212362000,147184000,9885000,6.337,0.16,0,0,0,0,52566000,7480000,0,0.0,0.0,16740000,24220000,0.064,24220000,16740000,16740000,0.14,0.14,0.14,689388000,665279750,689388000,4008939130,239,165.522,57376000,0.819,1.0,233353000,0.613,13204000,0,469972000,503706500,0,465390000,359273000,106117000,110559000,104409000,6150000,4165881130,64261000,0,6294000,0,0,-17351000,23070000,29371000,63677000,-5135000,9885000,9885000,9885000,0,0,0.026,216860000,16493000,8816000,0.0,6.043,421.435,421.786,12160000,0,59.05,10.947,10.874,62062000,32855000,380537000,380537000,93440000,0.013,0.015,0.033,0.044,47837000,123420000,1.0,70548368,70075908,72314433,5.43,786743000,19741000,6855000,0,11.117,557235000
GWRE,MRY,2016-12-31,2016-07-31,2016-07-31,2018-03-07,-6593000,916178000,846452000,707672000,208506000,0.501,10.769,-7111000,223582000,223582000,151834000,14976000,5.943,0.169,0,0,0,0,70015000,8842000,0,0.0,0.0,20782000,29624000,0.07,29624000,20782000,20782000,0.21,0.2,0.21,783935000,737661500,783935000,4253371946,204,143.579,92789000,1.288,1.0,272612000,0.642,44284000,0,529229000,508803000,0,512220000,404655000,107565000,132243000,119083000,13160000,4457976946,11220000,-39530000,7840000,0,0,13454000,-101253000,-54612000,99900000,-881000,14976000,14976000,14976000,0,0,0.035,256175000,16437000,9929000,0.0,5.687,297.675,292.714,12955000,0,61.47,10.503,10.431,62792000,47831000,424446000,424446000,112496000,0.018,0.02,0.041,0.049,59029000,143679000,1.0,72522807,72026694,73765960,5.893,871894000,31364000,5806000,0,11.977,588589000
GWRE,MRY,2017-12-31,2017-07-31,2017-07-31,2018-03-07,-5796000,1078901000,984355750,679240000,399661000,0.522,11.945,-6670000,263176000,263176000,191559000,21224000,4.151,0.208,0,0,0,0,111135000,18725000,0,0.0,0.0,33277000,52002000,0.101,52002000,33277000,33277000,0.29,0.28,0.29,893281000,834776750,893281000,5186988941,155,99.746,130490000,1.764,1.0,322725000,0.628,213166000,0,438943000,500855250,0,424612000,310027000,114585000,185620000,163616000,22004000,5367154941,39594000,-187590000,5563000,0,0,14630000,-113342000,80918000,137160000,1146000,21224000,21224000,21224000,0,0,0.041,296113000,26612000,13416000,0.0,6.008,252.881,248.828,14376000,0,72.16,10.436,10.382,79433000,69055000,514284000,514284000,130323000,0.022,0.025,0.066,0.065,62727000,165790000,1.0,74378533,73994577,75328343,6.95,865735000,37430000,12053000,0,11.576,515624000
