ticker,dimension,calendardate,datekey,reportperiod,lastupdated,accoci,assets,assetsavg,assetsc,assetsnc,assetturnover,bvps,capex,cashneq,cashnequsd,cor,consolinc,currentratio,de,debt,debtc,debtnc,debtusd,deferredrev,depamor,deposits,divyield,dps,ebit,ebitda,ebitdamargin,ebitdausd,ebitusd,ebt,eps,epsdil,epsusd,equity,equityavg,equityusd,ev,evebit,evebitda,fcf,fcfps,fxusd,gp,grossmargin,intangibles,intexp,invcap,invcapavg,inventory,investments,investmentsc,investmentsnc,liabilities,liabilitiesc,liabilitiesnc,marketcap,ncf,ncfbus,ncfcommon,ncfdebt,ncfdiv,ncff,ncfi,ncfinv,ncfo,ncfx,netinc,netinccmn,netinccmnusd,netincdis,netincnci,netmargin,opex,opinc,payables,payoutratio,pb,pe,pe1,ppnenet,prefdivis,price,ps,ps1,receivables,retearn,revenue,revenueusd,rnd,roa,roe,roic,ros,sbcomp,sgna,sharefactor,sharesbas,shareswa,shareswadil,sps,tangibles,taxassets,taxexp,taxliabilities,tbvps,workingcapital
HAE,MRY,2011-12-31,2011-04-02,2011-04-02,2018-02-06,9541000,833264000,762996000,448831000,384433000,0.887,13.449,-45201000,196707000,196707000,321485000,79980000,4.13,0.214,4879000,913000,3966000,4879000,0,48145000,0,0.0,0.0,110081000,158226000,0.234,158226000,110081000,110081000,1.59,1.56,1.59,686136000,623502000,686136000,1535122181,13,9.702,78254000,1.56,1.0,355209000,0.525,217156000,0,315609000,316137250,84387000,0,0,0,147128000,108671000,38457000,1692222181,55145000,-6357000,-5423000,-15785000,0,-18084000,-51558000,0,123455000,1332000,79980000,79980000,79980000,0,0,0.118,244661000,110548000,28323000,0.0,2.466,21.158,20.934,155528000,0,33.285,2.501,2.467,127166000,373630000,676694000,676694000,32656000,0.105,0.128,0.348,0.163,15751000,213899000,1.0,50840384,50154000,51192000,13.492,616108000,10965000,30101000,24702000,12.076,340160000
HAE,MRY,2012-12-31,2012-03-31,2012-03-31,2018-02-06,9110000,911135000,859009000,527129000,384006000,0.847,14.521,-52196000,228861000,228861000,358604000,66886000,4.032,0.244,3771000,894000,2877000,3771000,0,49966000,0,0.0,0.0,89498000,139464000,0.192,139464000,89498000,89498000,1.32,1.3,1.32,732631000,707149250,732631000,1552117492,17,11.129,63122000,1.244,1.0,369240000,0.507,211607000,0,343694000,328221500,117163000,0,0,0,178504000,130744000,47760000,1751837492,32154000,0,-30800000,-1103000,0,-30470000,-52196000,0,115318000,-498000,66886000,66886000,66886000,0,0,0.092,280482000,88758000,35425000,0.0,2.391,26.191,26.394,161657000,0,34.84,2.407,2.428,135464000,400783000,727844000,727844000,36801000,0.078,0.095,0.273,0.123,11244000,243681000,1.0,50282362,50727000,51590000,14.348,699528000,9688000,22612000,31407000,13.865,396385000
HAE,MRY,2013-12-31,2013-03-30,2013-03-30,2018-02-06,5433000,1461917000,1329742000,597010000,864907000,0.671,14.993,-60220000,179120000,179120000,463859000,38800000,3.314,0.901,480094000,23150000,456944000,480094000,0,65481000,0,0.0,0.0,49897000,115378000,0.129,115378000,49897000,49897000,0.76,0.74,0.76,769182000,769443250,769182000,2440535866,48,21.153,24854000,0.484,1.0,428131000,0.48,594862000,0,987885000,829269500,183784000,0,0,0,692735000,180144000,512591000,2151269866,-49741000,-536175000,-18341000,476093000,0,461853000,-596395000,0,85074000,-273000,38800000,38800000,38800000,0,0,0.043,371694000,56437000,49893000,0.0,2.797,55.445,54.816,256953000,0,41.66,2.412,2.398,170111000,398199000,891990000,891990000,44394000,0.029,0.05,0.06,0.056,15163000,323053000,1.0,51638739,51349000,52259000,17.371,867055000,15533000,11097000,33605000,16.9,416866000
HAE,MRY,2014-12-31,2014-03-29,2014-03-29,2018-02-06,1410000,1514178000,1491486750,622976000,891202000,0.629,16.117,-73160000,192469000,192469000,470144000,35148000,2.872,0.807,437687000,45630000,392057000,437687000,0,81740000,0,0.0,0.0,36401000,118141000,0.126,118141000,36401000,36401000,0.68,0.67,0.68,837888000,808489750,837888000,1935532491,53,16.383,66364000,1.286,1.0,468365000,0.499,607927000,0,934541000,962128750,197661000,0,0,0,676290000,216928000,459362000,1666150491,13349000,-32670000,20454000,-43548000,0,-20699000,-105830000,0,139524000,354000,35148000,35148000,35148000,0,0,0.037,421933000,46432000,53562000,0.0,1.989,47.404,47.221,271437000,0,32.11,1.775,1.766,164603000,433347000,938509000,938509000,54200000,0.024,0.043,0.038,0.039,14731000,365977000,1.0,51888835,51611000,52377000,18.184,906251000,15328000,1253000,32777000,17.432,406048000
HAE,MRY,2015-12-31,2015-03-28,2015-03-28,2018-02-06,-21724000,1485417000,1477709500,557669000,927748000,0.616,16.02,-121768000,160662000,160662000,475955000,16897000,2.956,0.798,427891000,21522000,406369000,427891000,0,86053000,0,0.0,0.0,31165000,117218000,0.129,117218000,31165000,31165000,0.33,0.32,0.33,826122000,823955000,826122000,2579996221,82,22.01,5410000,0.105,1.0,434418000,0.477,578898000,0,985064000,1006964250,211077000,0,0,0,659295000,188684000,470611000,2276442221,-31807000,0,-24980000,-8736000,0,-33160000,-121768000,0,127178000,-4057000,16897000,16897000,16897000,0,0,0.019,393878000,40540000,48425000,0.0,2.756,134.725,133.97,321948000,0,44.21,2.501,2.503,145827000,420365000,910373000,910373000,54187000,0.011,0.021,0.031,0.034,17881000,337168000,1.0,51491568,51533000,52089000,17.666,906519000,15631000,14268000,32505000,17.579,368985000
HAE,MRY,2016-12-31,2016-04-02,2016-04-02,2018-02-06,-35040000,1319128000,1375476250,488086000,831042000,0.661,14.188,-101768000,115123000,115123000,502918000,-55579000,2.63,0.828,408000000,43471000,364529000,408000000,0,89911000,0,0.0,0.0,-53416000,36495000,0.04,36495000,-53416000,-53416000,-1.09,-1.09,-1.09,721565000,752411000,721565000,2116354027,-39,57.99,20097000,0.395,1.0,405914000,0.447,472298000,0,954156000,987575250,187028000,0,0,0,597563000,185551000,412012000,1794414027,-45539000,-3000000,-42611000,-20013000,0,-62624000,-104768000,0,121865000,-12000,-55579000,-55579000,-55579000,0,0,-0.061,449856000,-43942000,39674000,0.0,2.487,-32.286,-32.376,337634000,0,35.29,1.974,1.977,157093000,316184000,908832000,908832000,44965000,-0.04,-0.074,-0.054,-0.059,6949000,317223000,1.0,50847663,50910000,50910000,17.852,846830000,7055000,2163000,21377000,16.651,302535000
HAE,MRY,2017-12-31,2017-04-01,2017-04-01,2018-02-06,-32873000,1238709000,1299336750,510029000,728680000,0.682,14.226,-73313000,139564000,139564000,507622000,-26268000,2.415,0.675,314647000,61022000,253625000,314647000,0,89733000,0,0.0,0.0,-27476000,62257000,0.07,62257000,-27476000,-27476000,-0.51,-0.51,-0.51,739610000,743795250,739610000,2316443451,-84,37.208,86425000,1.677,1.0,378494000,0.427,388381000,0,814232000,878960250,176929000,0,0,0,499099000,211179000,287920000,2109814451,24441000,0,32997000,-93410000,0,-60413000,-73313000,0,159738000,-1571000,-26268000,-26268000,-26268000,0,0,-0.03,397875000,-19381000,42973000,0.0,2.853,-80.319,-79.549,323862000,0,40.57,2.381,2.359,152683000,289916000,886116000,886116000,37556000,-0.02,-0.035,-0.031,-0.031,9150000,301726000,1.0,52004300,51524000,51524000,17.198,850328000,3988000,-1208000,0,16.356,298850000
