ticker,dimension,calendardate,datekey,reportperiod,lastupdated,accoci,assets,assetsavg,assetsc,assetsnc,assetturnover,bvps,capex,cashneq,cashnequsd,cor,consolinc,currentratio,de,debt,debtc,debtnc,debtusd,deferredrev,depamor,deposits,divyield,dps,ebit,ebitda,ebitdamargin,ebitdausd,ebitusd,ebt,eps,epsdil,epsusd,equity,equityavg,equityusd,ev,evebit,evebitda,fcf,fcfps,fxusd,gp,grossmargin,intangibles,intexp,invcap,invcapavg,inventory,investments,investmentsc,investmentsnc,liabilities,liabilitiesc,liabilitiesnc,marketcap,ncf,ncfbus,ncfcommon,ncfdebt,ncfdiv,ncff,ncfi,ncfinv,ncfo,ncfx,netinc,netinccmn,netinccmnusd,netincdis,netincnci,netmargin,opex,opinc,payables,payoutratio,pb,pe,pe1,ppnenet,prefdivis,price,ps,ps1,receivables,retearn,revenue,revenueusd,rnd,roa,roe,roic,ros,sbcomp,sgna,sharefactor,sharesbas,shareswa,shareswadil,sps,tangibles,taxassets,taxexp,taxliabilities,tbvps,workingcapital
HAS,MRY,2011-12-31,2011-12-25,2011-12-25,2018-05-02,-35943000,4130774000,4024146500,2253692000,1877082000,1.065,10.99,-99402000,641688000,641688000,1836263000,385367000,2.392,1.914,1581302000,180430000,1400872000,1581302000,0,160468000,0,0.035,1.15,575415000,735883000,0.172,735883000,575415000,486393000,2.88,2.82,2.88,1417515000,1449591000,1417515000,5414249167,9,7.357,296667000,2.3,1.0,2449326000,0.572,942085000,89022000,3185959000,3140113750,333993000,0,0,0,2713259000,942344000,1770915000,4182972167,-86108000,-11585000,-393210000,167339000,-154028000,-375685000,-107615000,0,396069000,1123000,385367000,385367000,385367000,0,0,0.09,1855345000,593981000,134864000,0.399,2.951,10.855,11.26,218021000,0,32.43,0.976,0.976,1034580000,3205420000,4285589000,4285589000,197638000,0.096,0.266,0.183,0.134,12463000,1236045000,1.0,128984649,128984649,,33.226,3188689000,0,101026000,0,24.721,1311348000
HAS,MRY,2012-12-31,2012-12-30,2012-12-30,2018-05-02,-72307000,4325387000,4170883000,2508202000,1817185000,0.98,11.602,-112091000,849701000,849701000,1671980000,335999000,2.612,1.869,1620786000,224365000,1396421000,1620786000,0,150287000,0,0.049,1.74,544543000,694830000,0.17,694830000,544543000,453402000,2.58,2.55,2.58,1507379000,1457787750,1507379000,5554625080,10,7.994,422705000,3.253,1.0,2417003000,0.591,891584000,91141000,3244453000,3162099500,316049000,0,0,0,2818008000,960435000,1857573000,4587707080,208013000,0,-43042000,43106000,-225464000,-219379000,-106172000,0,534796000,-1232000,335999000,335999000,335999000,0,0,0.082,1865218000,551785000,139906000,0.674,3.043,13.654,13.686,230414000,0,35.31,1.122,1.122,1029959000,3354545000,4088983000,4088983000,201197000,0.081,0.23,0.172,0.133,19434000,1269586000,1.0,129926567,129926567,,31.471,3433803000,0,117403000,0,26.429,1547767000
HAS,MRY,2013-12-31,2013-12-29,2013-12-29,2018-05-02,-34135000,4402267000,4307839000,2480457000,1921810000,0.948,12.966,-112031000,682449000,682449000,1672901000,283928000,1.819,1.59,1396617000,436722000,959895000,1396617000,0,180985000,0,0.022,1.2,459677000,640662000,0.157,640662000,459677000,354092000,2.2,2.17,2.2,1682343000,1531221750,1682343000,8073226478,17,12.601,289101000,2.228,1.0,2409256000,0.59,970320000,105585000,2782835000,2808820500,348794000,0,0,0,2674479000,1363280000,1311199000,7058649478,-167252000,-110698000,-103488000,-215273000,-156129000,-341009000,-217743000,0,401132000,-9632000,286198000,286198000,286198000,0,-2270000,0.07,1942163000,467093000,198799000,0.545,4.196,24.664,24.727,236263000,0,54.4,1.729,1.729,1093620000,3432176000,4082157000,4082157000,207591000,0.066,0.187,0.164,0.113,21272000,1269777000,1.0,129754586,129754586,,31.461,3431947000,0,67894000,0,26.45,1117177000
HAS,MRY,2014-12-31,2014-12-28,2014-12-28,2018-05-02,-95454000,4518100000,4298733500,2643505000,1874595000,0.995,11.662,-113388000,893167000,893167000,1698372000,413310000,2.467,2.053,1798334000,252481000,1545853000,1798334000,0,157966000,0,0.03,1.69,635706000,793672000,0.186,793672000,635706000,542608000,3.24,3.2,3.24,1465664000,1502674500,1465664000,8166128108,12,10.289,341023000,2.713,1.0,2578835000,0.603,917966000,93098000,3433617000,3304983750,339572000,0,0,0,3009706000,1071684000,1938022000,6980394108,210718000,64400000,-459564000,381040000,-216855000,-230956000,-485000,0,454411000,-12252000,415930000,415930000,415930000,0,-2620000,0.097,1943460000,635375000,212549000,0.522,4.763,16.783,17.142,237489000,0,55.54,1.632,1.632,1094673000,3630072000,4277207000,4277207000,222556000,0.097,0.277,0.192,0.149,36152000,1315793000,1.0,125682285,125682285,,34.032,3600134000,0,126678000,0,28.645,1571821000
HAS,MRY,2015-12-31,2015-12-27,2015-12-27,2018-05-02,-146001000,4720717000,4438167250,2865598000,1855119000,1.002,13.351,-142022000,976750000,976750000,1677033000,446872000,2.692,1.813,1711678000,164563000,1547115000,1711678000,0,155327000,0,0.027,1.81,706003000,861330000,0.194,861330000,706003000,608881000,3.61,3.57,3.61,1663902000,1520187750,1663902000,9549617721,13,11.087,429344000,3.445,1.0,2770476000,0.623,873502000,97122000,3517496000,3469166000,384492000,0,0,0,3016645000,1064647000,1951998000,8427044721,83583000,18632000,-87224000,-87310000,-225797000,-365378000,-103647000,0,571366000,-18758000,451838000,451838000,451838000,0,-4966000,0.102,2078543000,691933000,241210000,0.501,5.065,18.651,18.731,237527000,0,67.62,1.895,1.895,1217850000,3852321000,4447509000,4447509000,242944000,0.102,0.297,0.204,0.159,53880000,1370183000,1.0,124623554,124623554,,35.688,3847215000,0,157043000,0,30.871,1800951000
HAS,MRY,2016-12-31,2016-12-25,2016-12-25,2018-05-02,-194570000,5091366000,4688898250,3227607000,1863759000,1.071,14.927,-154900000,1282285000,1282285000,1905474000,533151000,1.995,1.721,1720974000,522295000,1198679000,1720974000,0,154470000,0,0.025,1.99,808123000,962593000,0.192,962593000,808123000,710718000,4.4,4.34,4.4,1862736000,1706104750,1862736000,10674720063,13,11.09,662413000,5.308,1.0,3114348000,0.62,816504000,97405000,3095692000,3279076250,387675000,0,0,0,3205926000,1617859000,1588067000,9778354063,305535000,-12436000,-150075000,8978000,-248881000,-375498000,-138391000,0,817313000,2111000,551380000,551380000,551380000,0,-18229000,0.11,2326300000,788048000,319525000,0.452,5.249,17.734,17.809,267398000,0,78.36,1.948,1.948,1319963000,4148722000,5019822000,5019822000,266375000,0.118,0.323,0.246,0.161,61624000,1579709000,1.0,124787571,124787571,,40.227,4274862000,0,159338000,0,34.257,1609748000
HAS,MRY,2017-12-31,2017-12-31,2017-12-31,2018-05-02,-239425000,5289983000,5098311000,3633926000,1656057000,1.022,14.692,-134877000,1581234000,1581234000,2033693000,396607000,2.903,1.891,1848566000,154957000,1693609000,1848566000,0,171836000,0,0.024,2.22,884418000,1056254000,0.203,1056254000,884418000,786150000,3.17,3.12,3.17,1829957000,1867586750,1829957000,11958352211,13,11.321,589501000,4.733,1.0,3176089000,0.61,790445000,98268000,3515173000,3285658250,433293000,0,0,0,3460026000,1251697000,2208329000,11320857211,298949000,0,-151311000,125459000,-276973000,-312173000,-131481000,0,724378000,18225000,396607000,396607000,396607000,0,0,0.076,2365730000,810359000,348476000,0.7,6.186,28.544,28.672,259710000,0,90.89,2.173,2.173,1405399000,4260222000,5209782000,5209782000,269020000,0.078,0.212,0.269,0.17,56032000,1626606000,1.0,124555586,124555586,,41.827,4499538000,0,389543000,0,36.125,2382229000
