ticker,dimension,calendardate,datekey,reportperiod,lastupdated,accoci,assets,assetsavg,assetsc,assetsnc,assetturnover,bvps,capex,cashneq,cashnequsd,cor,consolinc,currentratio,de,debt,debtc,debtnc,debtusd,deferredrev,depamor,deposits,divyield,dps,ebit,ebitda,ebitdamargin,ebitdausd,ebitusd,ebt,eps,epsdil,epsusd,equity,equityavg,equityusd,ev,evebit,evebitda,fcf,fcfps,fxusd,gp,grossmargin,intangibles,intexp,invcap,invcapavg,inventory,investments,investmentsc,investmentsnc,liabilities,liabilitiesc,liabilitiesnc,marketcap,ncf,ncfbus,ncfcommon,ncfdebt,ncfdiv,ncff,ncfi,ncfinv,ncfo,ncfx,netinc,netinccmn,netinccmnusd,netincdis,netincnci,netmargin,opex,opinc,payables,payoutratio,pb,pe,pe1,ppnenet,prefdivis,price,ps,ps1,receivables,retearn,revenue,revenueusd,rnd,roa,roe,roic,ros,sbcomp,sgna,sharefactor,sharesbas,shareswa,shareswadil,sps,tangibles,taxassets,taxexp,taxliabilities,tbvps,workingcapital
HBM,MRY,2011-12-31,2011-12-31,2011-12-31,2018-03-30,0,2452431000,2267987500,1037964000,1414467000,0.393,10.438,-246829000,899077000,899077000,587375000,-163588000,4.68,0.398,1159000,1159000,0,1159000,0,104601000,0,0.02,0.202,-13461000,91140000,0.102,91140000,-13461000,-20066000,-0.92,-0.92,-0.92,1752183000,1688290000,1752183000,585148823,-43,6.42,8602000,0.051,1.0,303442000,0.341,80118000,6605000,1252622000,1100742500,82871000,105305000,3112000,102193000,698053000,221773000,476280000,1486841823,-2616000,-94855000,145000,0,-34346000,-36497000,-224498000,-35849000,255431000,2948000,-153895000,-153895000,-153895000,238784000,9693000,-0.173,91591000,211851000,163187000,-0.22,0.849,-9.661,-10.815,1207168000,0,9.95,1.669,1.875,45521000,740441000,890817000,890817000,46923000,-0.068,-0.091,-0.012,-0.015,3037000,38737000,1.0,149431339,167863427,167863427,5.307,2372313000,17180000,133829000,192493000,14.132,816191000
HBM,MRY,2012-12-31,2012-12-31,2012-12-31,2018-03-30,0,3476497000,2964464000,1527737000,1948760000,0.237,9.617,-545575000,1337088000,1337088000,508667000,-23463000,4.419,1.102,521031000,18363000,502668000,521031000,462278000,76604000,0,0.02,0.204,65902000,142506000,0.203,142506000,65902000,51044000,-0.12,-0.12,-0.12,1653771000,1702977000,1653771000,832335286,12,5.841,-1723000,-0.01,1.0,193883000,0.276,79656000,14858000,2235094000,1743858000,64261000,75577000,2442000,73135000,1823037000,345690000,1477347000,1731412286,438011000,0,227000,471796000,-34392000,428955000,-545653000,-3802000,543852000,10857000,-20800000,-20800000,-20800000,0,2663000,-0.03,92161000,101722000,206490000,-1.7,1.047,-83.241,-83.917,1732173000,0,10.07,2.464,2.465,96025000,685249000,702550000,702550000,43572000,-0.007,-0.012,0.038,0.094,5769000,39573000,1.0,171937665,171960783,171960783,4.086,3396841000,66515000,71844000,219889000,19.754,1182047000
HBM,MRY,2013-12-31,2013-12-31,2013-12-31,2018-03-30,0,3614128000,3545312500,869835000,2744293000,0.146,8.943,-901985000,593669000,593669000,436799000,-109276000,2.705,1.354,769761000,15371000,754390000,769761000,498073000,77509000,0,0.013,0.108,-39166000,38343000,0.074,38343000,-39166000,-48087000,-0.59,-0.59,-0.59,1538569000,1596170000,1538569000,592495948,-15,15.453,-757866000,-4.405,1.0,80002000,0.155,79866000,8921000,3388743000,2811918500,56496000,67683000,758000,66925000,2083751000,321611000,1762140000,1408552948,-705661000,0,449000,261427000,-18924000,183448000,-1053013000,-7155000,144119000,19785000,-101359000,-101359000,-101359000,0,7917000,-0.196,86882000,-6880000,205808000,-0.183,0.915,-13.897,-13.881,2505713000,0,8.19,2.726,2.727,212179000,529189000,516801000,516801000,0,-0.029,-0.064,-0.014,-0.076,4851000,39956000,1.0,171984487,172048434,172048434,3.004,3534262000,65280000,53272000,276106000,20.542,548224000
HBM,MRY,2014-12-31,2014-12-31,2014-12-31,2018-03-30,0,4850881000,4232504500,461008000,4389873000,0.12,10.09,-890915000,178668000,178668000,450169000,65350000,1.233,1.3,1037531000,20809000,1016722000,1037531000,688125000,84402000,0,0.002,0.018,23366000,107768000,0.212,107768000,23366000,13942000,0.31,0.31,0.31,2109058000,1823813500,2109058000,1680931303,71,15.598,-625652000,-2.993,1.0,57346000,0.113,191981000,9424000,5143921000,4266332000,82378000,63997000,1159000,62838000,2741823000,373842000,2367981000,1493640303,-415001000,3033000,148721000,138962000,-3814000,196178000,-873824000,-2917000,265263000,-2618000,65269000,65269000,65269000,0,81000,0.129,87030000,-29684000,241948000,0.058,0.708,22.884,28.0,4065003000,0,8.68,2.943,3.575,203488000,590725000,507515000,507515000,0,0.015,0.036,0.005,0.046,7264000,41752000,1.0,172078376,209023666,209683580,2.428,4658900000,51961000,-51327000,381253000,22.289,87166000
HBM,MRY,2015-12-31,2015-12-31,2015-12-31,2018-03-30,0,4479585000,4665233000,435178000,4044407000,0.19,7.616,-490664000,53852000,53852000,767687000,-331428000,1.153,1.506,1312710000,80070000,1232640000,1312710000,597260000,217617000,0,0.004,0.016,-321578000,-103961000,-0.117,-103961000,-321578000,-399041000,-1.41,-1.41,-1.41,1787290000,1948174000,1787290000,1888779573,-5,-18.168,-304999000,-1.3,1.0,118364000,0.134,8859000,77463000,5352019000,5247970000,125835000,89242000,16512000,72730000,2692295000,377565000,2314730000,892412573,-124816000,-9729000,14008000,288742000,-3604000,187959000,-485544000,-4381000,185665000,-12896000,-331428000,-331428000,-331428000,0,0,-0.374,483820000,-365456000,187185000,-0.011,0.499,-2.693,-2.709,3890276000,0,3.82,1.007,1.012,254901000,255693000,886051000,886051000,0,-0.071,-0.17,-0.061,-0.363,-319000,30937000,1.0,233615857,234675080,234675080,3.776,4470726000,47641000,-67613000,298922000,19.051,57613000
HBM,MRY,2016-12-31,2016-12-31,2016-12-31,2018-03-30,0,4456556000,4468070500,436603000,4019953000,0.253,7.477,-192822000,146864000,146864000,905800000,-35193000,1.386,1.528,1286934000,33157000,1253777000,1286934000,537852000,299134000,0,0.003,0.015,172676000,471810000,0.418,471810000,172676000,5605000,-0.15,-0.15,-0.15,1763212000,1775251000,1763212000,2599678621,15,5.51,282252000,1.197,1.0,222878000,0.197,6614000,167071000,5274948000,5313483500,117001000,34245000,3397000,30848000,2693344000,315064000,2378280000,1340820621,93012000,0,11719000,-95946000,-3567000,-236077000,-147056000,-359000,475074000,1071000,-35193000,-35193000,-35193000,0,0,-0.031,53102000,169776000,169662000,-0.1,0.76,-38.099,-38.0,3865823000,0,5.7,1.188,1.191,185215000,216933000,1128678000,1128678000,0,-0.008,-0.02,0.032,0.153,9887000,37774000,1.0,235231688,235807509,235807509,4.786,4449942000,96802000,40798000,359335000,18.871,121539000
HBM,MRY,2017-12-31,2017-12-31,2017-12-31,2018-03-30,0,4648729000,4552642500,665542000,3983187000,0.299,8.806,-249763000,356499000,356499000,988608000,163899000,1.865,1.168,1111709000,45087000,1066622000,1111709000,498044000,293235000,0,0.002,0.015,301756000,594991000,0.437,594991000,301756000,198728000,0.67,0.67,0.67,2144255000,1953733500,2144255000,3228056454,10,5.425,289813000,1.19,1.0,373945000,0.274,5575000,103028000,5041497000,5158222500,147491000,25302000,2841000,22461000,2504474000,356867000,2147607000,2087986454,209635000,0,186852000,-263948000,-3686000,-92847000,-234264000,-2245000,539576000,-2830000,163899000,163899000,163899000,0,0,0.12,56637000,317308000,199117000,0.022,0.974,12.739,13.134,3880894000,0,8.8,1.532,1.573,187981000,377146000,1362553000,1362553000,0,0.036,0.084,0.059,0.221,15919000,42283000,1.0,237271188,243500696,243500696,5.596,4643154000,35992000,34829000,312886000,19.068,308675000
