ticker,dimension,calendardate,datekey,reportperiod,lastupdated,accoci,assets,assetsavg,assetsc,assetsnc,assetturnover,bvps,capex,cashneq,cashnequsd,cor,consolinc,currentratio,de,debt,debtc,debtnc,debtusd,deferredrev,depamor,deposits,divyield,dps,ebit,ebitda,ebitdamargin,ebitdausd,ebitusd,ebt,eps,epsdil,epsusd,equity,equityavg,equityusd,ev,evebit,evebitda,fcf,fcfps,fxusd,gp,grossmargin,intangibles,intexp,invcap,invcapavg,inventory,investments,investmentsc,investmentsnc,liabilities,liabilitiesc,liabilitiesnc,marketcap,ncf,ncfbus,ncfcommon,ncfdebt,ncfdiv,ncff,ncfi,ncfinv,ncfo,ncfx,netinc,netinccmn,netinccmnusd,netincdis,netincnci,netmargin,opex,opinc,payables,payoutratio,pb,pe,pe1,ppnenet,prefdivis,price,ps,ps1,receivables,retearn,revenue,revenueusd,rnd,roa,roe,roic,ros,sbcomp,sgna,sharefactor,sharesbas,shareswa,shareswadil,sps,tangibles,taxassets,taxexp,taxliabilities,tbvps,workingcapital
HCCI,MRY,2011-12-31,2011-12-31,2011-12-31,2018-05-03,0,134056000,115369500,44474000,89582000,1.325,5.465,-43363000,2186000,2186000,124000000,1474000,1.537,0.707,21891000,1053000,20838000,21891000,0,5657000,0,0.0,0.0,2496000,8153000,0.053,8153000,2496000,2459000,0.1,0.1,0.1,78553000,76642250,78553000,247117406,99,30.31,-38460000,-2.687,1.0,28858000,0.189,6270000,37000,118559000,94741250,21260000,0,0,0,55503000,28932000,26571000,237689406,-19571000,-2252000,1675000,19466000,0,21141000,-45615000,0,4903000,0,1474000,1474000,1474000,0,0,0.01,26362000,2496000,21266000,0.0,3.026,161.255,165.6,83058000,0,16.56,1.555,1.551,17047000,5344000,152858000,152858000,0,0.013,0.019,0.026,0.016,1060000,20715000,1.0,14353225,14313000,14710000,10.68,127786000,2280000,985000,5827000,8.891,15542000
HCCI,MRY,2012-12-31,2012-12-29,2012-12-29,2018-05-03,0,199111000,188735500,102563000,96548000,1.338,8.098,-23056000,47766000,47766000,213568000,2254000,4.198,0.333,20881000,1803000,19078000,20881000,0,8141000,0,0.0,0.0,4582000,12723000,0.05,12723000,4582000,3997000,0.13,0.13,0.13,149391000,131390750,149391000,244095444,53,19.185,-20411000,-1.206,1.0,38923000,0.154,6356000,585000,141436000,139471500,27231000,0,0,0,49720000,24434000,25286000,269218444,45580000,0,67519000,-1053000,0,65991000,-23056000,0,2645000,0,2254000,2254000,2254000,0,0,0.009,34341000,4582000,16509000,0.0,1.802,119.44,114.615,90192000,0,14.9,1.066,0.999,23338000,7598000,252491000,252491000,0,0.012,0.017,0.033,0.018,1066000,26194000,1.0,18068352,16921000,17363000,14.922,192755000,1407000,1743000,6823000,10.449,78129000
HCCI,MRY,2013-12-31,2013-12-28,2013-12-28,2018-05-03,0,215958000,208802750,85776000,130182000,1.356,8.619,-18404000,22632000,22632000,234638000,4645000,2.921,0.358,20958000,2906000,18052000,20958000,0,9524000,0,0.0,0.0,8390000,17914000,0.063,17914000,8390000,7973000,0.25,0.24,0.25,158370000,153264750,158370000,356025885,42,19.874,-3021000,-0.166,1.0,48498000,0.171,25708000,417000,159212000,151476750,27307000,0,0,0,56654000,29364000,27290000,365424885,-25134000,-21165000,836000,-1233000,0,-948000,-39569000,0,15383000,0,4545000,4545000,4545000,0,100000,0.016,40008000,8490000,18291000,0.0,2.307,80.402,79.36,104474000,0,19.84,1.291,1.277,31172000,12143000,283136000,283136000,0,0.022,0.03,0.055,0.03,1367000,30274000,1.0,18418593,18224000,18552000,15.536,190250000,1004000,3428000,10530000,10.354,56412000
HCCI,MRY,2014-12-31,2015-01-03,2015-01-03,2018-05-03,0,319819000,245598000,116535000,203284000,1.381,9.74,-20240000,21555000,21555000,290622000,-6865000,2.198,0.71,79153000,5259000,73894000,79153000,0,12877000,0,0.0,0.0,-9802000,3075000,0.009,3075000,-9802000,-10491000,-0.38,-0.38,-0.38,186496000,166251250,186496000,232379671,-23,75.571,-5563000,-0.299,1.0,48430000,0.143,44108000,689000,280282000,193136250,30798000,0,0,0,132405000,53027000,79378000,228952671,-1077000,-86865000,34314000,57589000,0,91351000,-107105000,0,14677000,0,-7008000,-7008000,-7008000,0,143000,-0.021,58089000,-9659000,32466000,0.0,1.228,-32.67,-32.342,159176000,0,12.29,0.675,0.674,49857000,5135000,339052000,339052000,0,-0.029,-0.042,-0.051,-0.029,627000,45646000,1.0,18629184,18604000,18604000,18.225,275711000,2549000,-3483000,9564000,14.4,63508000
HCCI,MRY,2015-12-31,2016-01-02,2016-01-02,2018-05-03,0,301848000,306417250,94784000,207064000,1.142,8.53,-18535000,23608000,23608000,280708000,1410000,2.038,0.592,69478000,6700000,62778000,69478000,0,17197000,0,0.0,0.0,4029000,21226000,0.061,21226000,4029000,2149000,0.06,0.06,0.06,189165000,188696250,189165000,289707737,71,13.649,10473000,0.473,1.0,69310000,0.198,52527000,1880000,248680000,271723500,24774000,0,0,0,112015000,46511000,65504000,236555737,2053000,0,342000,-8257000,0,-8420000,-18535000,0,29008000,0,1250000,1250000,1250000,0,160000,0.004,65121000,4189000,25129000,0.0,1.251,189.245,176.667,154537000,0,10.6,0.676,0.671,41592000,6385000,350018000,350018000,0,0.004,0.007,0.015,0.012,1077000,45269000,1.0,22316579,22146000,22408000,15.805,249321000,0,899000,9461000,11.243,48273000
HCCI,MRY,2016-12-31,2016-12-31,2016-12-31,2018-05-03,0,314307000,307367250,108795000,205512000,1.131,8.861,-15508000,36610000,36610000,267503000,6014000,2.007,0.587,63454000,6936000,56518000,63454000,0,17991000,0,0.0,0.0,10722000,28713000,0.083,28713000,10722000,8653000,0.26,0.26,0.26,197549000,192107750,197549000,388653379,36,13.536,22591000,1.015,1.0,80124000,0.23,51304000,2069000,235641000,242235000,18558000,0,0,0,116038000,54206000,61832000,351844379,13002000,-3393000,623000,-6699000,0,-6196000,-18901000,0,38099000,0,5842000,5842000,5842000,0,172000,0.017,69230000,10894000,30984000,0.0,1.781,60.227,60.385,154208000,0,15.7,1.012,1.005,47533000,12227000,347627000,347627000,0,0.019,0.03,0.044,0.031,1919000,49823000,1.0,22410470,22258000,22516000,15.618,263003000,0,2811000,12043000,11.797,54589000
HCCI,MRY,2017-12-31,2017-12-30,2017-12-30,2018-05-03,0,314657000,300567000,114914000,199743000,1.218,10.182,-10008000,41889000,41889000,276102000,28410000,2.842,0.335,28744000,0,28744000,28744000,0,17967000,0,0.0,0.0,35140000,53107000,0.145,53107000,35140000,34046000,1.24,1.23,1.24,235228000,219016250,235228000,492835302,14,9.28,35323000,1.559,1.0,89855000,0.246,48312000,1094000,212769000,209661000,21639000,0,0,0,78731000,40431000,38300000,497636302,5279000,0,5511000,-35246000,0,-30044000,-10008000,0,45331000,0,28123000,28123000,28123000,0,287000,0.077,54428000,35427000,25568000,0.0,2.116,17.695,17.54,151431000,0,21.75,1.36,1.347,45491000,41359000,365957000,365957000,0,0.094,0.128,0.168,0.096,3036000,47401000,1.0,22879830,22662000,22922000,16.148,266345000,0,5923000,15343000,11.529,74483000
