ticker,dimension,calendardate,datekey,reportperiod,lastupdated,accoci,assets,assetsavg,assetsc,assetsnc,assetturnover,bvps,capex,cashneq,cashnequsd,cor,consolinc,currentratio,de,debt,debtc,debtnc,debtusd,deferredrev,depamor,deposits,divyield,dps,ebit,ebitda,ebitdamargin,ebitdausd,ebitusd,ebt,eps,epsdil,epsusd,equity,equityavg,equityusd,ev,evebit,evebitda,fcf,fcfps,fxusd,gp,grossmargin,intangibles,intexp,invcap,invcapavg,inventory,investments,investmentsc,investmentsnc,liabilities,liabilitiesc,liabilitiesnc,marketcap,ncf,ncfbus,ncfcommon,ncfdebt,ncfdiv,ncff,ncfi,ncfinv,ncfo,ncfx,netinc,netinccmn,netinccmnusd,netincdis,netincnci,netmargin,opex,opinc,payables,payoutratio,pb,pe,pe1,ppnenet,prefdivis,price,ps,ps1,receivables,retearn,revenue,revenueusd,rnd,roa,roe,roic,ros,sbcomp,sgna,sharefactor,sharesbas,shareswa,shareswadil,sps,tangibles,taxassets,taxexp,taxliabilities,tbvps,workingcapital
HCKT,MRY,2011-12-31,2011-12-30,2011-12-30,2018-05-09,-5442000,167426000,154315000,77464000,89962000,1.355,3.3,-4939000,33821000,33821000,138106000,21769000,2.185,0.285,0,0,0,0,0,2825000,0,0.0,0.0,17274000,20099000,0.096,20099000,17274000,17274000,0.55,0.52,0.55,130248000,121647250,130248000,131439679,7,6.54,15376000,0.385,1.0,70957000,0.339,75558000,0,22596000,25342500,0,0,0,0,37178000,35451000,1727000,151081679,7599000,0,-8639000,0,0,-8639000,-4215000,0,20315000,138000,21769000,21769000,21769000,-342000,0,0.104,54058000,16899000,7433000,0.0,1.16,6.94,6.8,11696000,0,3.74,0.723,0.714,35209000,-103129000,209063000,209063000,0,0.141,0.179,0.682,0.083,4605000,54058000,1.0,40396171,39895000,41875000,5.24,91868000,6975000,-4495000,1727000,2.327,42013000
HCKT,MRY,2012-12-31,2012-12-28,2012-12-28,2018-05-09,-4504000,153921000,150682750,60851000,93070000,1.478,3.2,-3252000,17589000,17589000,148899000,16697000,1.641,0.625,25000000,2895000,22105000,25000000,0,2627000,0,0.025,0.1,16849000,19476000,0.087,19476000,16849000,16219000,0.53,0.5,0.53,94726000,87377750,94726000,134714488,7,6.917,17100000,0.539,1.0,73837000,0.332,76220000,630000,48022000,55219250,0,0,0,0,59195000,37090000,22105000,121931488,-16030000,0,-54835000,24518000,-3081000,-33398000,-3050000,0,20352000,66000,16697000,16697000,16697000,222000,0,0.075,56786000,17051000,7711000,0.189,1.287,7.303,7.547,12859000,0,4.0,0.547,0.569,36869000,-89513000,222736000,222736000,0,0.111,0.191,0.305,0.076,5522000,56997000,1.0,30482872,31704000,33511000,7.025,77701000,6451000,-478000,0,2.625,23761000
HCKT,MRY,2013-12-31,2013-12-27,2013-12-27,2018-05-09,-4451000,150318000,146789000,59623000,90695000,1.525,3.139,-2068000,18553000,18553000,153895000,8729000,1.768,0.613,19029000,0,19029000,19029000,0,2485000,0,0.016,0.1,15599000,18084000,0.081,18084000,15599000,15127000,0.29,0.27,0.29,93176000,98819750,93176000,190224877,12,10.519,23364000,0.772,1.0,69935000,0.312,76283000,472000,40785000,45585500,0,0,0,0,57142000,33726000,23416000,190571877,1293000,0,-13225000,-6101000,-3096000,-22422000,-1739000,0,25432000,22000,8729000,8729000,8729000,135000,0,0.039,54208000,15727000,8080000,0.345,2.045,21.832,21.414,13019000,0,6.21,0.851,0.84,34011000,-83880000,223830000,223830000,0,0.059,0.088,0.342,0.07,6119000,54208000,1.0,30687903,30283000,32116000,7.391,74035000,5130000,6398000,4387000,2.494,25897000
HCKT,MRY,2014-12-31,2015-01-02,2015-01-02,2018-05-09,-6165000,149598000,157585000,53868000,95730000,1.502,3.178,-3097000,14608000,14608000,162176000,9711000,1.401,0.666,18263000,0,18263000,18263000,0,4569000,0,0.014,0.12,12592000,17161000,0.072,17161000,12592000,11966000,0.34,0.33,0.34,89788000,88981250,89788000,270155796,21,15.742,15662000,0.545,1.0,74561000,0.315,75429000,626000,39374000,47470500,0,0,0,0,59810000,38450000,21360000,254033796,-3591000,-2355000,-12765000,-1009000,-3508000,-17282000,-5098000,0,18759000,30000,9711000,9711000,9711000,0,0,0.041,64990000,9571000,7549000,0.353,2.829,26.159,25.588,13753000,0,8.7,1.073,1.055,37421000,-77677000,236737000,236737000,0,0.062,0.109,0.265,0.053,6370000,61386000,1.0,29199287,28718000,29881000,8.244,74169000,0,2255000,3097000,2.625,15418000
HCKT,MRY,2015-12-31,2016-01-01,2016-01-01,2018-05-09,-7972000,160379000,157483750,67487000,92892000,1.657,3.147,-3002000,23503000,23503000,173383000,13809000,1.347,0.57,0,0,0,0,0,4789000,0,0.012,0.2,21925000,26714000,0.102,26714000,21925000,21516000,0.47,0.43,0.47,102144000,96105000,102144000,465108090,21,17.411,33175000,1.12,1.0,87557000,0.336,74584000,409000,12180000,34209250,0,0,0,0,58235000,50112000,8123000,472183090,8895000,0,-2893000,-18277000,-3067000,-24237000,-3002000,0,36177000,-43000,13809000,13809000,13809000,0,0,0.053,65632000,21925000,8300000,0.426,4.623,34.194,34.191,14102000,0,16.07,1.81,1.824,42046000,-70134000,260940000,260940000,0,0.088,0.144,0.641,0.084,10361000,65632000,1.0,29382893,29620000,31968000,8.81,85795000,0,7707000,8123000,2.644,17375000
HCKT,MRY,2016-12-31,2016-12-30,2016-12-30,2018-05-09,-11549000,159299000,156212250,68813000,90486000,1.847,3.019,-3179000,19710000,19710000,191927000,21541000,1.233,0.847,7000000,0,7000000,7000000,0,3585000,0,0.015,0.26,34553000,38138000,0.132,38138000,34553000,34166000,0.74,0.66,0.74,86269000,86532250,86269000,502467834,14,13.175,29710000,1.022,1.0,96634000,0.335,72376000,387000,18399000,29038500,0,0,0,0,73030000,55814000,17216000,504255834,-3793000,0,-33099000,6763000,-7163000,-33499000,-3179000,0,32889000,-4000,21541000,21541000,21541000,0,0,0.075,62081000,34553000,9089000,0.351,5.845,23.409,23.865,14774000,0,17.66,1.747,1.78,47399000,-56581000,288561000,288561000,0,0.138,0.249,1.19,0.12,8765000,62081000,1.0,28553558,29082000,32815000,9.922,86923000,0,12625000,10216000,3.042,12999000
HCKT,MRY,2017-12-31,2017-12-29,2017-12-29,2018-05-09,-8509000,185231000,175772000,75285000,109946000,1.626,3.733,-6517000,17512000,17512000,188922000,27354000,1.463,0.727,19000000,0,19000000,19000000,0,4532000,0,0.019,0.3,30822000,35354000,0.124,35354000,30822000,30238000,0.95,0.85,0.95,107275000,98306750,107275000,455965069,14,12.897,19992000,0.693,1.0,96940000,0.339,85074000,584000,50197000,48238250,0,0,0,0,77956000,51448000,26508000,450191069,-2198000,-11007000,-14508000,12000000,-8670000,-11178000,-17524000,0,26509000,-5000,27354000,27354000,27354000,0,0,0.096,66118000,30822000,8434000,0.316,4.197,16.458,16.537,18851000,0,15.71,1.575,1.586,55262000,-38515000,285862000,285862000,0,0.156,0.278,0.639,0.108,10316000,64825000,1.0,28656338,28852000,32196000,9.908,100157000,0,2884000,6240000,3.486,23837000
