ticker,dimension,calendardate,datekey,reportperiod,lastupdated,accoci,assets,assetsavg,assetsc,assetsnc,assetturnover,bvps,capex,cashneq,cashnequsd,cor,consolinc,currentratio,de,debt,debtc,debtnc,debtusd,deferredrev,depamor,deposits,divyield,dps,ebit,ebitda,ebitdamargin,ebitdausd,ebitusd,ebt,eps,epsdil,epsusd,equity,equityavg,equityusd,ev,evebit,evebitda,fcf,fcfps,fxusd,gp,grossmargin,intangibles,intexp,invcap,invcapavg,inventory,investments,investmentsc,investmentsnc,liabilities,liabilitiesc,liabilitiesnc,marketcap,ncf,ncfbus,ncfcommon,ncfdebt,ncfdiv,ncff,ncfi,ncfinv,ncfo,ncfx,netinc,netinccmn,netinccmnusd,netincdis,netincnci,netmargin,opex,opinc,payables,payoutratio,pb,pe,pe1,ppnenet,prefdivis,price,ps,ps1,receivables,retearn,revenue,revenueusd,rnd,roa,roe,roic,ros,sbcomp,sgna,sharefactor,sharesbas,shareswa,shareswadil,sps,tangibles,taxassets,taxexp,taxliabilities,tbvps,workingcapital
HCSG,MRY,2011-12-31,2011-12-31,2011-12-31,2018-04-28,343000,289695000,279052500,232121000,57574000,3.186,3.254,-5523000,38639000,38639000,766958000,38156000,5.114,0.331,0,0,0,0,0,4387000,0,0.036,0.632,57812000,62199000,0.07,62199000,57812000,57812000,0.57,0.56,0.57,217726000,215670250,217726000,1153821020,19,18.55,27425000,0.412,1.0,122107000,0.137,24327000,0,181342000,183807750,25144000,31337000,31337000,0,71969000,45387000,26582000,1180949020,-1053000,-1000000,2491000,0,-42228000,-38515000,4514000,11037000,32948000,0,38156000,38156000,38156000,0,0,0.043,65306000,56801000,10650000,1.109,5.424,30.951,31.035,9763000,0,17.69,1.328,1.326,132227000,126921000,889065000,889065000,0,0.137,0.177,0.315,0.065,2152000,65306000,1.0,66758000,66637000,67585000,13.342,265368000,8586000,19656000,951000,3.966,186734000
HCSG,MRY,2012-12-31,2012-12-31,2012-12-31,2018-04-28,127000,331183000,312851250,267846000,63337000,3.444,3.375,-3458000,68949000,68949000,930814000,44214000,3.958,0.443,0,0,0,0,0,5116000,0,0.028,0.652,70264000,75380000,0.07,75380000,70264000,70264000,0.65,0.65,0.65,229570000,223942250,229570000,1520284820,21,20.168,56918000,0.843,1.0,146621000,0.136,22158000,0,172412000,176330250,28675000,21322000,21322000,0,101613000,67664000,33949000,1573460820,30310000,0,5691000,0,-44093000,-35753000,5687000,9145000,60376000,0,44214000,44214000,44214000,0,0,0.041,79277000,67344000,22810000,1.003,6.854,35.587,35.738,10272000,0,23.23,1.46,1.456,142041000,127042000,1077435000,1077435000,0,0.141,0.197,0.398,0.065,2538000,79277000,1.0,67734000,67511000,68485000,15.959,309025000,11215000,26050000,2481000,4.544,200182000
HCSG,MRY,2013-12-31,2013-12-31,2013-12-31,2018-04-28,49000,425342000,378335500,309192000,116150000,3.039,4.071,-3604000,64155000,64155000,995104000,47129000,3.12,0.492,0,0,0,0,0,6204000,0,0.024,0.672,66489000,72693000,0.063,72693000,66489000,66489000,0.68,0.67,0.68,285143000,264435500,285143000,1929808850,29,26.547,28554000,0.413,1.0,154786000,0.135,63555000,0,198529000,201595000,32447000,11445000,11445000,0,140199000,99103000,41096000,1980367850,-4794000,-5000000,6535000,0,-46707000,-37557000,605000,9209000,32158000,0,47129000,47129000,47129000,0,0,0.041,91998000,62788000,43682000,0.988,6.945,42.02,41.721,11304000,0,28.37,1.722,1.707,194886000,127464000,1149890000,1149890000,0,0.125,0.178,0.33,0.058,2607000,91998000,1.0,69805000,69206000,70045000,16.615,361787000,15613000,19360000,1878000,5.165,210089000
HCSG,MRY,2014-12-31,2014-12-31,2014-12-31,2018-04-28,25000,469579000,448535250,334828000,134751000,2.883,3.883,-5712000,75280000,75280000,1155293000,21850000,2.839,0.702,0,0,0,0,0,7269000,0,0.022,0.693,31708000,38977000,0.03,38977000,31708000,31708000,0.31,0.31,0.31,275830000,285086250,275830000,2132978030,67,54.724,52018000,0.737,1.0,137890000,0.107,64787000,0,211553000,213087750,35462000,11799000,11799000,0,193749000,117959000,75790000,2185854030,11125000,0,6306000,0,-49077000,-40145000,-6460000,-748000,57730000,0,21850000,21850000,21850000,0,0,0.017,107810000,30080000,43554000,2.235,7.925,100.039,99.774,12772000,0,30.93,1.69,1.689,203307000,100237000,1293183000,1293183000,0,0.049,0.077,0.149,0.025,3080000,107810000,1.0,70671000,70616000,71341000,18.313,404792000,31600000,9858000,0,5.699,216869000
HCSG,MRY,2015-12-31,2015-12-31,2015-12-31,2018-04-28,543000,480949000,476183000,365342000,115607000,3.017,4.108,-4731000,33189000,33189000,1236108000,58024000,3.803,0.622,0,0,0,0,0,7660000,0,0.02,0.712,89764000,97424000,0.068,97424000,89764000,89764000,0.81,0.8,0.81,296456000,292381250,296456000,2465120290,27,25.303,58630000,0.816,1.0,200741000,0.14,61546000,0,290149000,257291000,36308000,69496000,69496000,0,184493000,96065000,88428000,2509489290,-42091000,0,6364000,0,-51375000,-43138000,-62314000,-57583000,63361000,0,58024000,58024000,58024000,0,0,0.04,111689000,89052000,41472000,0.879,8.465,43.249,43.049,13086000,0,34.87,1.747,1.743,217826000,106886000,1436849000,1436849000,0,0.122,0.198,0.349,0.062,1668000,111689000,1.0,71967000,71826000,72512000,20.005,419403000,12567000,31740000,3212000,5.812,269277000
HCSG,MRY,2016-12-31,2016-12-31,2016-12-31,2018-04-28,-319000,528446000,522728250,414624000,113822000,2.989,4.65,-5167000,23853000,23853000,1339492000,77396000,4.11,0.56,0,0,0,0,0,7496000,0,0.019,0.733,120387000,127883000,0.082,127883000,120387000,120387000,1.06,1.05,1.06,338842000,326408750,338842000,2818905790,23,22.043,36233000,0.498,1.0,223170000,0.143,58847000,0,344875000,331199500,37800000,67730000,67730000,0,189604000,100871000,88733000,2843232790,-9336000,0,6077000,0,-53342000,-44284000,-6452000,-1285000,41400000,0,77396000,77396000,77396000,0,0,0.05,105417000,117753000,42912000,0.692,8.391,36.736,36.953,13455000,0,39.17,1.819,1.824,278807000,130940000,1562662000,1562662000,0,0.148,0.237,0.363,0.077,1271000,105417000,1.0,72587000,72754000,73474000,21.479,469599000,9822000,42991000,7686000,6.445,313753000
HCSG,MRY,2017-12-31,2017-12-31,2017-12-31,2018-04-28,837000,676003000,629599750,527406000,148597000,2.964,5.434,-5059000,9557000,9557000,1612510000,88226000,2.864,0.69,35382000,35382000,0,35382000,0,8886000,0,0.014,0.753,132965000,141851000,0.076,141851000,132965000,132965000,1.2,1.19,1.2,399952000,380740500,399952000,3876947560,29,27.331,2571000,0.035,1.0,253621000,0.136,81965000,0,435695000,397449250,42393000,73221000,73221000,0,276051000,184168000,91883000,3862952560,-14296000,-4584000,12903000,35382000,-55244000,-6959000,-14967000,-5324000,7630000,0,88226000,88226000,88226000,0,0,0.047,126732000,126889000,74463000,0.627,9.659,43.785,43.933,13509000,0,52.72,2.07,2.072,394196000,163860000,1866131000,1866131000,0,0.14,0.232,0.335,0.071,276000,126732000,1.0,73273000,73355000,74348000,25.44,594038000,7498000,44739000,15378000,8.071,343238000
