ticker,dimension,calendardate,datekey,reportperiod,lastupdated,accoci,assets,assetsavg,assetsc,assetsnc,assetturnover,bvps,capex,cashneq,cashnequsd,cor,consolinc,currentratio,de,debt,debtc,debtnc,debtusd,deferredrev,depamor,deposits,divyield,dps,ebit,ebitda,ebitdamargin,ebitdausd,ebitusd,ebt,eps,epsdil,epsusd,equity,equityavg,equityusd,ev,evebit,evebitda,fcf,fcfps,fxusd,gp,grossmargin,intangibles,intexp,invcap,invcapavg,inventory,investments,investmentsc,investmentsnc,liabilities,liabilitiesc,liabilitiesnc,marketcap,ncf,ncfbus,ncfcommon,ncfdebt,ncfdiv,ncff,ncfi,ncfinv,ncfo,ncfx,netinc,netinccmn,netinccmnusd,netincdis,netincnci,netmargin,opex,opinc,payables,payoutratio,pb,pe,pe1,ppnenet,prefdivis,price,ps,ps1,receivables,retearn,revenue,revenueusd,rnd,roa,roe,roic,ros,sbcomp,sgna,sharefactor,sharesbas,shareswa,shareswadil,sps,tangibles,taxassets,taxexp,taxliabilities,tbvps,workingcapital
HDB,MRY,2011-12-31,2011-03-31,2011-03-31,2017-07-31,-5712500000,2920236300000,2668378350000,,,0.055,151.976,-5745300000,288902100000,6482690925,0,41527300000,,7.396,229973900000,,,5160397638,0,7697200000,2082129000000,0.005,0.16,62895200000,70592400000,0.485,1584026945,1411309029,62895200000,53.57,52.82,1.202,347829800000,327142000000,7804972993,23144943792,16,14.611,44371300000,19.387,44.565,145595800000,1.0,81340800000,0,2779967300000,2494524600000,0,2391827200000,,,2572406500000,,,25903700917,-8656400000,0,8281600000,-3810300000,-6440900000,407938500000,-466676000000,-395856100000,50116600000,-35500000,41196900000,41196900000,924419621,0,330400000,0.283,82370200000,63225600000,27746000000,0.133,3.319,28.022,28.275,22881200000,0,33.988,7.929,23.81,0,71946100000,145595800000,3267032574,0,0.015,0.126,0.025,0.432,3407700000,74673000000,0.333,2288716360,2288716360,,1.427,2838895500000,0,21698300000,0,1240.388,
HDB,MRY,2012-12-31,2012-03-31,2012-03-31,2017-07-31,-7212800000,3571155700000,3245696000000,,,0.053,170.495,-7878500000,188043000000,3708394231,0,50008000000,,8.005,361009400000,,,7119462976,0,7917600000,2465049600000,0.006,0.22,73612100000,81529700000,0.476,1607846445,1451703530,73612100000,63.96,63.42,1.261,396592700000,372211250000,7821200901,25212797089,17,15.681,29613800000,12.731,50.707,171150200000,1.0,79011900000,0,3665110200000,3222538750000,0,3061462900000,,,3174563000000,,,26413886047,-100859100000,0,5302800000,120782400000,-8947600000,502352400000,-644119300000,-578977600000,37492300000,3415500000,49783400000,49783400000,981777962,0,224600000,0.291,97313500000,73836700000,51935900000,0.174,3.377,26.904,27.034,24960900000,0,34.1,7.826,23.501,0,99761600000,171150200000,3375251482,0,0.015,0.134,0.023,0.43,3887700000,89395900000,0.333,2326128420,2326128420,,1.451,3492143800000,0,23828700000,0,1501.269,
HDB,MRY,2013-12-31,2013-03-31,2013-03-31,2017-07-31,485400000,4370906100000,3971030900000,,,0.053,200.443,-9951000000,218740200000,4026975964,0,62134700000,,8.292,645836900000,,,11889765453,0,8990700000,2960533900000,0.006,0.24,91659500000,100650200000,0.48,1852955863,1687438355,91659500000,78.62,77.81,1.447,470377900000,433485300000,8659590224,32366659146,19,17.468,61562500000,26.234,54.319,209565900000,1.0,76707400000,0,4721295400000,4193202800000,0,3876272300000,,,3900528200000,,,29241753996,30697200000,0,11171000000,149953700000,-11787000000,642612900000,-684969500000,-623374500000,71513500000,1540300000,61819400000,61819400000,1138086359,0,315300000,0.295,117591100000,91974800000,58135200000,0.166,3.377,25.694,25.854,28978400000,0,37.42,7.579,22.761,0,132773300000,209565900000,3858078406,0,0.016,0.143,0.022,0.437,4533700000,108600400000,0.333,2346688270,2346688270,,1.644,4294198700000,0,29840100000,0,1829.897,
HDB,MRY,2014-12-31,2014-03-31,2014-03-31,2017-07-31,-11590400000,5125407300000,4748156700000,,,0.052,224.005,-9601200000,370835200000,6194536763,0,79446200000,,8.616,545984100000,,,9120273856,0,8518800000,3670000100000,0.008,0.31,121623900000,130142700000,0.529,2173940714,2031640253,121623900000,99.64,98.92,1.664,533000700000,501689300000,8903395446,39738785079,19,18.28,117550100000,49.403,59.865,245978500000,1.0,75168900000,0,5225387300000,4973341350000,0,4393354600000,,,4592406600000,,,32509978412,152095000000,0,7232900000,95755700000,-15372600000,794437600000,-776871400000,-700371500000,127151300000,7377500000,79319700000,79319700000,1324978852,0,126500000,0.322,124228100000,121750400000,27734700000,0.186,3.651,24.536,24.651,31369100000,0,41.03,7.912,23.76,0,175105900000,245978500000,4108894897,0,0.017,0.158,0.024,0.494,5495500000,115709300000,0.333,2379419030,2379419030,,1.727,5050238400000,0,42304200000,0,2122.467,
HDB,MRY,2015-12-31,2015-03-31,2015-03-31,2017-07-31,10826400000,6259015800000,5692211550000,,,0.053,313.277,-8584500000,341124300000,5450118828,0,99504700000,,7.328,722126300000,,,11537360850,0,7124800000,4501710800000,0.006,0.35,153757600000,160882400000,0.538,2570406732,2456574306,153757600000,122.94,121.77,1.964,751567600000,642284150000,12007742419,49959655727,20,19.436,100772600000,42.005,62.59,298997600000,1.0,74949900000,0,6565067900000,5895227600000,0,5633402700000,,,5507448200000,,,47046266679,-29710900000,0,107182000000,116511200000,-19300500000,1028946000000,-1171640500000,-1080563900000,109357100000,3626500000,99237700000,99237700000,1585513718,0,267000000,0.332,144973000000,154024600000,32689500000,0.178,3.918,29.673,29.982,33355900000,0,58.89,9.848,29.575,0,228804400000,298997600000,4777063520,0,0.017,0.155,0.026,0.514,9138800000,137848200000,0.333,2399050435,2399050435,,1.991,6184065900000,0,54519900000,0,2577.714,
HDB,MRY,2016-12-31,2016-03-31,2016-03-31,2017-07-31,11515300000,7736723300000,6997869550000,,,0.053,347.415,-9871900000,377671700000,5697419751,0,118049900000,,7.885,1081935900000,,,16321696772,0,7434500000,5457860300000,0.006,0.35,185452200000,192886700000,0.525,2909819545,2797665346,185452200000,140.66,139.13,2.122,870795200000,811181400000,13136503932,57386787122,20,19.722,160201300000,63.914,66.288,367664100000,1.0,74942900000,0,8366044600000,7465556250000,0,7035939300000,,,6865928100000,,,51440277026,36547400000,0,12229000000,89100300000,-24367900000,1007931000000,-1144840900000,-1010338800000,170073200000,3384100000,117915300000,117915300000,1778827906,0,134600000,0.321,182077300000,185586800000,41184300000,0.165,3.916,28.918,29.044,35679700000,0,61.63,9.274,27.851,0,290542400000,367664100000,5546448689,0,0.017,0.145,0.025,0.504,12593800000,174642800000,0.333,2506495317,2506495317,,2.213,7661780400000,0,67536900000,0,3056.77,
HDB,MRY,2017-12-31,2017-03-31,2017-03-31,2017-07-31,26031600000,9066980500000,8401851900000,,,0.05,406.576,-12534200000,430708600000,6632919072,0,140740600000,,7.821,1053186300000,,,16219085239,0,8879900000,6431322900000,0.006,0.42,219754700000,228634600000,0.539,3520976360,3384225764,219754700000,165.86,163.87,2.554,1027901100000,949348150000,15829692769,73857400703,21,20.976,366738000000,145.06,64.935,424170300000,1.0,74939900000,0,9614518300000,8990281450000,0,8238231600000,,,8039079400000,,,63326673206,53036900000,0,22615100000,280677800000,-29280900000,1253976600000,-1578204100000,-1437179700000,379272200000,-2007800000,140529800000,140529800000,2164161084,0,210800000,0.331,204204800000,219965500000,44487600000,0.164,4.0,29.262,29.449,38969300000,0,75.22,9.694,29.113,0,364471900000,424170300000,6532229152,0,0.017,0.148,0.024,0.518,8203200000,195324900000,0.333,2528186517,2528186517,,2.584,8992040600000,0,79224900000,0,3556.716,
