ticker,dimension,calendardate,datekey,reportperiod,lastupdated,accoci,assets,assetsavg,assetsc,assetsnc,assetturnover,bvps,capex,cashneq,cashnequsd,cor,consolinc,currentratio,de,debt,debtc,debtnc,debtusd,deferredrev,depamor,deposits,divyield,dps,ebit,ebitda,ebitdamargin,ebitdausd,ebitusd,ebt,eps,epsdil,epsusd,equity,equityavg,equityusd,ev,evebit,evebitda,fcf,fcfps,fxusd,gp,grossmargin,intangibles,intexp,invcap,invcapavg,inventory,investments,investmentsc,investmentsnc,liabilities,liabilitiesc,liabilitiesnc,marketcap,ncf,ncfbus,ncfcommon,ncfdebt,ncfdiv,ncff,ncfi,ncfinv,ncfo,ncfx,netinc,netinccmn,netinccmnusd,netincdis,netincnci,netmargin,opex,opinc,payables,payoutratio,pb,pe,pe1,ppnenet,prefdivis,price,ps,ps1,receivables,retearn,revenue,revenueusd,rnd,roa,roe,roic,ros,sbcomp,sgna,sharefactor,sharesbas,shareswa,shareswadil,sps,tangibles,taxassets,taxexp,taxliabilities,tbvps,workingcapital
HFBL,MRY,2011-12-31,2011-06-30,2011-06-30,2018-05-14,1426000,233320000,213811500,,,0.044,16.804,-1075000,9599000,9599000,0,1938000,,3.559,27126000,,,27126000,0,186000,153616000,0.018,0.24,2876000,3062000,0.326,3062000,2876000,2876000,0.67,0.67,0.67,51183000,46484250,51183000,53287082,18,17.403,6853000,2.25,1.0,9388000,1.0,0,0,250847000,219898500,0,212788000,,,182137000,,,39810082,762000,0,16827000,-4586000,-511000,47624000,-54790000,-48214000,7928000,0,1938000,1938000,1938000,0,0,0.206,6512000,2876000,0,0.358,0.778,20.542,19.507,3937000,0,13.07,4.241,4.241,0,20781000,9388000,9388000,0,0.009,0.042,0.013,0.306,137000,5495000,1.0,3045913,3045913,,3.082,233320000,0,938000,0,76.601,
HFBL,MRY,2012-12-31,2012-06-30,2012-06-30,2018-05-14,1372000,296183000,264685750,,,0.046,16.923,-1140000,34863000,34863000,0,2843000,,4.937,23725000,,,23725000,0,205000,221436000,0.016,0.24,3970000,4175000,0.344,4175000,3970000,3970000,1.02,1.01,1.02,49888000,51223750,49888000,62113587,15,14.878,412000,0.14,1.0,12140000,1.0,0,0,285045000,275150500,0,249227000,,,246295000,,,43482587,25264000,0,-3598000,-3401000,-727000,60094000,-33278000,-32526000,1552000,0,2843000,2843000,2843000,0,0,0.234,8170000,3970000,0,0.235,0.872,15.295,14.461,4872000,0,14.75,3.582,3.582,0,22897000,12140000,12140000,0,0.011,0.056,0.014,0.327,323000,7146000,1.0,2947972,2947972,,4.118,296183000,0,1127000,0,100.47,
HFBL,MRY,2013-12-31,2013-06-30,2013-06-30,2018-05-14,44000,277155000,274027250,,,0.049,17.85,-1910000,3685000,3685000,0,3130000,,5.602,22439000,,,22439000,0,222000,211922000,0.014,0.24,4758000,4980000,0.371,4980000,4758000,4758000,1.34,1.31,1.34,41982000,44602000,41982000,64220813,13,12.896,9556000,4.063,1.0,13441000,1.0,0,0,295909000,295727750,0,258969000,,,235173000,,,40782813,-31178000,0,-9693000,-1286000,-632000,-21125000,-21519000,-19711000,11466000,0,3130000,3130000,3130000,0,0,0.233,8683000,4758000,0,0.179,0.971,13.03,12.94,6559000,0,17.34,3.034,3.034,0,25395000,13441000,13441000,0,0.011,0.07,0.016,0.354,576000,7657000,1.0,2351950,2351950,,5.715,277155000,775000,1628000,0,117.841,
HFBL,MRY,2014-12-31,2014-06-30,2014-06-30,2018-05-14,172000,329529000,299387250,,,0.043,19.113,-2634000,13633000,13633000,0,2744000,,6.703,13325000,,,13325000,0,303000,272295000,0.012,0.24,4076000,4379000,0.337,4379000,4076000,4076000,1.33,1.29,1.33,42779000,42060750,42779000,54738674,13,12.5,-5032000,-2.248,1.0,13009000,1.0,0,0,329221000,306605750,0,299137000,,,286750000,,,43711674,9948000,0,-2146000,-9115000,-551000,48561000,-36215000,-34278000,-2398000,0,2744000,2744000,2744000,0,0,0.211,8933000,4076000,0,0.18,1.022,15.93,14.684,8454000,0,19.53,3.36,3.36,0,27588000,13009000,13009000,0,0.009,0.065,0.013,0.313,577000,7795000,1.0,2238181,2238181,,5.812,329529000,723000,1332000,0,147.231,
HFBL,MRY,2015-12-31,2015-06-30,2015-06-30,2018-05-14,100000,369833000,353589750,,,0.042,20.509,-2117000,21166000,21166000,0,3355000,,7.524,38989000,,,38989000,0,384000,286238000,0.014,0.28,5016000,5400000,0.361,5400000,5016000,5016000,1.7,1.65,1.7,43386000,43121250,43386000,69234776,13,12.821,-2833000,-1.339,1.0,14952000,1.0,0,0,387656000,385694250,0,329525000,,,326447000,,,42732776,7533000,0,-2743000,25664000,-613000,36251000,-28002000,-25914000,-716000,0,3355000,3355000,3355000,0,0,0.224,9936000,5016000,0,0.165,0.985,12.737,11.882,10188000,0,20.2,2.858,2.858,0,11664000,14952000,14952000,0,0.009,0.078,0.013,0.335,638000,8633000,1.0,2115484,2115484,,7.068,369833000,824000,1661000,0,174.822,
HFBL,MRY,2016-12-31,2016-06-30,2016-06-30,2018-05-14,84000,381701000,367856250,,,0.043,21.821,-2620000,4756000,4756000,0,3377000,,7.797,48781000,,,48781000,0,441000,287822000,0.015,0.32,5021000,5462000,0.345,5462000,5021000,5021000,1.8,1.74,1.8,43392000,43279500,43392000,62813041,12,11.5,4432000,2.229,1.0,15831000,1.0,0,0,425726000,385912750,0,355268000,,,338309000,,,42655041,-16410000,0,-3268000,9793000,-660000,7485000,-30947000,-28375000,7052000,0,3377000,3377000,3377000,0,0,0.213,10810000,5021000,0,0.178,0.983,12.631,11.917,12366000,0,21.45,2.694,2.694,0,11018000,15831000,15831000,0,0.009,0.078,0.013,0.317,794000,9361000,1.0,1988580,1988580,,7.961,381701000,984000,1644000,0,191.947,
HFBL,MRY,2017-12-31,2017-06-30,2017-06-30,2018-05-14,-352000,426606000,410624250,,,0.042,23.688,-671000,11905000,11905000,0,3652000,,8.225,49605000,,,49605000,0,505000,329045000,0.013,0.36,5410000,5915000,0.346,5915000,5410000,5410000,2.01,1.91,2.01,46246000,44884250,46246000,84762568,15,14.33,2704000,1.385,1.0,17082000,1.0,0,0,464306000,447531500,0,391695000,,,380360000,,,52613568,7149000,0,-584000,823000,-705000,40757000,-36983000,-36332000,3375000,0,3652000,3652000,3652000,0,0,0.214,11672000,5410000,0,0.179,1.138,14.407,13.408,12219000,0,26.95,3.08,3.08,0,13320000,17082000,17082000,0,0.009,0.081,0.012,0.317,844000,10180000,1.0,1952266,1952266,,8.75,426606000,1601000,1758000,0,218.518,
