ticker,dimension,calendardate,datekey,reportperiod,lastupdated,accoci,assets,assetsavg,assetsc,assetsnc,assetturnover,bvps,capex,cashneq,cashnequsd,cor,consolinc,currentratio,de,debt,debtc,debtnc,debtusd,deferredrev,depamor,deposits,divyield,dps,ebit,ebitda,ebitdamargin,ebitdausd,ebitusd,ebt,eps,epsdil,epsusd,equity,equityavg,equityusd,ev,evebit,evebitda,fcf,fcfps,fxusd,gp,grossmargin,intangibles,intexp,invcap,invcapavg,inventory,investments,investmentsc,investmentsnc,liabilities,liabilitiesc,liabilitiesnc,marketcap,ncf,ncfbus,ncfcommon,ncfdebt,ncfdiv,ncff,ncfi,ncfinv,ncfo,ncfx,netinc,netinccmn,netinccmnusd,netincdis,netincnci,netmargin,opex,opinc,payables,payoutratio,pb,pe,pe1,ppnenet,prefdivis,price,ps,ps1,receivables,retearn,revenue,revenueusd,rnd,roa,roe,roic,ros,sbcomp,sgna,sharefactor,sharesbas,shareswa,shareswadil,sps,tangibles,taxassets,taxexp,taxliabilities,tbvps,workingcapital
HGG,MRY,2011-12-31,2011-03-31,2011-03-31,2017-03-06,0,549645000,622637750,330207000,219438000,3.337,7.972,-59785000,72794000,72794000,1447891000,48208000,1.997,0.736,0,0,0,0,0,26238000,21791000,0.0,0.0,84222000,110460000,0.053,110460000,84222000,79230000,1.22,1.19,1.22,316586000,286477000,316586000,547790513,6,4.959,-788000,-0.02,1.0,629760000,0.303,0,4992000,311506000,411210000,212008000,0,0,0,233059000,165345000,67714000,531666513,-85043000,0,4955000,-93044000,0,-84255000,-59785000,0,58997000,0,48208000,48208000,48208000,0,0,0.023,543489000,86271000,94363000,0.0,1.679,11.029,10.975,162781000,0,13.39,0.256,0.254,28737000,47908000,2077651000,2077651000,0,0.077,0.168,0.205,0.041,-9714000,517163000,1.0,39706237,39394708,40368223,52.739,549645000,57991000,31022000,0,13.841,164862000
HGG,MRY,2012-12-31,2012-03-31,2012-03-31,2017-03-06,0,642784000,658125750,394951000,247833000,3.789,9.851,-81349000,59244000,59244000,1773004000,81373000,1.978,0.788,0,0,0,0,0,33752000,28993000,0.0,0.0,109823000,143575000,0.058,143575000,109823000,107165000,2.16,2.14,2.16,359520000,315354750,359520000,446599800,4,3.111,35688000,0.945,1.0,720388000,0.289,0,2658000,383858000,397775250,282409000,0,0,0,283264000,199682000,83582000,423805800,-13550000,0,-45106000,-4864000,0,-49238000,-81349000,0,117037000,0,81373000,81373000,81373000,0,0,0.033,610588000,109800000,122596000,0.0,1.179,5.208,5.269,204273000,0,11.38,0.17,0.172,38097000,129281000,2493392000,2493392000,0,0.124,0.258,0.276,0.044,5203000,616023000,1.0,37241283,37749354,38079685,66.051,642784000,48609000,25792000,0,17.613,195269000
HGG,MRY,2013-12-31,2013-03-31,2013-03-31,2017-03-06,0,676421000,702180250,419912000,256509000,3.524,10.692,-53986000,48592000,48592000,1757173000,25369000,1.75,0.951,0,0,0,0,0,40135000,38042000,0.0,0.0,43768000,83903000,0.034,83903000,43768000,41424000,0.74,0.74,0.74,346658000,348532000,346658000,353163327,8,4.209,12067000,0.35,1.0,717586000,0.29,0,2344000,387887000,419059750,315562000,0,0,0,329763000,239942000,89821000,368685327,-10652000,0,-43876000,20530000,0,-22719000,-53986000,0,66053000,0,25369000,25369000,25369000,0,0,0.01,673827000,43759000,150333000,0.0,1.064,14.533,14.932,217911000,0,11.05,0.149,0.154,43019000,154650000,2474759000,2474759000,0,0.036,0.073,0.104,0.018,4564000,633188000,1.0,33365188,34430641,34496788,71.877,676421000,42424000,16055000,2145000,20.862,179970000
HGG,MRY,2014-12-31,2014-03-31,2014-03-31,2017-03-06,0,625963000,669744000,392588000,233375000,3.492,10.596,-22040000,48164000,48164000,1674031000,228000,1.682,1.038,0,0,0,0,0,43120000,41518000,0.0,0.0,2687000,45807000,0.02,45807000,2687000,222000,0.01,0.01,0.01,307134000,325702000,307134000,295756427,110,6.457,60611000,2.006,1.0,664539000,0.284,0,2465000,344455000,388435250,298542000,0,0,0,318829000,233344000,85485000,283418427,-428000,0,-43331000,-16175000,0,-60355000,-22724000,0,82651000,0,228000,228000,228000,0,0,0.0,661862000,2677000,140806000,0.0,0.923,1243.063,961.0,193882000,0,9.61,0.121,0.124,31588000,154878000,2338570000,2338570000,0,0.0,0.001,0.007,0.001,5277000,618129000,1.0,29492032,30209928,30683989,77.411,625963000,42782000,-6000,122000,21.595,159244000
HGG,MRY,2015-12-31,2015-03-31,2015-03-31,2017-03-06,0,467629000,601811000,328393000,139236000,3.538,6.273,-22477000,30401000,30401000,1523536000,-132746000,1.534,1.694,0,0,0,0,0,40200000,48742000,0.0,0.0,-99385000,-59185000,-0.028,-59185000,-99385000,-101985000,-4.72,-4.72,-4.72,173588000,239081750,173588000,142439269,-1,-2.407,-9714000,-0.345,1.0,605838000,0.285,0,2600000,223131000,295117000,257469000,0,0,0,294041000,214097000,79944000,169582269,-17763000,0,-5281000,-2122000,0,-7403000,-23123000,0,12763000,0,-132746000,-132746000,-132746000,0,0,-0.062,705286000,-99448000,112143000,0.0,0.977,-1.277,-1.299,128107000,0,6.13,0.08,0.081,28616000,22132000,2129374000,2129374000,0,-0.221,-0.555,-0.337,-0.047,4623000,617217000,1.0,27664318,28129596,28129596,75.699,467629000,11815000,30761000,6489000,16.899,114296000
HGG,MRY,2016-12-31,2016-03-31,2016-03-31,2017-03-06,0,385352000,468487000,293768000,91584000,4.184,4.38,-12711000,3703000,3703000,1406216000,-54879000,1.514,2.175,0,0,0,0,0,32043000,43235000,0.0,0.0,-51703000,-19660000,-0.01,-19660000,-51703000,-54445000,-1.98,-1.98,-1.98,121354000,143391250,121354000,51427833,0,-2.616,-34493000,-1.245,1.0,553782000,0.283,0,2742000,187570000,203115500,256559000,0,0,0,263998000,194079000,69919000,58463833,-26698000,0,0,8012000,0,8012000,-12928000,0,-21782000,0,-54879000,-54879000,-54879000,0,0,-0.028,605507000,-51725000,107474000,0.0,0.482,-1.065,-1.066,87472000,0,2.11,0.03,0.03,26043000,-32747000,1959998000,1959998000,0,-0.117,-0.383,-0.255,-0.026,2709000,552554000,1.0,27707978,27701055,27701055,70.755,385352000,1130000,434000,0,13.908,99689000
