ticker,dimension,calendardate,datekey,reportperiod,lastupdated,accoci,assets,assetsavg,assetsc,assetsnc,assetturnover,bvps,capex,cashneq,cashnequsd,cor,consolinc,currentratio,de,debt,debtc,debtnc,debtusd,deferredrev,depamor,deposits,divyield,dps,ebit,ebitda,ebitdamargin,ebitdausd,ebitusd,ebt,eps,epsdil,epsusd,equity,equityavg,equityusd,ev,evebit,evebitda,fcf,fcfps,fxusd,gp,grossmargin,intangibles,intexp,invcap,invcapavg,inventory,investments,investmentsc,investmentsnc,liabilities,liabilitiesc,liabilitiesnc,marketcap,ncf,ncfbus,ncfcommon,ncfdebt,ncfdiv,ncff,ncfi,ncfinv,ncfo,ncfx,netinc,netinccmn,netinccmnusd,netincdis,netincnci,netmargin,opex,opinc,payables,payoutratio,pb,pe,pe1,ppnenet,prefdivis,price,ps,ps1,receivables,retearn,revenue,revenueusd,rnd,roa,roe,roic,ros,sbcomp,sgna,sharefactor,sharesbas,shareswa,shareswadil,sps,tangibles,taxassets,taxexp,taxliabilities,tbvps,workingcapital
HIHO,MRY,2011-12-31,2011-03-31,2011-03-31,2017-07-03,0,19399000,17875500,16957000,2442000,1.742,3.337,-1004000,7507000,7507000,24594000,1628000,2.699,0.544,952000,574000,378000,952000,0,667000,0,0.074,0.24,1830000,2497000,0.08,2497000,1830000,1773000,0.44,0.44,0.44,12565000,12143500,12565000,6321940,3,2.532,1001000,0.266,1.0,6553000,0.21,0,57000,6561000,6227000,4236000,31000,0,31000,6834000,6283000,551000,12283940,568000,168000,10000,-136000,-603000,-729000,-708000,0,2005000,17000,1650000,1650000,1650000,0,-22000,0.053,4827000,1726000,3581000,0.545,0.978,7.445,7.386,2411000,0,3.25,0.394,0.393,4797000,1206000,31147000,31147000,0,0.092,0.136,0.294,0.059,19000,4827000,1.0,3779674,3765276,3776696,8.272,19399000,0,123000,244000,5.152,10674000
HIHO,MRY,2012-12-31,2012-03-31,2012-03-31,2017-07-03,0,16579000,17989000,14510000,2069000,1.41,3.176,-305000,6218000,6218000,20249000,184000,3.383,0.382,377000,265000,112000,377000,0,670000,0,0.083,0.2,394000,1064000,0.042,1064000,394000,370000,0.05,0.05,0.05,11998000,12281500,11998000,2556906,6,2.403,339000,0.09,1.0,5121000,0.202,0,24000,6449000,6505000,3970000,0,0,0,4581000,4289000,292000,9111906,-1289000,0,5000,-575000,-1058000,-1628000,-305000,0,644000,0,184000,184000,184000,0,0,0.007,4891000,230000,2547000,4.0,0.759,49.521,48.2,2069000,0,2.41,0.359,0.359,3898000,634000,25370000,25370000,0,0.01,0.015,0.061,0.016,0,4891000,1.0,3780874,3777850,3788302,6.715,16579000,0,186000,333000,4.388,10221000
HIHO,MRY,2013-12-31,2013-03-31,2013-03-31,2017-07-03,16000,15352000,15965500,13416000,1936000,1.374,3.178,-240000,5277000,5277000,17029000,448000,4.084,0.278,112000,112000,0,112000,0,586000,0,0.069,0.12,420000,1006000,0.046,1006000,420000,411000,0.12,0.12,0.12,12008000,12003000,12008000,780779,1,0.776,-175000,-0.046,1.0,4904000,0.224,0,9000,6902000,6675500,2957000,167000,0,167000,3344000,3285000,59000,6621779,-947000,0,0,-265000,-340000,-605000,-407000,-167000,65000,6000,448000,448000,448000,0,0,0.02,4549000,355000,1629000,1.0,0.551,14.781,14.583,1769000,0,1.75,0.302,0.302,4068000,628000,21933000,21933000,0,0.028,0.037,0.063,0.019,0,4549000,1.0,3783874,3778825,3781307,5.804,15352000,0,-37000,217000,4.063,10131000
HIHO,MRY,2014-12-31,2014-03-31,2014-03-31,2017-07-03,7000,15776000,15564000,13960000,1816000,1.474,3.213,-32000,6059000,6059000,17484000,595000,3.893,0.299,0,0,0,0,0,557000,0,0.044,0.12,769000,1326000,0.058,1326000,769000,768000,0.16,0.16,0.16,12141000,12074500,12141000,5089298,6,3.838,1616000,0.428,1.0,5452000,0.238,0,1000,6131000,6516500,3700000,436000,0,436000,3630000,3586000,44000,10254298,783000,0,0,-112000,-568000,-680000,-185000,-153000,1648000,-1000,596000,596000,596000,0,-1000,0.026,4659000,793000,1577000,0.75,0.845,17.205,16.938,1213000,0,2.71,0.447,0.446,3157000,770000,22936000,22936000,0,0.038,0.049,0.118,0.034,0,4659000,1.0,3783874,3778825,3788604,6.07,15776000,0,172000,323000,4.175,10374000
HIHO,MRY,2015-12-31,2015-03-31,2015-03-31,2017-07-03,8000,16987000,16381500,15738000,1249000,1.366,3.218,-19000,9727000,9727000,16656000,1143000,3.333,0.39,0,0,0,0,0,393000,0,0.095,0.3,1284000,1677000,0.075,1677000,1284000,1284000,0.3,0.3,0.3,12184000,12162500,12184000,5898041,4,3.517,4204000,1.11,1.0,5717000,0.256,77000,0,2461000,4296000,2081000,0,0,0,4754000,4722000,32000,11957041,4310000,-19000,30000,0,-758000,-728000,815000,210000,4223000,1000,1150000,1150000,1150000,0,-7000,0.051,4446000,1271000,1959000,1.0,0.981,10.397,10.533,1094000,0,3.16,0.534,0.535,2943000,782000,22373000,22373000,0,0.07,0.095,0.299,0.057,0,4446000,1.0,3783874,3786542,3794801,5.909,16910000,0,134000,366000,4.466,11016000
HIHO,MRY,2016-12-31,2016-03-31,2016-03-31,2017-07-03,-34000,17039000,17013000,15730000,1309000,1.348,3.123,-464000,9140000,9140000,17007000,1264000,3.101,0.43,0,0,0,0,0,317000,0,0.088,0.4,1494000,1811000,0.079,1811000,1494000,1494000,0.33,0.33,0.33,11872000,12028000,11872000,7571526,5,4.181,792000,0.208,1.0,5928000,0.258,77000,0,2749000,2605000,1425000,0,0,0,5105000,5073000,32000,17298526,-572000,0,0,0,-1364000,-1364000,-464000,0,1256000,-15000,1251000,1251000,1251000,0,13000,0.055,4412000,1516000,1844000,1.212,1.457,13.828,13.788,1121000,0,4.55,0.754,0.754,4321000,512000,22935000,22935000,0,0.074,0.104,0.574,0.065,0,4412000,1.0,3801874,3801874,3801874,6.033,16962000,0,243000,472000,4.461,10657000
HIHO,MRY,2017-12-31,2017-03-31,2017-03-31,2017-07-03,-136000,17552000,17295500,16410000,1142000,1.133,2.965,-197000,10028000,10028000,14033000,525000,2.643,0.554,0,0,0,0,0,266000,0,0.069,0.27,763000,1029000,0.052,1029000,763000,763000,0.14,0.14,0.14,11271000,11571500,11271000,5687308,7,5.527,2027000,0.533,1.0,5570000,0.284,77000,0,1237000,1993000,2265000,0,0,0,6242000,6210000,32000,14827308,892000,0,0,0,-1126000,-1135000,-197000,0,2224000,-4000,527000,527000,527000,0,-2000,0.027,4809000,761000,2829000,1.929,1.316,28.135,27.857,954000,0,3.9,0.756,0.756,3403000,13000,19603000,19603000,0,0.03,0.046,0.383,0.039,0,4809000,1.0,3801874,3801874,3801874,5.156,17475000,0,236000,360000,4.596,10200000
