ticker,dimension,calendardate,datekey,reportperiod,lastupdated,accoci,assets,assetsavg,assetsc,assetsnc,assetturnover,bvps,capex,cashneq,cashnequsd,cor,consolinc,currentratio,de,debt,debtc,debtnc,debtusd,deferredrev,depamor,deposits,divyield,dps,ebit,ebitda,ebitdamargin,ebitdausd,ebitusd,ebt,eps,epsdil,epsusd,equity,equityavg,equityusd,ev,evebit,evebitda,fcf,fcfps,fxusd,gp,grossmargin,intangibles,intexp,invcap,invcapavg,inventory,investments,investmentsc,investmentsnc,liabilities,liabilitiesc,liabilitiesnc,marketcap,ncf,ncfbus,ncfcommon,ncfdebt,ncfdiv,ncff,ncfi,ncfinv,ncfo,ncfx,netinc,netinccmn,netinccmnusd,netincdis,netincnci,netmargin,opex,opinc,payables,payoutratio,pb,pe,pe1,ppnenet,prefdivis,price,ps,ps1,receivables,retearn,revenue,revenueusd,rnd,roa,roe,roic,ros,sbcomp,sgna,sharefactor,sharesbas,shareswa,shareswadil,sps,tangibles,taxassets,taxexp,taxliabilities,tbvps,workingcapital
HRG,MRY,2011-12-31,2011-09-30,2011-09-30,2018-05-04,149448000,23590888000,13803541500,1644557000,21946331000,0.252,6.429,-38200000,1137359000,1137359000,2305600000,7300000,2.483,24.485,2143780000,16090000,2127690000,2143780000,0,95400000,14549970000,0.0,0.0,341900000,437300000,0.126,437300000,341900000,92600000,0.11,0.09,0.11,895441000,798548000,895441000,1856993330,5,4.246,117300000,0.842,1.0,1172100000,0.337,2751414000,249300000,21183541000,11824623500,434630000,16101769000,350638000,15751131000,21925312000,662354000,21262958000,706171330,880500000,684400000,0,245000000,0,192100000,532000000,-109100000,155500000,900000,42000000,22200000,22200000,0,-34700000,0.006,1008400000,163700000,328635000,0.0,0.789,31.81,46.091,206799000,19800000,5.07,0.203,0.203,2006319000,-128083000,3477700000,3477700000,0,0.002,0.028,0.029,0.098,30500000,961800000,1.0,139284286,139284286,,24.968,20839474000,207729000,50600000,338679000,149.618,982203000
HRG,MRY,2012-12-31,2012-09-30,2012-09-30,2018-05-04,413200000,25200400000,24581956000,1544039000,23656452000,0.182,8.401,-53500000,1470700000,1470700000,2914200000,110700000,2.273,19.771,2167000000,16414000,2150625000,2167000000,0,268300000,15290400000,0.0,0.0,255200000,523500000,0.117,523500000,255200000,4200000,0.15,0.15,0.15,1177600000,979464000,1177600000,1673436262,6,3.197,569000000,4.059,1.0,1566500000,0.35,2682700000,251000000,22534735000,21492558750,452600000,16918400000,181828000,16736535000,23282300000,679265000,22603028000,1181607262,333300000,-185100000,0,-18400000,0,-102700000,-185600000,52500000,622500000,-900000,89500000,29900000,29900000,0,21200000,0.007,1157000000,409500000,754200000,0.0,1.003,39.519,56.2,221600000,59600000,8.43,0.264,0.264,2777500000,-98200000,4480700000,4480700000,0,0.001,0.031,0.012,0.057,31200000,932700000,1.0,140166935,140166935,,31.967,22517700000,312700000,-85300000,382400000,160.649,864774000
HRG,MRY,2013-12-31,2013-09-30,2013-09-30,2018-05-04,87700000,27908800000,27462325000,,,0.202,5.032,-100100000,1899700000,1899700000,3271100000,-69000000,,36.492,4896100000,,,4896100000,0,358700000,15248200000,0.0,0.0,653400000,1012100000,0.183,1012100000,653400000,141500000,-0.67,-0.67,-0.67,724700000,1024650000,724700000,4804171925,7,4.747,422200000,2.931,1.0,2272300000,0.41,4205800000,511900000,26699400000,26491925000,632900000,16465900000,,,26445900000,,,1493571925,429000000,-2014800000,-12300000,2435200000,0,1922000000,-2010800000,104800000,522300000,-4500000,-45800000,-94200000,-94200000,0,-23200000,-0.017,1534900000,737400000,1012700000,0.0,2.061,-15.855,-15.478,993300000,48400000,10.37,0.269,0.269,2975000000,-192400000,5543400000,5543400000,0,-0.003,-0.092,0.025,0.118,61500000,1216600000,1.0,144028151,144028151,,38.488,23703000000,293400000,187300000,492800000,164.572,
HRG,MRY,2014-12-31,2014-09-30,2014-09-30,2018-05-04,243600000,30100200000,29517975000,,,0.157,10.925,-75500000,1319200000,1319200000,2942500000,101700000,,12.336,5157800000,,,5157800000,0,158200000,16463500000,0.023,0.3,378100000,536300000,0.116,536300000,378100000,79300000,-0.51,-0.51,-0.51,2257000000,1271700000,2257000000,6558034993,17,12.228,628600000,3.043,1.0,1692200000,0.365,4208500000,298800000,29730300000,29224300000,635200000,19252500000,,,27843200000,,,2710534993,51800000,-27300000,-65800000,146600000,0,666000000,-1941900000,-174400000,704100000,-8300000,-10300000,-83900000,-83900000,-87300000,112000000,-0.018,1264800000,427400000,1033000000,-0.588,1.201,-32.307,-25.725,908600000,73600000,13.12,0.585,0.585,2982700000,-276300000,4634700000,4634700000,0,-0.003,-0.066,0.013,0.082,73700000,1181000000,1.0,206595655,206595655,,22.434,25891700000,186700000,89600000,533300000,125.325,
HRG,MRY,2015-12-31,2015-09-30,2015-09-30,2018-05-04,-40700000,35031500000,32665800000,,,0.146,7.887,-90600000,661200000,661200000,3050900000,-512400000,,21.059,5984600000,,,5984600000,0,171000000,0,0.0,0.0,-109400000,61600000,0.013,61600000,-109400000,-517200000,-2.81,-2.81,-2.81,1588100000,1193225000,1588100000,7901459673,-72,128.27,226200000,1.123,1.0,1702900000,0.358,4967700000,407800000,35387200000,32714475000,780800000,0,,,33443400000,,,2361959673,-123400000,-1333900000,-22200000,610000000,0,1730800000,-2141300000,353700000,316800000,-29700000,-556800000,-556800000,-556800000,292700000,44400000,-0.117,1523800000,179100000,1062000000,0.0,1.487,-4.242,-4.174,509500000,0,11.73,0.497,0.497,613900000,-833100000,4753800000,4753800000,0,-0.017,-0.467,-0.003,-0.023,72600000,1523800000,1.0,201360586,201360586,,23.608,30063800000,56700000,39600000,574500000,149.303,
HRG,MRY,2016-12-31,2016-09-30,2016-09-30,2018-05-04,220900000,33580100000,34969700000,,,0.144,9.051,-95400000,465200000,465200000,3119800000,-33900000,,17.479,5525800000,,,5525800000,0,183700000,0,0.0,0.0,235300000,419000000,0.083,419000000,235300000,-167200000,-1.0,-1.0,-1.0,1817200000,1596675000,1817200000,8609299254,36,20.547,817900000,4.074,1.0,1928800000,0.382,4850900000,402500000,33789800000,35572925000,740600000,0,,,31762900000,,,3152299254,169200000,0,0,-615100000,0,148700000,-891400000,206000000,913300000,-1400000,-198800000,-198800000,-198800000,178100000,164900000,-0.039,1355300000,573500000,983200000,0.0,1.735,-15.857,-15.7,543400000,0,15.7,0.624,0.624,539100000,-1031900000,5048600000,5048600000,0,-0.006,-0.125,0.007,0.047,78000000,1355300000,1.0,200783392,200783392,,25.145,28729200000,18300000,31600000,546000000,143.086,
HRG,MRY,2017-12-31,2017-09-30,2017-09-30,2018-05-04,309000000,35849700000,35926175000,30036100000,5813600000,0.139,9.708,-115000000,270100000,270100000,3132600000,273200000,1.086,17.414,5705100000,161400000,5543700000,5705100000,0,199300000,0,0.0,0.0,514400000,713700000,0.142,713700000,514400000,154300000,0.53,0.53,0.53,1946900000,1820325000,1946900000,8896860118,17,12.466,725100000,3.616,1.0,1875900000,0.375,3889100000,360100000,9750600000,29783075000,496300000,0,0,0,33902800000,27645000000,6257800000,3130560118,-176600000,-304700000,0,47500000,0,583000000,-1602400000,30900000,840100000,2700000,106000000,106000000,106000000,-170300000,167200000,0.021,1359600000,516300000,373100000,0.0,1.608,29.534,29.453,503900000,0,15.61,0.625,0.625,285700000,-925900000,5008500000,5008500000,0,0.003,0.058,0.017,0.103,62400000,1359600000,1.0,200548374,200548374,,24.974,31960600000,0,48300000,493200000,159.366,2391100000
