ticker,dimension,calendardate,datekey,reportperiod,lastupdated,accoci,assets,assetsavg,assetsc,assetsnc,assetturnover,bvps,capex,cashneq,cashnequsd,cor,consolinc,currentratio,de,debt,debtc,debtnc,debtusd,deferredrev,depamor,deposits,divyield,dps,ebit,ebitda,ebitdamargin,ebitdausd,ebitusd,ebt,eps,epsdil,epsusd,equity,equityavg,equityusd,ev,evebit,evebitda,fcf,fcfps,fxusd,gp,grossmargin,intangibles,intexp,invcap,invcapavg,inventory,investments,investmentsc,investmentsnc,liabilities,liabilitiesc,liabilitiesnc,marketcap,ncf,ncfbus,ncfcommon,ncfdebt,ncfdiv,ncff,ncfi,ncfinv,ncfo,ncfx,netinc,netinccmn,netinccmnusd,netincdis,netincnci,netmargin,opex,opinc,payables,payoutratio,pb,pe,pe1,ppnenet,prefdivis,price,ps,ps1,receivables,retearn,revenue,revenueusd,rnd,roa,roe,roic,ros,sbcomp,sgna,sharefactor,sharesbas,shareswa,shareswadil,sps,tangibles,taxassets,taxexp,taxliabilities,tbvps,workingcapital
HTCH,MRY,2011-12-31,2011-09-25,2011-09-25,2017-05-07,190000,401005000,420244000,170558000,230447000,0.662,8.824,-13506000,57554000,57554000,267739000,-55565000,3.464,0.944,154840000,10681000,144159000,154840000,0,48086000,0,0.0,0.0,-40414000,7672000,0.028,7672000,-40414000,-55479000,-2.38,-2.38,-2.38,206322000,223631250,206322000,141940576,-3,18.501,-16044000,-0.686,1.0,10351000,0.037,0,15065000,449047000,481002250,55018000,1612000,1612000,0,194683000,49244000,145439000,46758576,1915000,0,2000,-23961000,0,-27449000,31902000,48028000,-2538000,0,-55565000,-55565000,-55565000,0,0,-0.2,62181000,-51830000,18373000,0.0,0.227,-0.842,-0.84,223134000,0,2.0,0.168,0.168,52062000,-214086000,278090000,278090000,14592000,-0.132,-0.248,-0.084,-0.145,1870000,40844000,1.0,23379288,23377000,23377000,11.896,401005000,0,86000,0,17.149,121314000
HTCH,MRY,2012-12-31,2012-09-30,2012-09-30,2017-05-07,-129000,336288000,361304750,128806000,207482000,0.688,7.028,-27880000,53653000,53653000,245068000,-48642000,3.09,1.004,136930000,11698000,125232000,136930000,0,41459000,0,0.0,0.0,-31886000,9573000,0.039,9573000,-31886000,-48437000,-2.06,-2.06,-2.06,167830000,182667500,167830000,117278873,-3,12.251,10212000,0.433,1.0,3521000,0.014,0,16551000,377879000,402602000,41432000,1200000,1200000,0,168458000,41686000,126772000,41769873,-3901000,0,0,-8163000,0,-12290000,-29703000,976000,38092000,0,-48642000,-48642000,-48642000,0,0,-0.196,39521000,-36000000,13982000,0.0,0.249,-0.859,-0.85,202468000,0,1.75,0.168,0.166,25318000,-262728000,248589000,248589000,16474000,-0.135,-0.266,-0.079,-0.128,1979000,28398000,1.0,23868499,23565000,23565000,10.549,336288000,0,205000,0,14.082,87120000
HTCH,MRY,2013-12-31,2013-09-29,2013-09-29,2017-05-07,-148000,306675000,322204250,116165000,190510000,0.775,4.869,-13855000,39403000,39403000,233171000,-35076000,2.643,1.285,131093000,5102000,125991000,131093000,0,38891000,0,0.0,0.0,-19939000,18952000,0.076,18952000,-19939000,-35060000,-1.35,-1.35,-1.35,134233000,152010500,134233000,187922990,-9,9.916,-7770000,-0.299,1.0,16425000,0.066,0,15121000,354411000,368702000,44285000,1200000,1200000,0,172442000,43954000,128488000,97550990,-14250000,0,358000,-8683000,0,-8684000,-11885000,272000,6085000,234000,-35076000,-35076000,-35076000,0,0,-0.141,41720000,-25295000,23535000,0.0,0.727,-2.781,-2.622,186914000,0,3.54,0.391,0.368,24894000,-297804000,249596000,249596000,14621000,-0.109,-0.231,-0.054,-0.08,1140000,23676000,1.0,27556777,25981000,25981000,9.607,306675000,0,16000,0,11.123,72211000
HTCH,MRY,2014-12-31,2014-09-28,2014-09-28,2017-05-07,-543000,275165000,280045750,119070000,156095000,0.932,3.378,-6325000,37939000,37939000,237186000,-40414000,1.391,1.902,142472000,50840000,91632000,142472000,0,37204000,0,0.0,0.0,-25266000,11938000,0.046,11938000,-25266000,-41175000,-1.44,-1.44,-1.44,94828000,105845250,94828000,199347918,-7,16.699,-7799000,-0.279,1.0,23901000,0.092,0,15909000,294085000,307078500,48978000,965000,965000,0,180337000,85613000,94724000,101008918,-1464000,0,59000,3814000,0,3873000,-4428000,235000,-1474000,565000,-40414000,-40414000,-40414000,0,0,-0.155,49240000,-25339000,19055000,0.0,1.065,-2.499,-2.5,153169000,0,3.6,0.387,0.386,26865000,-338218000,261087000,261087000,17316000,-0.144,-0.382,-0.082,-0.097,1345000,22990000,1.0,28058033,27993000,27993000,9.327,275165000,0,-761000,0,9.802,33457000
HTCH,MRY,2015-12-31,2015-09-27,2015-09-27,2017-05-07,-4309000,241512000,271071750,102722000,138790000,0.933,2.114,-14719000,39454000,39454000,222791000,-39098000,2.473,2.408,131564000,5188000,126376000,131564000,0,31945000,0,0.0,0.0,-25144000,6801000,0.027,6801000,-25144000,-39172000,-1.2,-1.2,-1.2,70875000,87032750,70875000,147989700,-5,21.76,4046000,0.124,1.0,30032000,0.119,0,14028000,292092000,312421000,40148000,965000,965000,0,170637000,41530000,129107000,47271700,1515000,0,83000,-737000,0,-3829000,-14337000,0,18765000,916000,-39098000,-39098000,-39098000,0,0,-0.155,50898000,-20866000,19877000,0.0,0.667,-1.209,-1.175,134509000,0,1.41,0.187,0.182,18567000,-377316000,252823000,252823000,22100000,-0.144,-0.449,-0.08,-0.099,1415000,23481000,1.0,33526029,32711000,32711000,7.729,241512000,0,-74000,0,7.202,61192000
