ticker,dimension,calendardate,datekey,reportperiod,lastupdated,accoci,assets,assetsavg,assetsc,assetsnc,assetturnover,bvps,capex,cashneq,cashnequsd,cor,consolinc,currentratio,de,debt,debtc,debtnc,debtusd,deferredrev,depamor,deposits,divyield,dps,ebit,ebitda,ebitdamargin,ebitdausd,ebitusd,ebt,eps,epsdil,epsusd,equity,equityavg,equityusd,ev,evebit,evebitda,fcf,fcfps,fxusd,gp,grossmargin,intangibles,intexp,invcap,invcapavg,inventory,investments,investmentsc,investmentsnc,liabilities,liabilitiesc,liabilitiesnc,marketcap,ncf,ncfbus,ncfcommon,ncfdebt,ncfdiv,ncff,ncfi,ncfinv,ncfo,ncfx,netinc,netinccmn,netinccmnusd,netincdis,netincnci,netmargin,opex,opinc,payables,payoutratio,pb,pe,pe1,ppnenet,prefdivis,price,ps,ps1,receivables,retearn,revenue,revenueusd,rnd,roa,roe,roic,ros,sbcomp,sgna,sharefactor,sharesbas,shareswa,shareswadil,sps,tangibles,taxassets,taxexp,taxliabilities,tbvps,workingcapital
HTM,MRY,2011-12-31,2011-03-31,2011-03-31,2018-03-08,108990,85322968,74567229,9723006,75599962,0.04,4.691,-13270992,8743905,8743905,1630316,-3972336,8.201,0.299,17041709,242736,16798973,17041709,0,1304939,0,0.0,0.0,-3954416,-2649477,-0.882,-2649477,-3954416,-3954416,-0.3,-0.3,-0.3,65169562,61817365,65169562,93777850,-23,-35.395,-15479573,-1.163,1.0,1373229,0.457,16957708,0,75477427,56793807,0,18147137,0,18147137,19512439,1185637,18326802,86622558,-4871707,418236,5260467,4988163,0,10249630,-12912756,0,-2208581,0,-3954416,-3954416,-3954416,0,-17920,-1.317,5662579,-4289350,942901,0.0,1.329,-21.905,-22.0,40295117,0,6.6,28.84,29.237,814862,-25308177,3003545,3003545,0,-0.053,-0.064,-0.07,-1.317,1066565,3332466,1.0,13124630,13305168,13305168,0.226,68365260,0,0,0,4.921,8537369
HTM,MRY,2012-12-31,2012-03-31,2012-03-31,2018-03-08,23002,219030868,152850220,8693620,210337248,0.039,4.379,-26778427,7353051,7353051,10279646,-10789284,0.23,1.728,68634891,7514183,61120708,68634891,0,2994936,0,0.0,0.0,-6222129,-3227193,-0.548,-3227193,-6222129,-6222129,-0.42,-0.42,-0.42,62053074,63464674,62053074,93358516,-15,-28.929,-32122793,-2.27,1.0,-4385533,-0.744,16177596,0,226417233,158041332,0,92497,0,92497,107213349,37717879,69495470,44194725,-3665854,592330,209424,9382075,0,30139609,-28461097,0,-5344366,0,-6222129,-6222129,-6222129,0,-4567155,-1.056,6666056,-11051589,38578458,0.0,0.712,-7.103,-7.429,193867155,0,3.12,7.498,7.492,335721,-31530306,5894113,5894113,0,-0.041,-0.098,-0.039,-1.056,1454376,4229602,1.0,14164976,14153448,14153448,0.416,202853272,0,0,0,14.316,-29024259
HTM,MRY,2013-12-31,2013-12-31,2013-12-31,2018-03-08,-27321,232765297,235017409,37004022,195761275,0.116,4.088,-13868842,50633099,50633099,14159022,4130649,6.374,1.51,103422632,4175288,99247344,103422632,0,6575266,0,0.0,0.0,5842469,12417735,0.454,12417735,5842469,1946579,0.12,0.12,0.12,69557409,68046197,69557409,100659370,17,8.106,-3227198,-0.19,1.0,13211912,0.483,15320018,3895890,264429748,272269691,0,42174,0,42174,105052408,5805064,99247344,38693831,15828155,0,0,-3474135,0,-3583923,8770434,0,10641644,0,1946579,1946579,1946579,0,2184070,0.071,5185373,8026539,1629776,0.0,0.556,19.878,18.95,161583938,0,2.274,1.414,1.41,4106806,-30898571,27370934,27370934,39482,0.008,0.029,0.021,0.213,856935,4504821,1.0,17015757,16965894,20582981,1.613,217445279,0,0,0,12.779,31198958
HTM,MRY,2014-12-31,2014-12-31,2014-12-31,2018-03-08,0,232914304,223213690,21640248,211274056,0.139,4.787,-3746083,35005852,35005852,15942860,14896297,3.463,1.208,98733541,4357190,94376351,98733541,0,6367817,0,0.0,0.0,5366844,11734661,0.379,11734661,5366844,1306711,0.66,0.66,0.66,84491529,74849925,84491529,116379007,21,9.918,9056288,0.524,1.0,15025922,0.485,15417514,4060133,274975147,267257377,0,0,0,0,102025683,6249332,95776351,48941518,-15741959,-6842281,1634918,-4617846,0,-18023902,-10520428,41528,12802371,0,11613711,11613711,11613711,0,3282586,0.375,6376492,8649430,1892142,0.0,0.579,4.214,4.185,166859446,0,2.762,1.58,1.542,3774133,-19284860,30968782,30968782,508500,0.052,0.155,0.02,0.173,1339496,5521404,1.0,17720877,17294256,17742974,1.791,217496790,10307000,-10307000,0,12.322,15390916
HTM,MRY,2015-12-31,2015-12-31,2015-12-31,2018-03-08,0,228217127,229390036,18797718,209419409,0.136,5.643,-6602974,30846171,30846171,15872112,4950498,2.158,0.99,95896064,6009012,89887052,95896064,0,6409818,0,0.0,0.0,7030384,13440202,0.431,13440202,7030384,3233229,0.1,0.1,0.1,100800983,89609815,100800983,129782788,18,9.656,7187836,0.403,1.0,15327986,0.491,15265828,3797155,269288954,270316742,0,0,0,0,99804220,8712238,91091982,67250891,-4340600,-3500000,49549,-4434477,0,-7847517,-10283893,0,13790810,0,1847229,1847229,1847229,0,3103269,0.059,5335626,9992360,2703226,0.0,0.667,36.406,37.5,167736792,0,3.75,2.155,2.143,3766517,-17437631,31200098,31200098,82316,0.008,0.021,0.026,0.225,1107828,5037719,1.0,17933571,17828469,18052267,1.75,212951299,8921000,1386000,0,11.922,10085480
HTM,MRY,2016-12-31,2016-12-31,2016-12-31,2018-03-08,0,243424332,237906372,29581490,213842842,0.132,5.545,-9409260,43925956,43925956,16447329,3585348,4.54,1.066,108390681,4259595,104131086,108390681,0,6544287,0,0.0,0.0,5463498,12007785,0.381,12007785,5463498,1038331,0.02,0.02,0.02,104978048,103625064,104978048,144355163,26,12.022,2157364,0.116,1.0,15034346,0.478,15084143,4425167,286289609,280411415,0,0,0,0,111866294,6515305,105350989,77394930,6632769,0,2659952,12416420,0,10922421,-15856276,0,11566624,0,463331,463331,463331,0,3122017,0.015,6379885,8654461,2255710,0.0,0.737,167.04,204.5,170301349,0,4.09,2.458,2.425,4102018,-16974300,31481675,31481675,39091,0.002,0.004,0.019,0.174,1053782,5964368,1.0,18922966,18665808,19255891,1.687,228340189,8346000,575000,0,12.061,23066185
HTM,MRY,2017-12-31,2017-12-31,2017-12-31,2018-03-08,0,235742998,238462241,29638485,206104513,0.134,5.432,-5677523,40209824,40209824,19618439,-451439,3.654,1.019,101600597,4125474,97475123,101600597,0,6699596,0,0.0,0.0,4354467,11054063,0.345,11054063,4354467,-404981,-0.12,-0.12,-0.12,104823683,105193080,104823683,131191044,30,11.868,5380134,0.281,1.0,12438348,0.388,14902458,4759448,274120056,280322384,0,0,0,0,106844100,8111257,98732843,66504125,1361275,0,1356204,-6907379,0,-9872492,176110,0,11057657,0,-2267981,-2267981,-2267981,0,1816542,-0.071,6347663,6090685,3985783,0.0,0.634,-29.323,-28.75,168690333,0,3.45,2.075,2.059,3861559,-19242281,32056787,32056787,47844,-0.01,-0.022,0.016,0.136,757412,6095168,1.0,19276558,19135822,19135822,1.675,220840540,6483000,1863000,0,11.445,21527228
