ticker,dimension,calendardate,datekey,reportperiod,lastupdated,accoci,assets,assetsavg,assetsc,assetsnc,assetturnover,bvps,capex,cashneq,cashnequsd,cor,consolinc,currentratio,de,debt,debtc,debtnc,debtusd,deferredrev,depamor,deposits,divyield,dps,ebit,ebitda,ebitdamargin,ebitdausd,ebitusd,ebt,eps,epsdil,epsusd,equity,equityavg,equityusd,ev,evebit,evebitda,fcf,fcfps,fxusd,gp,grossmargin,intangibles,intexp,invcap,invcapavg,inventory,investments,investmentsc,investmentsnc,liabilities,liabilitiesc,liabilitiesnc,marketcap,ncf,ncfbus,ncfcommon,ncfdebt,ncfdiv,ncff,ncfi,ncfinv,ncfo,ncfx,netinc,netinccmn,netinccmnusd,netincdis,netincnci,netmargin,opex,opinc,payables,payoutratio,pb,pe,pe1,ppnenet,prefdivis,price,ps,ps1,receivables,retearn,revenue,revenueusd,rnd,roa,roe,roic,ros,sbcomp,sgna,sharefactor,sharesbas,shareswa,shareswadil,sps,tangibles,taxassets,taxexp,taxliabilities,tbvps,workingcapital
HUBG,MRY,2011-12-31,2011-12-31,2011-12-31,2018-04-30,4000,842684000,780651500,415792000,426892000,3.525,11.88,-54600000,49091000,49091000,2438986000,58178000,1.535,0.92,25673000,2237000,23436000,25673000,0,16340000,0,0.0,0.0,94935000,111275000,0.04,111275000,94935000,94297000,1.58,1.57,1.58,438865000,412381750,438865000,1200414727,12,10.788,20266000,0.549,1.0,312548000,0.114,285137000,638000,263227000,200647500,0,14323000,0,14323000,403819000,270902000,132917000,1216809727,-66053000,-85182000,86000,-729000,0,-1132000,-139782000,0,74866000,-5000,58178000,58178000,58178000,0,0,0.021,218089000,94459000,221982000,0.0,2.773,20.915,20.525,124587000,0,32.43,0.442,0.435,350415000,401188000,2751534000,2751534000,0,0.075,0.141,0.473,0.035,4788000,212486000,1.0,37521114,36913000,37063000,74.541,557547000,7230000,36119000,91764000,15.092,144890000
HUBG,MRY,2012-12-31,2012-12-31,2012-12-31,2018-04-30,1000,919853000,906497750,459345000,460508000,3.446,13.53,-55811000,70760000,70760000,2768042000,67953000,1.656,0.836,23219000,2120000,21099000,23219000,0,21575000,0,0.0,0.0,112464000,134039000,0.043,134039000,112464000,111257000,1.83,1.83,1.83,500897000,479046000,500897000,1213386963,10,9.052,37106000,1.001,1.0,356066000,0.114,283319000,1207000,311608000,294024500,0,17218000,0,17218000,418956000,277385000,141571000,1268995963,21669000,-550000,-11139000,-2454000,0,-14882000,-56361000,0,92917000,-5000,67953000,67953000,67953000,0,0,0.022,243706000,112360000,229422000,0.0,2.533,18.675,18.361,157584000,0,33.6,0.406,0.399,372862000,469141000,3124108000,3124108000,0,0.075,0.142,0.382,0.036,6510000,237087000,1.0,37767737,37053000,37185000,84.315,636534000,5104000,43304000,100431000,17.194,181960000
HUBG,MRY,2013-12-31,2013-12-31,2013-12-31,2018-04-30,-85000,1047943000,1014889000,486034000,561909000,3.324,15.293,-109080000,68964000,68964000,3002875000,69110000,1.513,0.866,29136000,4184000,24952000,29136000,0,21302000,0,0.0,0.0,113801000,135103000,0.04,135103000,113801000,112555000,1.88,1.87,1.88,561527000,541899250,561527000,1439188423,12,10.653,8337000,0.226,1.0,371023000,0.11,278761000,1246000,408029000,364151250,0,20754000,0,20754000,486416000,321325000,165091000,1501168423,-1796000,0,-13750000,5917000,0,-10131000,-109080000,0,117417000,-2000,69110000,69110000,69110000,0,0,0.02,257276000,113747000,257307000,0.0,2.673,21.721,21.213,260400000,0,39.88,0.445,0.435,398097000,538251000,3373898000,3373898000,0,0.068,0.128,0.313,0.034,7654000,247902000,1.0,37642137,36829000,36982000,91.61,769182000,6235000,43445000,117835000,20.948,164709000
HUBG,MRY,2014-12-31,2014-12-31,2014-12-31,2018-04-30,-77000,1212127000,1157310500,570566000,641561000,3.086,16.528,-118559000,109769000,109769000,3200691000,51558000,1.587,1.018,110520000,22123000,88397000,110520000,0,29380000,0,0.0,0.0,83652000,113032000,0.032,113032000,83652000,81867000,1.41,1.4,1.41,600784000,591839500,600784000,1404420902,16,12.425,-20018000,-0.547,1.0,370435000,0.104,277247000,1785000,576115000,505651000,0,21944000,0,21944000,611343000,359516000,251827000,1424673902,40805000,0,-18024000,81384000,0,60817000,-118559000,0,98541000,6000,51558000,51558000,51558000,0,0,0.014,286558000,83877000,277678000,0.0,2.371,27.632,27.007,338327000,0,38.08,0.399,0.39,426689000,589809000,3571126000,3571126000,0,0.045,0.087,0.165,0.023,8258000,256535000,1.0,37412655,36590000,36732000,97.598,934880000,19753000,30309000,140501000,25.719,211050000
HUBG,MRY,2015-12-31,2015-12-31,2015-12-31,2018-04-30,-178000,1301146000,1264120500,624610000,676536000,2.789,18.201,-80733000,207749000,207749000,3112900000,70949000,1.741,1.008,149211000,35017000,114194000,149211000,0,37042000,0,0.0,0.0,114553000,151595000,0.043,151595000,114553000,111582000,1.98,1.97,1.98,647840000,621418250,647840000,1137703631,9,7.505,90964000,2.536,1.0,412695000,0.117,275733000,2971000,608178000,570337750,0,21108000,0,21108000,653306000,358697000,294609000,1198073631,97980000,0,-28823000,38691000,0,7147000,-80733000,0,171697000,-131000,70949000,70949000,70949000,0,0,0.02,295665000,117030000,251927000,0.0,1.849,16.886,16.641,374847000,0,32.95,0.34,0.335,390331000,660758000,3525595000,3525595000,0,0.056,0.114,0.201,0.032,7752000,287677000,1.0,36360353,35876000,35968000,98.272,1025413000,8774000,40633000,160182000,28.809,265913000
HUBG,MRY,2016-12-31,2016-12-31,2016-12-31,2018-04-30,-273000,1360259000,1300898000,622290000,737969000,2.746,18.995,-105348000,127404000,127404000,3118005000,74805000,1.49,1.165,173965000,47860000,126105000,173965000,0,44712000,0,0.0,0.0,125046000,169758000,0.048,169758000,125046000,121421000,2.21,2.2,2.21,628179000,615587250,628179000,1504355443,12,8.862,-2875000,-0.085,1.0,454785000,0.127,274220000,3625000,714879000,634798250,0,20877000,0,20877000,732080000,417721000,314359000,1481278443,-80345000,0,-100000000,24754000,0,-77363000,-105348000,0,102473000,-107000,74805000,74805000,74805000,0,0,0.021,330951000,123834000,287625000,0.0,2.358,19.802,19.796,438594000,0,43.75,0.415,0.414,477939000,735563000,3572790000,3572790000,0,0.058,0.122,0.197,0.035,7746000,321985000,1.0,33857793,33841000,33949000,105.576,1086039000,294000,46616000,164659000,32.841,204569000
HUBG,MRY,2017-12-31,2017-12-31,2017-12-31,2018-04-30,-194000,1670941000,1492378250,656058000,1014883000,2.704,23.169,-69214000,28557000,28557000,3577380000,135153000,1.263,1.17,302547000,80043000,222504000,302547000,0,62173000,0,0.0,0.0,97691000,159864000,0.04,159864000,97691000,90937000,4.07,4.05,4.07,769872000,681302250,769872000,1913746193,19,11.971,56006000,1.686,1.0,457517000,0.113,423009000,6754000,1002379000,835059000,0,24181000,0,24181000,901069000,519543000,381526000,1634048193,-98847000,-165933000,0,14478000,0,11066000,-235147000,0,125220000,14000,135153000,135153000,135153000,0,0,0.033,360966000,96551000,351201000,0.0,2.122,12.09,11.769,562150000,0,47.9,0.405,0.394,589716000,870716000,4034897000,4034897000,0,0.091,0.198,0.117,0.024,9873000,347653000,1.0,34113741,33220000,33350000,121.46,1247932000,12088000,-44216000,121095000,37.556,136515000
