ticker,dimension,calendardate,datekey,reportperiod,lastupdated,accoci,assets,assetsavg,assetsc,assetsnc,assetturnover,bvps,capex,cashneq,cashnequsd,cor,consolinc,currentratio,de,debt,debtc,debtnc,debtusd,deferredrev,depamor,deposits,divyield,dps,ebit,ebitda,ebitdamargin,ebitdausd,ebitusd,ebt,eps,epsdil,epsusd,equity,equityavg,equityusd,ev,evebit,evebitda,fcf,fcfps,fxusd,gp,grossmargin,intangibles,intexp,invcap,invcapavg,inventory,investments,investmentsc,investmentsnc,liabilities,liabilitiesc,liabilitiesnc,marketcap,ncf,ncfbus,ncfcommon,ncfdebt,ncfdiv,ncff,ncfi,ncfinv,ncfo,ncfx,netinc,netinccmn,netinccmnusd,netincdis,netincnci,netmargin,opex,opinc,payables,payoutratio,pb,pe,pe1,ppnenet,prefdivis,price,ps,ps1,receivables,retearn,revenue,revenueusd,rnd,roa,roe,roic,ros,sbcomp,sgna,sharefactor,sharesbas,shareswa,shareswadil,sps,tangibles,taxassets,taxexp,taxliabilities,tbvps,workingcapital
HWKN,MRY,2011-12-31,2011-04-03,2011-04-03,2018-02-08,-145000,185005000,172341750,104248000,80757000,1.727,13.285,-12278000,18940000,18940000,235739000,20314000,2.641,0.356,0,0,0,0,0,7148000,978000,0.017,0.7,32295000,39443000,0.133,39443000,32295000,32295000,1.98,1.96,1.98,136443000,133653250,136443000,373699039,11,9.474,16255000,1.584,1.0,61902000,0.208,15042000,0,111552000,104226250,29217000,18461000,15286000,3175000,48562000,39471000,9091000,421613039,168000,-25500000,0,0,-7005000,-6922000,-21443000,16335000,28533000,0,20314000,20314000,20314000,0,0,0.068,29940000,31962000,23350000,0.354,3.09,20.755,20.641,62395000,0,40.87,1.417,1.409,35736000,95013000,297641000,297641000,0,0.118,0.152,0.31,0.109,1952000,29940000,1.0,10315954,10260135,10352633,29.009,169963000,2197000,11981000,10495000,16.549,64777000
HWKN,MRY,2012-12-31,2012-04-01,2012-04-01,2018-02-08,-123000,204081000,193192750,110855000,93226000,1.78,15.065,-19802000,28566000,28566000,277966000,22685000,3.055,0.303,0,0,0,0,0,8458000,0,0.017,0.64,36166000,44624000,0.13,44624000,36166000,36311000,2.19,2.18,2.19,156607000,150337250,156607000,368652611,10,8.261,13880000,1.342,1.0,65868000,0.192,14681000,-145000,124545000,121163750,27633000,17349000,12210000,5139000,47474000,36289000,11185000,387932611,9626000,-1709000,2218000,0,-6417000,-3650000,-20406000,1105000,33682000,0,22685000,22685000,22685000,-1057000,0,0.066,30759000,35109000,18623000,0.292,2.477,17.101,16.986,73265000,0,37.2,1.128,1.119,38069000,111039000,343834000,343834000,0,0.117,0.151,0.298,0.105,1350000,30759000,1.0,10428296,10339391,10408573,33.255,189400000,2447000,13626000,13592000,18.22,74566000
HWKN,MRY,2013-12-31,2013-03-31,2013-03-31,2018-02-08,-106000,222148000,218694500,111081000,111067000,1.602,16.214,-26427000,28715000,28715000,293451000,17126000,3.162,0.305,0,0,0,0,0,10248000,0,0.017,0.68,25348000,35596000,0.102,35596000,25348000,25432000,1.64,1.62,1.64,170172000,166652000,170172000,397464580,15,11.166,9047000,0.865,1.0,56936000,0.162,14173000,-84000,144135000,137796000,28208000,21222000,15625000,5597000,51976000,35125000,16851000,422047580,149000,-100000,1483000,0,-6936000,-4943000,-30382000,-3855000,35474000,0,17126000,17126000,17126000,-18000,0,0.049,31606000,25330000,18516000,0.415,2.48,24.644,24.36,90974000,0,39.95,1.205,1.193,35920000,120974000,350387000,350387000,0,0.078,0.103,0.184,0.072,1621000,31606000,1.0,10564395,10464820,10541142,33.482,207975000,0,8306000,12062000,19.816,75956000
HWKN,MRY,2014-12-31,2014-03-30,2014-03-30,2018-02-08,-44000,237193000,230176750,114627000,122566000,1.513,17.271,-12146000,33486000,33486000,286663000,18094000,3.199,0.3,0,0,0,0,0,12605000,0,0.02,0.72,28090000,40695000,0.117,40695000,28090000,28061000,1.72,1.71,1.72,182413000,178870500,182413000,356179449,12,8.752,22466000,2.131,1.0,61600000,0.177,15901000,29000,151977000,154451750,26192000,29695000,13843000,15852000,54780000,35829000,18951000,384039449,4771000,-2416000,1103000,0,-7410000,-6730000,-23111000,-8549000,34612000,0,18094000,18094000,18094000,0,0,0.052,33510000,28090000,18306000,0.419,2.105,21.225,21.023,90469000,0,36.16,1.103,1.095,37946000,131427000,348263000,348263000,0,0.079,0.101,0.182,0.081,1322000,33510000,1.0,10620560,10544467,10599755,33.028,221292000,0,9967000,14530000,20.952,78798000
HWKN,MRY,2015-12-31,2015-03-29,2015-03-29,2018-02-08,-32000,248462000,243177750,114340000,134122000,1.497,18.331,-14329000,18639000,18639000,298232000,19214000,3.146,0.281,0,0,0,0,0,13015000,1008000,0.02,0.76,30416000,43431000,0.119,43431000,30416000,30454000,1.82,1.81,1.82,193964000,191267000,193964000,384458663,12,8.852,6335000,0.599,1.0,65791000,0.181,22904000,-38000,170576000,168306500,37028000,31734000,14485000,17249000,54498000,36343000,18155000,403452663,-14847000,-10068000,-1029000,0,-7859000,-9091000,-26420000,-2023000,20664000,0,19214000,19214000,19214000,0,0,0.053,35375000,30416000,20083000,0.418,2.08,20.998,20.824,93730000,0,37.9,1.108,1.1,40355000,142567000,364023000,364023000,0,0.079,0.1,0.181,0.084,1631000,35375000,1.0,10645189,10568582,10633554,34.444,225558000,732000,11240000,12676000,21.317,77997000
HWKN,MRY,2016-12-31,2016-04-03,2016-04-03,2018-02-08,-5000,436491000,339207250,137288000,299203000,1.22,19.151,-23825000,20014000,20014000,333719000,18143000,2.297,1.172,129105000,5489000,123616000,129105000,0,15511000,1081000,0.022,0.8,31171000,46682000,0.113,46682000,31171000,30366000,1.72,1.72,1.72,200975000,199861000,200975000,502011873,16,10.754,12508000,1.188,1.0,80257000,0.194,180658000,805000,305159000,236816500,47719000,0,0,0,235516000,59765000,175751000,392505873,1375000,-159199000,-3720000,129071000,-8257000,116394000,-151352000,31672000,36333000,0,18143000,18143000,18143000,0,0,0.044,49086000,31171000,30121000,0.465,1.953,21.634,21.599,116321000,0,37.15,0.948,0.944,59271000,152265000,413976000,413976000,0,0.053,0.091,0.132,0.075,1706000,49086000,1.0,10565434,10524730,10578042,39.334,255833000,6062000,12223000,42242000,24.379,77523000
HWKN,MRY,2017-12-31,2017-04-02,2017-04-02,2018-02-08,298000,418584000,422089500,120919000,297665000,1.146,20.632,-21292000,6861000,6861000,385520000,22555000,2.172,0.922,102615000,7989000,94626000,102615000,0,20875000,1174000,0.017,0.84,38692000,59567000,0.123,59567000,38692000,36048000,2.14,2.13,2.14,217828000,214416250,217828000,625070244,16,10.494,23563000,2.236,1.0,98073000,0.203,174439000,2644000,284227000,296128750,51249000,0,0,0,200756000,55672000,145084000,520995244,-13153000,-2199000,1291000,-26625000,-8683000,-34517000,-23491000,0,44855000,0,22555000,22555000,22555000,0,0,0.047,59381000,38692000,29756000,0.393,2.392,23.099,22.897,121540000,0,49.0,1.077,1.068,57298000,165897000,483593000,483593000,0,0.053,0.105,0.131,0.08,2127000,59381000,1.0,10632556,10536347,10596110,45.898,244145000,1273000,13493000,42040000,23.125,65247000
