ticker,dimension,calendardate,datekey,reportperiod,lastupdated,accoci,assets,assetsavg,assetsc,assetsnc,assetturnover,bvps,capex,cashneq,cashnequsd,cor,consolinc,currentratio,de,debt,debtc,debtnc,debtusd,deferredrev,depamor,deposits,divyield,dps,ebit,ebitda,ebitdamargin,ebitdausd,ebitusd,ebt,eps,epsdil,epsusd,equity,equityavg,equityusd,ev,evebit,evebitda,fcf,fcfps,fxusd,gp,grossmargin,intangibles,intexp,invcap,invcapavg,inventory,investments,investmentsc,investmentsnc,liabilities,liabilitiesc,liabilitiesnc,marketcap,ncf,ncfbus,ncfcommon,ncfdebt,ncfdiv,ncff,ncfi,ncfinv,ncfo,ncfx,netinc,netinccmn,netinccmnusd,netincdis,netincnci,netmargin,opex,opinc,payables,payoutratio,pb,pe,pe1,ppnenet,prefdivis,price,ps,ps1,receivables,retearn,revenue,revenueusd,rnd,roa,roe,roic,ros,sbcomp,sgna,sharefactor,sharesbas,shareswa,shareswadil,sps,tangibles,taxassets,taxexp,taxliabilities,tbvps,workingcapital
HZO,MRY,2011-12-31,2011-09-30,2011-09-30,2018-05-01,0,363129000,347527750,257769000,105360000,1.384,8.669,-6434000,19386000,19386000,361400000,-11523000,1.589,0.862,118828000,118828000,0,118828000,0,6615000,9085000,0.0,0.0,-8402000,-1787000,-0.004,-1787000,-8402000,-11890000,-0.52,-0.52,-0.52,195000000,197227250,195000000,228745051,-27,-128.005,-21114000,-0.944,1.0,119494000,0.248,0,3488000,300338000,283339250,219632000,0,0,0,168129000,162233000,5896000,150576051,2847000,-2258000,1245000,24984000,0,26219000,-8692000,0,-14680000,0,-11523000,-11523000,-11523000,0,0,-0.024,127896000,-8402000,8642000,0.0,0.772,-13.067,-12.442,102107000,0,6.47,0.313,0.301,14163000,-254000,480894000,480894000,0,-0.033,-0.058,-0.03,-0.017,3248000,127896000,1.0,23272960,22375271,22375271,21.492,363129000,0,-367000,0,16.144,95536000
HZO,MRY,2012-12-31,2012-09-30,2012-09-30,2018-05-01,0,365121000,363305500,262610000,102511000,1.444,8.771,-3249000,23617000,23617000,391173000,1099000,1.632,0.817,120647000,120647000,0,120647000,0,6479000,8495000,0.0,0.0,5370000,11849000,0.023,11849000,5370000,923000,0.05,0.05,0.05,200944000,197526750,200944000,275010737,51,23.21,5425000,0.239,1.0,133283000,0.254,0,4447000,301286000,297632000,215120000,0,0,0,164177000,160865000,3312000,196454737,4231000,-4393000,1380000,1819000,0,3199000,-7642000,0,8674000,0,1099000,1099000,1099000,0,0,0.002,127913000,5370000,8457000,0.0,0.978,178.758,165.8,98796000,0,8.29,0.375,0.359,18820000,845000,524456000,524456000,0,0.003,0.006,0.018,0.01,3465000,127913000,1.0,23697797,22740986,23335918,23.062,365121000,0,-176000,0,15.937,101745000
HZO,MRY,2013-12-31,2013-09-30,2013-09-30,2018-05-01,0,381902000,387687500,276056000,105846000,1.508,9.444,-9709000,23756000,23756000,433644000,15024000,1.729,0.722,122470000,122470000,0,122470000,0,6777000,9342000,0.0,0.0,18348000,25125000,0.043,25125000,18348000,14130000,0.65,0.63,0.65,221812000,209213250,221812000,400966535,21,15.959,-1898000,-0.082,1.0,150853000,0.258,0,4218000,320999000,316117250,228041000,0,0,0,160090000,159617000,473000,295937535,139000,-4638000,3109000,1823000,0,4932000,-12604000,0,7811000,0,15024000,15024000,15024000,0,0,0.026,132505000,18348000,7474000,0.0,1.334,19.698,18.769,100339000,0,12.2,0.506,0.485,19410000,15869000,584497000,584497000,0,0.039,0.072,0.058,0.031,2735000,132505000,1.0,24257175,23253992,24003728,25.135,381902000,0,-894000,0,16.261,116439000
HZO,MRY,2014-12-31,2014-09-30,2014-09-30,2018-05-01,0,402681000,404708750,288952000,113729000,1.544,9.932,-7582000,27839000,27839000,462872000,11272000,1.775,0.683,124424000,124424000,0,124424000,0,7281000,10979000,0.0,0.0,15387000,22668000,0.036,22668000,15387000,11363000,0.47,0.46,0.47,239295000,228876250,239295000,508030805,33,22.412,3227000,0.135,1.0,161820000,0.259,0,4024000,336440000,335658000,244151000,0,0,0,163386000,162826000,560000,418808805,4083000,0,4166000,1954000,0,6120000,-12846000,-6020000,10809000,0,11272000,11272000,11272000,0,0,0.018,146433000,15387000,7823000,0.0,1.75,37.155,35.851,101878000,0,16.85,0.67,0.645,12547000,27141000,624692000,624692000,0,0.028,0.049,0.046,0.025,2586000,146433000,1.0,24855122,23916238,24655262,26.12,402681000,0,91000,0,16.714,126126000
HZO,MRY,2015-12-31,2015-09-30,2015-09-30,2018-05-01,0,467622000,451011500,335805000,131817000,1.666,11.629,-3751000,32611000,32611000,566603000,48292000,1.831,0.649,137186000,137186000,0,137186000,0,7858000,12731000,0.0,0.0,25332000,33190000,0.044,33190000,25332000,20878000,1.97,1.92,1.97,283645000,257031000,283645000,451038890,17,13.59,-682000,-0.028,1.0,184767000,0.246,0,4454000,388806000,371618250,273875000,0,0,0,183977000,183391000,586000,361098890,4772000,0,-6767000,12762000,0,5454000,-3751000,0,3069000,0,48292000,48292000,48292000,0,0,0.064,159435000,25332000,13510000,0.0,1.273,7.477,7.173,98987000,0,14.13,0.481,0.46,18474000,75433000,751370000,751370000,0,0.107,0.188,0.068,0.034,3018000,159435000,1.0,25555477,24466243,25102289,30.71,467622000,27517000,-27414000,0,19.172,152414000
HZO,MRY,2016-12-31,2016-09-30,2016-09-30,2018-05-01,0,546688000,544575750,391111000,155577000,1.73,12.865,-12685000,38585000,38585000,716022000,22582000,1.687,0.75,166550000,166550000,0,166550000,0,7964000,30129000,0.0,0.0,40252000,48216000,0.051,48216000,40252000,34790000,0.93,0.91,0.93,312473000,296385250,312473000,663056777,16,13.752,10178000,0.421,1.0,226028000,0.24,13149000,5462000,429625000,441314250,321978000,0,0,0,234215000,231879000,2336000,541644777,5974000,-17062000,-2830000,15768000,0,12858000,-29747000,0,22863000,0,22582000,22582000,22582000,0,0,0.024,185776000,40252000,9597000,0.0,1.733,23.986,22.527,121353000,0,20.95,0.575,0.538,24583000,103212000,942050000,942050000,0,0.041,0.076,0.091,0.043,4241000,185776000,1.0,25854166,24203947,24820847,38.921,533539000,21075000,12208000,0,21.966,159232000
HZO,MRY,2017-12-31,2017-09-30,2017-09-30,2018-05-01,0,639990000,640126750,473756000,166234000,1.644,13.147,-13373000,41952000,41952000,787005000,23547000,1.416,1.118,254177000,254177000,0,254177000,0,9364000,21032000,0.0,0.0,45289000,54653000,0.052,54653000,45289000,37808000,0.98,0.95,0.98,302198000,318312750,302198000,617291879,13,11.295,-8628000,-0.36,1.0,265315000,0.252,30305000,7481000,487223000,495612250,401301000,0,0,0,337792000,334687000,3105000,434579879,3367000,-18725000,-39580000,70819000,0,30720000,-32098000,0,4745000,0,23547000,23547000,23547000,0,0,0.022,220026000,45289000,26432000,0.0,1.438,18.456,16.888,127160000,0,16.55,0.413,0.377,24661000,126759000,1052320000,1052320000,0,0.037,0.074,0.091,0.043,6237000,220026000,1.0,26258603,23966611,24678800,43.908,609685000,8769000,14261000,0,26.524,139069000
