ticker,dimension,calendardate,datekey,reportperiod,lastupdated,accoci,assets,assetsavg,assetsc,assetsnc,assetturnover,bvps,capex,cashneq,cashnequsd,cor,consolinc,currentratio,de,debt,debtc,debtnc,debtusd,deferredrev,depamor,deposits,divyield,dps,ebit,ebitda,ebitdamargin,ebitdausd,ebitusd,ebt,eps,epsdil,epsusd,equity,equityavg,equityusd,ev,evebit,evebitda,fcf,fcfps,fxusd,gp,grossmargin,intangibles,intexp,invcap,invcapavg,inventory,investments,investmentsc,investmentsnc,liabilities,liabilitiesc,liabilitiesnc,marketcap,ncf,ncfbus,ncfcommon,ncfdebt,ncfdiv,ncff,ncfi,ncfinv,ncfo,ncfx,netinc,netinccmn,netinccmnusd,netincdis,netincnci,netmargin,opex,opinc,payables,payoutratio,pb,pe,pe1,ppnenet,prefdivis,price,ps,ps1,receivables,retearn,revenue,revenueusd,rnd,roa,roe,roic,ros,sbcomp,sgna,sharefactor,sharesbas,shareswa,shareswadil,sps,tangibles,taxassets,taxexp,taxliabilities,tbvps,workingcapital
IBN,MRY,2011-12-31,2011-03-31,2011-03-31,2017-12-03,0,5337678657000,5115575805000,,,0.12,90.192,-8233727000,212340063000,4764710950,0,63181941000,,8.652,1258388602000,,,28237054599,0,8576451000,2591060049000,0.011,0.1,254358357000,262934808000,0.427,5900009359,5707561879,60932672000,19.47,19.36,0.437,553024952000,532994976000,12409358873,47355030466,8,8.026,-119971018000,-19.566,44.565,615947044000,1.0,0,193425685000,6383727196000,6077840290500,0,4656720928000,,,4784653705000,,,27776370998,-77588594000,0,1426887000,96073647000,-15567579000,81932955000,-60809921000,-52576194000,-111737291000,1253363000,60932672000,60932672000,1367271750,0,2249269000,0.099,359339418000,256607626000,0,0.229,2.238,20.315,20.738,54895477000,0,9.06,2.01,4.019,0,541503823000,615947044000,13821271333,0,0.012,0.114,0.042,0.413,2929000,0,0.5,6131649227,6131649227,,2.254,5337678657000,0,0,0,870.513,
IBN,MRY,2012-12-31,2012-03-31,2012-03-31,2017-12-03,0,6192868956000,5765273806500,,,0.116,96.731,-5873640000,207281806000,4087802543,0,79376343000,,9.106,1612966218000,,,31809291592,0,7546097000,2819504736000,0.017,0.11,326561810000,334107907000,0.501,6588938886,6440122379,76429355000,24.12,24.02,0.476,612764960000,582894956000,12084332004,41455573178,6,6.292,-74011752000,-11.683,50.707,666582764000,1.0,0,250132455000,7598553368000,6991140282000,0,5319895091000,,,5580103996000,,,20081151305,17710264000,0,591128000,312815320000,-19013434000,294393014000,-212628970000,-206755330000,-68138112000,4084332000,76429355000,76429355000,1507262590,0,2946988000,0.115,337073966000,329508798000,0,0.231,1.662,13.323,13.329,54319822000,0,6.34,1.528,3.055,0,601213423000,666582764000,13145672410,0,0.013,0.131,0.047,0.49,93240000,0,0.5,6334748046,6334748046,,2.075,6192868956000,0,0,0,977.603,
IBN,MRY,2013-12-31,2013-03-31,2013-03-31,2017-12-03,0,6748217143000,6470543049500,,,0.115,108.459,-5549254000,193062020000,3554244323,0,101298849000,,8.814,1728882194000,,,31828475245,0,7309535000,3147705357000,0.014,0.11,378890218000,386199753000,0.52,7109882512,6975315013,96036125000,30.29,30.13,0.558,687624130000,650194545000,12659062413,50000651534,7,7.033,169390528000,26.718,54.319,742043968000,1.0,0,282854093000,8284037317000,7941295342500,0,5856408051000,,,6060593013000,,,24725724780,82145687000,0,447515000,114579019000,-22194629000,92831905000,-191478155000,-185928901000,174939782000,5852155000,96036125000,96036125000,1768011399,0,5262724000,0.129,357891026000,384152942000,0,0.197,1.953,13.985,13.988,54734587000,0,7.8,1.81,3.62,0,676042933000,742043968000,13660923889,0,0.015,0.148,0.048,0.511,98647000,0,0.5,6339929431,6339929431,,2.155,6748217143000,0,0,0,1064.399,
IBN,MRY,2014-12-31,2014-03-31,2014-03-31,2017-12-03,0,7477623770000,7112920456500,,,0.112,120.463,-6322474000,220969309000,3691134251,0,116771170000,,8.784,1835420690000,,,30659389779,0,8418401000,3595126823000,0.018,0.14,407519783000,415938184000,0.523,6947949849,6807326482,110413664000,34.78,34.6,0.581,764298523000,725961326500,12767060136,50693135826,7,7.296,61325444000,9.666,59.865,795638548000,1.0,0,297106119000,9092075151000,8688056234000,0,6549512213000,,,6713325247000,,,25263439560,-11126306000,0,761818000,105001542000,-27040480000,78722880000,-166675651000,-160353177000,67647918000,9178547000,110413664000,110413664000,1844381279,0,6357506000,0.139,381761259000,413877289000,0,0.241,1.979,13.698,13.707,55068300000,0,7.964,1.901,3.802,0,752682333000,795638548000,13290572836,0,0.016,0.152,0.047,0.512,120371000,0,0.5,6344699433,6344699433,,2.095,7477623770000,0,0,0,1178.562,
IBN,MRY,2015-12-31,2015-03-31,2015-03-31,2017-12-03,0,8260791703000,7869207736500,,,0.115,133.36,-12078823000,258376695000,4128066192,0,129422985000,,8.752,2112520026000,,,33751583130,0,9102686000,3859552465000,0.015,0.14,445650190000,454752876000,0.504,7265554555,7120121584,122468652000,42.34,41.88,0.676,847045441000,805671982000,13533185136,56779818964,7,7.815,-134810240000,-21.225,62.59,902162318000,1.0,0,323181538000,10114935034000,9603505092500,0,7128009063000,,,7413746262000,,,29910168719,-6210567000,0,3477284000,275635577000,-30840867000,248271994000,-129317037000,-117238214000,-122731417000,-2434107000,122468652000,122468652000,1956672996,0,6954333000,0.136,449557795000,452604523000,0,0.207,2.21,15.286,13.923,58712089000,0,9.418,2.075,4.15,0,835374445000,902162318000,14413783584,0,0.016,0.152,0.046,0.494,94432000,0,0.5,6351580230,6351580230,,2.269,8260791703000,0,0,0,1300.588,
IBN,MRY,2016-12-31,2016-03-31,2016-03-31,2017-12-03,0,9187561977000,8724176840000,,,0.116,147.579,-7780712000,272775620000,4114995127,0,109268916000,,8.763,2203776561000,,,33245382451,0,9567289000,4510773918000,0.022,0.14,441764331000,451331620000,0.445,6808626874,6664298185,101799585000,35.06,34.82,0.529,941107126000,894076283500,14197204419,49814572493,7,7.316,228672522000,35.859,66.288,1013958460000,1.0,0,339964746000,11118562918000,10616748976000,0,7797731949000,,,8246454851000,,,20754135830,173988005000,0,2824200000,89839831000,-34524887000,58139144000,-118192604000,-110411892000,236453234000,-2411769000,101799585000,101799585000,1535712012,0,7469331000,0.1,564724798000,449233662000,0,0.265,1.462,13.514,12.307,87134646000,0,6.509,1.357,2.714,0,929408451000,1013958460000,15296213504,0,0.012,0.114,0.042,0.436,142309000,0,0.5,6376969110,6376969110,,2.399,9187561977000,0,0,0,1440.741,
IBN,MRY,2017-12-31,2017-03-31,2017-03-31,2017-12-03,0,9860426640000,9523994308500,,,0.119,163.583,-13010804000,318912598000,4911258920,0,113403295000,,8.424,1882867563000,,,28996189466,0,10444420000,5125872643000,0.018,0.14,450242173000,460686593000,0.406,7094580626,6933736397,101883845000,35.02,34.86,0.539,1046319955000,993713540500,16113343420,53923943291,7,7.601,513344531000,80.257,64.935,1133976307000,1.0,0,348358328000,11424381605000,11271472261500,0,8198190571000,,,8814106685000,,,25003504249,154548984000,0,1772579000,-322237028000,-34230910000,-354695359000,-16057387000,-3046583000,526355335000,-1053605000,101883845000,101883845000,1569012782,0,11519450000,0.09,672214684000,461761623000,0,0.26,1.552,15.936,14.497,93379618000,0,7.818,1.432,2.864,0,1034606322000,1133976307000,17463252591,0,0.011,0.103,0.04,0.397,180903000,0,0.5,6396245273,6396245273,,2.73,9860426640000,0,0,0,1541.596,
