ticker,dimension,calendardate,datekey,reportperiod,lastupdated,accoci,assets,assetsavg,assetsc,assetsnc,assetturnover,bvps,capex,cashneq,cashnequsd,cor,consolinc,currentratio,de,debt,debtc,debtnc,debtusd,deferredrev,depamor,deposits,divyield,dps,ebit,ebitda,ebitdamargin,ebitdausd,ebitusd,ebt,eps,epsdil,epsusd,equity,equityavg,equityusd,ev,evebit,evebitda,fcf,fcfps,fxusd,gp,grossmargin,intangibles,intexp,invcap,invcapavg,inventory,investments,investmentsc,investmentsnc,liabilities,liabilitiesc,liabilitiesnc,marketcap,ncf,ncfbus,ncfcommon,ncfdebt,ncfdiv,ncff,ncfi,ncfinv,ncfo,ncfx,netinc,netinccmn,netinccmnusd,netincdis,netincnci,netmargin,opex,opinc,payables,payoutratio,pb,pe,pe1,ppnenet,prefdivis,price,ps,ps1,receivables,retearn,revenue,revenueusd,rnd,roa,roe,roic,ros,sbcomp,sgna,sharefactor,sharesbas,shareswa,shareswadil,sps,tangibles,taxassets,taxexp,taxliabilities,tbvps,workingcapital
IHS,MRY,2011-12-31,2011-11-30,2011-11-30,2017-04-15,-49202000,3073037000,2678575250,698078000,2374959000,0.495,21.251,-54340000,234685000,234685000,558492000,135415000,0.855,1.219,803474000,144563000,658911000,803474000,487172000,88039000,0,0.0,0.0,173456000,261495000,0.197,261495000,173456000,162110000,2.09,2.06,2.09,1384729000,1319496000,1384729000,6353651926,36,24.297,287710000,4.431,1.0,767146000,0.579,2237261000,11346000,587708000,324543250,0,0,0,0,1688308000,816857000,871451000,5745642926,33950000,-730058000,-30105000,502930000,0,482817000,-793238000,-168000,342050000,2321000,135415000,135415000,135415000,-126000,0,0.102,594678000,172468000,32428000,0.0,4.149,42.43,42.287,128418000,0,88.38,4.334,4.329,326009000,930619000,1325638000,1325638000,0,0.051,0.103,0.534,0.131,76251000,453481000,1.0,65010669,64938000,65716000,20.414,835776000,70447000,26695000,123895000,12.827,-118779000
IHS,MRY,2012-12-31,2012-11-30,2012-11-30,2017-04-15,-46693000,3549211000,3347319750,863883000,2685328000,0.457,24.015,-64732000,345008000,345008000,624514000,158168000,0.985,1.24,1061024000,170102000,890922000,1061024000,515318000,118243000,0,0.0,0.0,208305000,326548000,0.213,326548000,208305000,187732000,2.4,2.37,2.4,1584358000,1515312500,1584358000,6784714193,32,20.777,249641000,3.792,1.0,905355000,0.592,2513775000,20573000,874515000,715271750,0,0,0,0,1964853000,876937000,1087916000,6075436193,110323000,-306268000,-89885000,256097000,0,179411000,-375260000,-2268000,314373000,-8201000,158168000,158168000,158168000,-19000,0,0.103,698068000,207287000,52079000,0.0,3.835,38.411,38.392,163013000,0,92.14,3.971,3.965,372117000,1088787000,1529869000,1529869000,0,0.047,0.104,0.291,0.136,108344000,534043000,1.0,65937011,65840000,66735000,23.236,1035436000,75548000,29564000,139235000,15.694,-13054000
IHS,MRY,2013-12-31,2013-11-30,2013-11-30,2017-04-15,-56961000,5359613000,4455717750,880840000,4478773000,0.38,28.293,-90734000,258367000,258367000,689976000,131733000,0.707,1.811,2174592000,395527000,1779065000,2174592000,560010000,158737000,0,0.0,0.0,190462000,349199000,0.206,349199000,190462000,145880000,1.98,1.95,1.98,1906963000,1715275750,1906963000,9724650291,51,27.848,405421000,6.103,1.0,1002027000,0.592,4209645000,44582000,1819758000,1331302500,0,0,0,0,3452650000,1246435000,2206215000,7688273291,-86641000,-1487034000,-96615000,1088731000,0,1006450000,-1571897000,4524000,496155000,-17349000,131733000,131733000,131733000,-15217000,0,0.078,828053000,173974000,57001000,0.0,4.032,58.363,57.793,245566000,0,114.43,4.544,4.493,459263000,1220520000,1692003000,1692003000,0,0.03,0.077,0.143,0.113,148117000,642074000,1.0,67187567,66434000,67442000,25.469,1149968000,70818000,14147000,371228000,17.062,-365595000
IHS,MRY,2014-12-31,2014-11-30,2014-11-30,2017-04-15,-106725000,5272136000,5308328500,688807000,4583329000,0.392,31.594,-114453000,153156000,153156000,815153000,194549000,0.721,1.441,1842355000,36257000,1806098000,1842355000,596187000,202145000,0,0.0,0.0,295059000,497204000,0.239,497204000,295059000,239675000,2.85,2.81,2.85,2159546000,2059714000,2159546000,9986859390,33,20.086,513646000,7.536,1.0,1264634000,0.608,4248433000,55384000,1757845000,1718568500,0,0,0,0,3112590000,955057000,2157533000,8348396390,-105211000,-210395000,-59928000,-351230000,0,-397861000,-324011000,6159000,628099000,-11438000,194549000,194549000,194549000,-16587000,0,0.094,987150000,277484000,52245000,0.0,3.866,42.912,42.968,301419000,0,122.46,4.014,4.014,421374000,1415069000,2079787000,2079787000,0,0.037,0.094,0.172,0.142,154062000,789752000,1.0,68172435,68163000,69120000,30.512,1023703000,7769000,45126000,271125000,14.977,-266250000
IHS,MRY,2015-12-31,2015-11-30,2015-11-30,2017-04-15,-191213000,5601081000,5627302250,955342000,4645739000,0.388,32.393,-122921000,291580000,291580000,819173000,240193000,0.995,1.545,2131202000,36019000,2095183000,2131202000,552498000,235501000,0,0.0,0.0,360031000,595532000,0.273,595532000,360031000,289046000,3.51,3.47,3.51,2200877000,2174441000,2200877000,10228585794,28,17.176,489718000,7.154,1.0,1365162000,0.625,4302150000,70985000,2178420000,2030357500,0,0,0,0,3400204000,960133000,2440071000,8407093794,139992000,-369908000,-248868000,288848000,0,45474000,-495959000,597000,612639000,-22162000,240193000,240193000,240193000,-51255000,0,0.11,1057319000,307843000,59180000,0.0,3.82,35.001,35.131,314366000,0,123.31,3.849,3.864,355913000,1655262000,2184335000,2184335000,0,0.043,0.11,0.177,0.165,129892000,795354000,1.0,68178524,68450000,69289000,31.911,1298931000,11215000,48853000,282863000,19.118,-4791000
