ticker,dimension,calendardate,datekey,reportperiod,lastupdated,accoci,assets,assetsavg,assetsc,assetsnc,assetturnover,bvps,capex,cashneq,cashnequsd,cor,consolinc,currentratio,de,debt,debtc,debtnc,debtusd,deferredrev,depamor,deposits,divyield,dps,ebit,ebitda,ebitdamargin,ebitdausd,ebitusd,ebt,eps,epsdil,epsusd,equity,equityavg,equityusd,ev,evebit,evebitda,fcf,fcfps,fxusd,gp,grossmargin,intangibles,intexp,invcap,invcapavg,inventory,investments,investmentsc,investmentsnc,liabilities,liabilitiesc,liabilitiesnc,marketcap,ncf,ncfbus,ncfcommon,ncfdebt,ncfdiv,ncff,ncfi,ncfinv,ncfo,ncfx,netinc,netinccmn,netinccmnusd,netincdis,netincnci,netmargin,opex,opinc,payables,payoutratio,pb,pe,pe1,ppnenet,prefdivis,price,ps,ps1,receivables,retearn,revenue,revenueusd,rnd,roa,roe,roic,ros,sbcomp,sgna,sharefactor,sharesbas,shareswa,shareswadil,sps,tangibles,taxassets,taxexp,taxliabilities,tbvps,workingcapital
IHT,MRY,2011-12-31,2012-01-31,2012-01-31,2018-05-16,0,27382258,27519784,1982514,25399744,0.62,0.351,-969963,1120232,1120232,8800712,-1448344,0.403,8.178,21821908,2503939,19317969,21821908,0,1734734,0,0.005,0.01,448766,2183500,0.128,2183500,448766,-1078741,-0.13,-0.13,-0.13,2963686,3669300,2963686,39849427,88,18.25,-33916,-0.004,1.0,8267324,0.484,0,1527507,43165232,39951411,0,0,0,0,24236671,4918702,19317969,18633177,488580,0,-151235,-994034,-84430,522130,-969597,0,936047,0,-1078741,-1078741,-1078741,0,-369603,-0.063,8191882,75442,2414763,-0.077,6.287,-17.273,-16.923,25291125,0,2.2,1.092,1.097,619916,,17068036,17068036,0,-0.039,-0.294,0.011,0.026,51840,4212883,1.0,8469626,8511730,8511730,2.005,27382258,0,0,0,3.243,-2936188
IHT,MRY,2012-12-31,2013-01-31,2013-01-31,2018-05-16,0,26281962,26765820,1344321,24937641,0.56,0.364,-1264878,507736,507736,9275017,-1075850,0.324,7.529,20757180,1848164,18909016,20757180,0,1754289,0,0.0,0.0,-44436,1709853,0.114,1709853,-44436,-1006145,-0.12,-0.12,-0.12,3062162,3729858,3062162,35471166,-798,20.745,-396730,-0.047,1.0,5702602,0.381,0,961709,42384745,43529149,0,0,0,0,23055677,4146661,18909016,14427552,-489471,0,-187311,-1328929,-83846,-215766,-1141853,0,868148,0,-1006145,-1006145,-1006145,0,-69705,-0.067,5825680,-123078,2298497,0.0,4.712,-14.339,-14.333,24799757,0,1.72,0.963,0.966,568186,,14977619,14977619,0,-0.038,-0.27,-0.001,-0.003,39600,4061404,1.0,8388112,8415542,8415542,1.78,26281962,0,0,0,3.127,-2802340
IHT,MRY,2013-12-31,2014-01-31,2014-01-31,2018-05-16,0,25408503,25236515,1538865,23869638,0.59,0.246,-761433,510240,510240,8827706,-841231,0.1,10.972,20284453,13184864,7099589,20284453,0,1783595,0,0.007,0.01,-162094,1621501,0.109,1621501,-162094,-984675,-0.12,-0.12,-0.12,2051209,2652142,2051209,33781831,-208,20.834,-41689,-0.005,1.0,6056936,0.407,0,822581,29776214,38348708,0,0,0,0,22506091,15406502,7099589,13932254,-98050,0,-54430,-472086,-83449,44193,-861987,0,719744,0,-1021823,-1021823,-1021823,0,180592,-0.069,6044048,12888,2221638,-0.083,6.792,-13.635,-12.617,23762063,0,1.514,0.936,0.851,644566,,14884642,14884642,0,-0.04,-0.385,-0.004,-0.011,30960,4250976,1.0,9202282,8368416,8368416,1.779,25408503,0,37148,0,3.044,-13867637
IHT,MRY,2014-12-31,2015-01-31,2015-01-31,2018-05-16,0,27027809,25486501,1133271,25894538,0.112,0.201,-1414896,147684,147684,1643491,-2240924,0.111,14.863,6573322,1422897,5150425,6573322,0,1782421,0,0.004,0.01,-1560814,221607,0.078,221607,-1560814,-1904990,-0.27,-0.27,-0.27,1618979,1460076,1618979,41807714,-26,188.657,-814973,-0.098,1.0,1201631,0.422,0,344176,23242847,29942730,0,0,0,0,24062582,10210600,13851982,22188947,111783,734948,-220032,-1453418,-82665,813655,-1301795,-736184,599923,0,-2103637,-2103637,-2103637,-201649,-137287,-0.739,3108037,-1906406,690351,-0.037,13.706,-10.548,-9.926,5177807,0,2.68,7.799,7.831,117903,,2845122,2845122,0,-0.083,-1.441,-0.052,-0.549,36666,2605634,1.0,8279458,8313093,8313093,0.342,27027809,0,198647,0,3.362,-9077329
IHT,MRY,2015-12-31,2016-01-31,2016-01-31,2018-05-16,0,23940689,24865629,3325922,20614767,0.467,0.784,2424831,1955534,1955534,6857878,339440,0.911,2.617,14779570,1459083,13320487,14779570,0,1178074,0,0.005,0.01,1259237,2437311,0.21,2437311,1259237,529079,0.04,0.03,0.04,6483934,4060737,6483934,25177228,19,10.33,1820972,0.22,1.0,4758889,0.41,1000000,730158,32115252,32681835,0,5761,5761,0,16969960,3649473,13320487,20991460,1450001,-693764,2907575,-2000805,-88177,1399977,653883,-1077184,-603859,0,432116,432116,432116,-1830449,-92676,0.037,5437193,-678304,2163144,0.25,3.237,48.578,55.5,19614767,0,2.22,1.807,1.58,250470,,11616767,11616767,0,0.017,0.106,0.039,0.108,65280,4404233,1.0,9455613,8269827,11953896,1.405,22940689,0,96963,0,2.774,-323551
IHT,MRY,2016-12-31,2017-01-31,2017-01-31,2018-05-16,0,22172832,22870050,1464967,20707865,0.402,0.458,-2254499,478835,478835,4881624,-2626754,0.333,4.186,11150638,2056393,9094245,11150638,0,2161401,0,0.005,0.01,-1929748,231653,0.025,231653,-1929748,-2419540,-0.27,-0.19,-0.27,4431180,5411485,4431180,36078531,-18,155.744,-3125465,-0.323,1.0,4315555,0.469,933000,489792,27506135,26243361,0,0,0,0,18547583,4405500,14142083,20948134,-1389291,2231001,-77037,1200814,-96630,384823,-903148,-879650,-870966,0,-2191972,-2191972,-2191972,39332,-434782,-0.238,6671022,-2355467,1763498,-0.037,4.727,-9.557,-8.016,13694268,0,2.164,2.278,2.279,626174,,9197179,9197179,0,-0.096,-0.405,-0.074,-0.21,97265,5230732,1.0,9678495,9682668,13366737,0.95,21239832,0,-227568,0,2.196,-2940533
IHT,MRY,2017-12-31,2018-01-31,2018-01-31,2018-05-16,0,23078072,24474424,8066321,15011751,0.44,1.086,6824793,4776453,4776453,5249282,6807901,1.99,1.547,12660951,1754309,10906642,12660951,0,1902195,0,0.012,0.02,2395411,4297606,0.399,4297606,2395411,1738601,0.71,0.52,0.71,9670909,8517969,9670909,22136465,9,5.151,5273734,0.549,1.0,5518310,0.512,0,656810,26910109,27778643,0,1811129,1811129,0,14959103,4052461,10906642,16870170,4208057,606541,99956,3684707,-197512,1283843,4475273,-2956061,-1551059,0,1397601,1397601,1397601,-10840519,5410300,0.13,8633117,-3114807,2211176,0.028,1.744,12.071,2.437,15011751,0,1.73,1.567,1.544,344108,,10767592,10767592,0,0.057,0.164,0.086,0.222,86683,6145424,1.0,9750980,9612139,13085223,1.12,23078072,0,341000,0,2.591,4013860
