ticker,dimension,calendardate,datekey,reportperiod,lastupdated,accoci,assets,assetsavg,assetsc,assetsnc,assetturnover,bvps,capex,cashneq,cashnequsd,cor,consolinc,currentratio,de,debt,debtc,debtnc,debtusd,deferredrev,depamor,deposits,divyield,dps,ebit,ebitda,ebitdamargin,ebitdausd,ebitusd,ebt,eps,epsdil,epsusd,equity,equityavg,equityusd,ev,evebit,evebitda,fcf,fcfps,fxusd,gp,grossmargin,intangibles,intexp,invcap,invcapavg,inventory,investments,investmentsc,investmentsnc,liabilities,liabilitiesc,liabilitiesnc,marketcap,ncf,ncfbus,ncfcommon,ncfdebt,ncfdiv,ncff,ncfi,ncfinv,ncfo,ncfx,netinc,netinccmn,netinccmnusd,netincdis,netincnci,netmargin,opex,opinc,payables,payoutratio,pb,pe,pe1,ppnenet,prefdivis,price,ps,ps1,receivables,retearn,revenue,revenueusd,rnd,roa,roe,roic,ros,sbcomp,sgna,sharefactor,sharesbas,shareswa,shareswadil,sps,tangibles,taxassets,taxexp,taxliabilities,tbvps,workingcapital
IIIN,MRY,2011-12-31,2011-10-01,2011-10-01,2018-04-23,-2015000,216530000,207911250,122448000,94082000,1.62,8.437,-7419000,10000,10000,305166000,-387000,2.624,0.458,14156000,675000,13481000,14156000,0,9573000,0,0.012,0.12,1059000,10632000,0.032,10632000,1059000,101000,-0.02,-0.02,-0.02,148474000,144646000,148474000,188876064,178,17.765,-10326000,-0.588,1.0,31743000,0.094,0,958000,184017000,175904000,76374000,0,0,0,68056000,46659000,21397000,177385064,-45925000,-34905000,21000,656000,-2112000,-1629000,-41389000,0,-2907000,0,-387000,-387000,-387000,0,0,-0.001,31444000,299000,38607000,-6.0,1.195,-458.359,-503.5,89484000,0,10.07,0.527,0.525,41971000,84157000,336909000,336909000,0,-0.002,-0.003,0.006,0.003,2909000,19608000,1.0,17615200,17562000,17562000,19.184,216530000,0,488000,0,12.304,75789000
IIIN,MRY,2012-12-31,2012-09-29,2012-09-29,2018-04-23,-2441000,208552000,209462500,115068000,93484000,1.734,8.443,-7761000,10000,10000,340845000,1809000,3.196,0.395,11475000,0,11475000,11475000,0,9762000,0,0.01,0.12,3349000,13111000,0.036,13111000,3349000,2726000,0.1,0.1,0.1,149500000,148813750,149500000,226114776,67,17.246,5383000,0.305,1.0,22458000,0.062,0,623000,184014000,186097750,65774000,0,0,0,59052000,36003000,23049000,207509776,0,0,2000,-2256000,-2121000,-4953000,-8191000,0,13144000,0,1809000,1809000,1809000,0,0,0.005,19743000,2715000,30126000,1.2,1.388,114.71,117.3,87716000,0,11.73,0.571,0.57,42138000,83845000,363303000,363303000,0,0.009,0.012,0.018,0.009,2208000,18911000,1.0,17690518,17664000,17990000,20.567,208552000,0,917000,0,11.779,79065000
IIIN,MRY,2013-12-31,2013-09-28,2013-09-28,2018-04-23,-1562000,212649000,207622750,121206000,91443000,1.753,8.871,-6810000,15440000,15440000,324663000,11735000,3.24,0.32,0,0,0,0,0,9833000,0,0.023,0.37,18232000,28065000,0.077,28065000,18232000,17997000,0.65,0.64,0.65,161056000,154942500,161056000,278028960,15,9.907,30018000,1.672,1.0,39233000,0.108,1724000,235000,158070000,157563750,58793000,0,0,0,51593000,37415000,14178000,290112960,15430000,0,3425000,-11475000,-6599000,-15104000,-6294000,0,36828000,0,11735000,11735000,11735000,0,0,0.032,20682000,18551000,30561000,0.569,1.801,24.722,24.615,83053000,0,16.0,0.797,0.789,41110000,88981000,363896000,363896000,0,0.057,0.076,0.116,0.05,1501000,20682000,1.0,18132060,17948000,18353000,20.275,210925000,0,6262000,0,11.618,83791000
IIIN,MRY,2014-12-31,2014-09-27,2014-09-27,2018-04-23,-1790000,256795000,238670000,142593000,114202000,1.714,9.755,-8954000,3050000,3050000,360205000,16641000,2.257,0.436,0,0,0,0,0,10274000,0,0.006,0.12,25460000,35734000,0.087,35734000,25460000,25208000,0.91,0.89,0.91,178883000,170757750,178883000,352452250,13,9.863,20278000,1.111,1.0,48773000,0.119,16781000,252000,173778000,162881000,81899000,0,0,0,77912000,63186000,14726000,383901250,-12390000,-33943000,1129000,0,-2193000,-1247000,-40375000,0,29232000,0,16641000,16641000,16641000,0,0,0.041,25230000,23543000,52811000,0.132,2.146,23.07,23.044,90386000,0,20.97,0.939,0.936,51211000,103429000,408978000,408978000,0,0.07,0.097,0.156,0.062,2086000,23371000,1.0,18307165,18257000,18665000,22.401,240014000,0,8567000,0,13.088,79407000
IIIN,MRY,2015-12-31,2015-10-03,2015-10-03,2018-04-23,-2146000,260239000,252671500,151358000,108881000,1.771,10.851,-8481000,33258000,33258000,389171000,21710000,3.303,0.3,0,0,0,0,0,11934000,0,0.007,0.12,33284000,45218000,0.101,45218000,33284000,32964000,1.18,1.15,1.18,200215000,189967500,200215000,285438570,8,6.312,27293000,1.482,1.0,58333000,0.13,17185000,320000,163970000,184773250,66009000,0,0,0,60024000,45826000,14198000,296871570,30208000,4017000,200000,0,-2211000,-2527000,-3039000,0,35774000,0,21710000,21710000,21710000,0,0,0.049,26173000,32160000,32182000,0.102,1.483,13.674,13.644,84178000,0,16.1,0.663,0.663,46782000,122928000,447504000,447504000,0,0.086,0.114,0.18,0.074,2129000,25824000,1.0,18439228,18418000,18803000,24.297,243054000,0,11254000,0,13.173,105532000
IIIN,MRY,2016-12-31,2016-10-01,2016-10-01,2018-04-23,-1541000,292892000,272488250,180487000,112405000,1.536,11.853,-12917000,58873000,58873000,333359000,37245000,3.356,0.304,0,0,0,0,0,11544000,0,0.031,1.12,56448000,67992000,0.162,67992000,56448000,56290000,1.99,1.95,1.99,224566000,206534750,224566000,631239299,11,9.284,41619000,2.219,1.0,85188000,0.204,16028000,158000,164208000,155156750,71186000,0,0,0,68326000,53783000,14543000,685077299,25615000,180000,5065000,0,-20859000,-15949000,-12972000,0,54536000,0,37245000,37245000,37245000,0,0,0.089,28723000,56465000,42759000,0.563,3.051,18.394,18.211,88193000,0,36.24,1.637,1.624,47389000,139314000,418547000,418547000,0,0.137,0.18,0.364,0.135,722000,26069000,1.0,18903899,18754000,19055000,22.318,276864000,0,19045000,0,14.613,126704000
IIIN,MRY,2017-12-31,2017-09-30,2017-09-30,2018-04-23,-1333000,283073000,282337000,160191000,122882000,1.377,11.735,-20575000,32105000,32105000,329090000,22548000,3.785,0.267,0,0,0,0,0,11649000,0,0.052,1.37,34304000,45953000,0.118,45953000,34304000,34168000,1.19,1.17,1.19,223376000,215044500,223376000,458901590,13,9.986,-272000,-0.014,1.0,59781000,0.154,14878000,136000,193772000,174610250,81853000,0,0,0,59697000,42318000,17379000,496749590,-26768000,0,107000,0,-26011000,-26191000,-20880000,0,20303000,0,22548000,22548000,22548000,0,0,0.058,25672000,34109000,33651000,1.151,2.224,22.031,21.941,98670000,0,26.11,1.277,1.276,40284000,135851000,388871000,388871000,0,0.08,0.105,0.196,0.088,1708000,25508000,1.0,19025262,19011000,19217000,20.455,268195000,0,11620000,0,14.09,117873000
