ticker,dimension,calendardate,datekey,reportperiod,lastupdated,accoci,assets,assetsavg,assetsc,assetsnc,assetturnover,bvps,capex,cashneq,cashnequsd,cor,consolinc,currentratio,de,debt,debtc,debtnc,debtusd,deferredrev,depamor,deposits,divyield,dps,ebit,ebitda,ebitdamargin,ebitdausd,ebitusd,ebt,eps,epsdil,epsusd,equity,equityavg,equityusd,ev,evebit,evebitda,fcf,fcfps,fxusd,gp,grossmargin,intangibles,intexp,invcap,invcapavg,inventory,investments,investmentsc,investmentsnc,liabilities,liabilitiesc,liabilitiesnc,marketcap,ncf,ncfbus,ncfcommon,ncfdebt,ncfdiv,ncff,ncfi,ncfinv,ncfo,ncfx,netinc,netinccmn,netinccmnusd,netincdis,netincnci,netmargin,opex,opinc,payables,payoutratio,pb,pe,pe1,ppnenet,prefdivis,price,ps,ps1,receivables,retearn,revenue,revenueusd,rnd,roa,roe,roic,ros,sbcomp,sgna,sharefactor,sharesbas,shareswa,shareswadil,sps,tangibles,taxassets,taxexp,taxliabilities,tbvps,workingcapital
IIJI,MRY,2011-12-31,2011-03-31,2011-03-31,2017-07-03,-85134000,71472989000,61784731000,34537683000,36935306000,1.334,731.635,-3664677000,13313615000,160617060,65828243000,3000959000,1.011,1.411,19844520000,16217955000,3626565000,239406688,2938320000,5850882000,0,0.009,0.07,4427194000,10278076000,0.125,123995951,53410203,4159065000,79.04,79.04,0.954,29652287000,28485932000,357728775,329452682,6,2.657,8899539000,219.586,82.89,16589963000,0.201,11842836000,268129000,31995607000,31005799000,601088000,5312445000,0,5312445000,41831639000,34165451000,7666188000,304761528,4549200000,-9170000000,37126000,5990529000,-506535000,5521120000,-13493117000,-119402000,12564216000,-43019000,3203368000,3203368000,38645818,0,-202409000,0.039,12448921000,4141042000,13574152000,0.073,0.852,7.886,7.74,16480724000,0,7.38,0.307,0.301,16431374000,-14023259000,82418206000,994303201,353732000,0.052,0.112,0.143,0.054,0,12095189000,1.0,41295600,40528800,40528800,24.533,59630153000,994656000,955697000,964595000,1471.303,372232000
IIJI,MRY,2012-12-31,2012-03-31,2012-03-31,2017-07-03,-23533000,73493246000,72483117500,33690308000,39802938000,1.343,806.383,-5817298000,13536824000,163165857,77325901000,3574510000,1.144,1.248,19738533000,13007292000,6731241000,237918042,3042627000,7143631000,0,0.009,0.08,6465720000,13609351000,0.14,164040060,77934436,6166449000,89.82,89.78,1.083,32688205000,31170246000,394006673,448114181,5,2.732,5842040000,144.117,82.964,19988704000,0.205,11184802000,299271000,39049732000,35522669500,752075000,5280226000,0,5280226000,40796999000,29460421000,11336578000,365466060,223209000,0,0,-4855680000,-608052000,-5463732000,-5954255000,-159349000,11659338000,-18142000,3640963000,3640963000,43886280,0,-66453000,0.037,13635221000,6353483000,9752923000,0.074,0.928,8.328,8.174,19735546000,0,8.85,0.312,0.306,15722135000,-10990348000,97314605000,1172979790,388761000,0.05,0.117,0.182,0.066,0,13246460000,1.0,41295600,40536800,40556400,28.936,62308444000,964130000,2525486000,2862369000,1537.083,4229887000
IIJI,MRY,2013-12-31,2013-03-31,2013-03-31,2017-07-03,263770000,82111266000,77802256000,37440969000,44670297000,1.366,927.719,-5044837000,12258872000,130137318,84394933000,5317347000,1.156,1.183,20265836000,13915471000,6350365000,215137375,4368282000,7507808000,0,0.005,0.08,8195550000,15703358000,0.148,166703176,87002042,7908236000,130.76,130.65,1.388,37606775000,35147490000,399224728,775761803,8,4.654,4593931000,113.327,94.2,21853553000,0.206,10761382000,287314000,46972741000,43011236500,1301684000,6351025000,0,6351025000,44477088000,32384107000,12092981000,696656772,-1277952000,-229058000,0,-4288940000,-709394000,-4995764000,-5945901000,-506581000,9638768000,24945000,5300654000,5300654000,56270503,0,16693000,0.05,14100911000,7752642000,11922384000,0.058,1.745,12.38,12.153,23025755000,0,16.87,0.618,0.606,18764703000,-6399088000,106248486000,1127909079,410000000,0.068,0.151,0.191,0.077,0,13690911000,1.0,41295600,40536800,40572600,27.824,71349884000,1210601000,2607582000,2081981000,1760.126,5056862000
IIJI,MRY,2014-12-31,2014-03-31,2014-03-31,2017-07-03,1712786000,103866575000,92988920500,51700466000,52166109000,1.229,1352.216,-8667668000,22421100000,217925592,93205928000,4683632000,1.592,0.729,18736348000,14133026000,4603322000,182111035,4271950000,8822981000,0,0.007,0.08,6493913000,15316894000,0.134,148875086,63118662,6237542000,100.26,100.14,0.974,59912185000,48759480000,582326397,567966641,8,3.815,119211000,2.691,102.884,21066423000,0.184,10308895000,256371000,57406001000,52189371000,1670258000,9194280000,0,9194280000,43685949000,32466927000,11219022000,486462168,10162228000,0,17271204000,-4978724000,-910697000,11381892000,-10202760000,-809896000,8786879000,196217000,4442237000,4442237000,43177057,0,241395000,0.039,15343111000,5723312000,12542095000,0.082,0.835,11.267,12.088,26971485000,0,11.78,0.438,0.47,19214248000,-2867548000,114272351000,1110689028,421361000,0.048,0.091,0.124,0.057,0,14921750000,1.0,41295600,44306680,44361083,25.068,93557680000,2029778000,1795305000,2172343000,2111.593,19233539000
IIJI,MRY,2015-12-31,2015-03-31,2015-03-31,2017-07-03,1938649000,108705315000,106285945000,52086636000,56618679000,1.158,1360.498,-7384889000,21093633000,175911769,100977523000,3396753000,1.544,0.734,17112534000,12772113000,4340421000,142711126,5087455000,9677339000,0,0.009,0.07,5457206000,15134545000,0.123,126215554,45510735,5218946000,72.31,72.2,0.603,62504402000,61208293500,521259658,348066747,7,2.758,5527484000,120.314,119.91,22072592000,0.179,10110888000,238260000,60871993000,59138997000,1229463000,9983422000,0,9983422000,45861535000,33741335000,12120200000,384322894,-1327467000,-167678000,0,-4343654000,-1010695000,-6283499000,-8072744000,-584321000,12912373000,116403000,3322081000,3322081000,27704717,0,74672000,0.027,16997354000,5075238000,13625718000,0.116,0.737,13.872,13.648,29370054000,0,8.23,0.375,0.368,22251818000,-556162000,123050115000,1026184698,441329000,0.031,0.054,0.092,0.044,0,16556025000,1.0,46697800,45942291,46014737,22.336,98594427000,2018561000,1896865000,1596754000,2146.049,18345301000
IIJI,MRY,2016-12-31,2016-03-31,2016-03-31,2017-07-03,1196669000,117834904000,113270109500,53405941000,64428963000,1.242,1411.209,-8324084000,19569095000,174263044,115992823000,4190022000,1.481,0.809,20983753000,13204386000,7779367000,186860592,5621447000,9921555000,0,0.003,0.03,6462870000,16384425000,0.116,145903517,57551941,6221813000,87.88,87.71,0.783,64845207000,63674804500,577447409,455319850,7,3.121,3727504000,81.121,112.296,24655185000,0.175,9719068000,241057000,73464388000,67168190500,2003573000,11373241000,0,11373241000,52490929000,36066106000,16424823000,488025450,-1524538000,0,0,-4194215000,-1010844000,-5201357000,-8376828000,175977000,12051588000,2059000,4038282000,4038282000,35960953,0,151740000,0.029,18514831000,6140354000,15404470000,0.038,0.845,13.571,13.353,34324150000,0,10.45,0.39,0.383,23746683000,2471276000,140648008000,1252472336,455198000,0.036,0.063,0.096,0.046,0,18059633000,1.0,46701000,45950098,46043383,27.257,108115836000,1705967000,2183531000,1788467000,2352.897,17339835000
IIJI,MRY,2017-12-31,2017-03-31,2017-03-31,2017-07-03,2499700000,137395149000,127615026500,63721739000,73673410000,1.236,1461.939,-7577804000,21958591000,198192961,132542368000,3332071000,1.594,1.049,32953366000,14068723000,18884643000,297429156,7407154000,10893657000,0,0.0,0.0,5695075000,16588732000,0.105,149725905,51402377,5391390000,69.36,69.18,0.626,66741871000,65793539000,602396077,434642648,8,2.903,-210112000,-4.602,110.794,25246691000,0.16,9256626000,303685000,99150191000,86307289500,2798054000,13122771000,0,13122771000,70014949000,39983107000,30031842000,420869714,2389496000,0,-1504714000,-4819530000,-1125841000,2492099000,-7375821000,29802000,7367692000,-94474000,3166510000,3166510000,28580157,0,165561000,0.02,20112384000,5134307000,16961855000,0.0,0.699,14.726,14.392,39775444000,0,9.01,0.296,0.289,27383692000,4511945000,157789059000,1424166101,466319000,0.025,0.048,0.066,0.036,0,19646065000,1.0,46711400,45652981,45772470,31.195,128138523000,1379035000,2224880000,2039590000,2806.794,23738632000
