ticker,dimension,calendardate,datekey,reportperiod,lastupdated,accoci,assets,assetsavg,assetsc,assetsnc,assetturnover,bvps,capex,cashneq,cashnequsd,cor,consolinc,currentratio,de,debt,debtc,debtnc,debtusd,deferredrev,depamor,deposits,divyield,dps,ebit,ebitda,ebitdamargin,ebitdausd,ebitusd,ebt,eps,epsdil,epsusd,equity,equityavg,equityusd,ev,evebit,evebitda,fcf,fcfps,fxusd,gp,grossmargin,intangibles,intexp,invcap,invcapavg,inventory,investments,investmentsc,investmentsnc,liabilities,liabilitiesc,liabilitiesnc,marketcap,ncf,ncfbus,ncfcommon,ncfdebt,ncfdiv,ncff,ncfi,ncfinv,ncfo,ncfx,netinc,netinccmn,netinccmnusd,netincdis,netincnci,netmargin,opex,opinc,payables,payoutratio,pb,pe,pe1,ppnenet,prefdivis,price,ps,ps1,receivables,retearn,revenue,revenueusd,rnd,roa,roe,roic,ros,sbcomp,sgna,sharefactor,sharesbas,shareswa,shareswadil,sps,tangibles,taxassets,taxexp,taxliabilities,tbvps,workingcapital
INTG,MRY,2011-12-31,2011-06-30,2011-06-30,2018-04-28,0,154366000,149715750,,,0.333,2.715,-7005000,3512000,3512000,36648000,10443000,,22.741,120402000,,,120402000,0,6311000,0,0.0,0.0,18698000,25009000,0.502,25009000,18698000,12359000,3.63,3.49,3.63,6502000,6471500,6502000,176271972,9,7.048,-4040000,-1.675,1.0,13205000,0.265,0,6339000,271256000,266760000,0,36723000,,,147864000,,,59691972,224000,-210000,-697000,432000,0,-265000,-2476000,-45000,2965000,0,8751000,8751000,8751000,-2138000,1692000,0.176,8180000,5025000,20801000,0.0,9.181,6.821,6.865,109413000,0,24.92,1.197,1.205,0,12941000,49853000,49853000,0,0.058,1.352,0.07,0.375,350000,1877000,1.0,2395344,2411242,2506888,20.675,154366000,0,3608000,5987000,64.46,
INTG,MRY,2012-12-31,2012-06-30,2012-06-30,2018-04-28,0,139821000,143385750,,,0.398,1.501,-3111000,4077000,4077000,41350000,-671000,,37.991,117047000,,,117047000,0,4471000,0,0.0,0.0,2413000,6884000,0.121,6884000,2413000,-3808000,-0.97,-0.97,-0.97,3586000,3766250,3586000,173335424,71,25.179,2112000,0.884,1.0,15649000,0.275,0,6221000,252791000,258079750,0,24642000,,,136235000,,,58476424,736000,-616000,-1458000,-3355000,0,-5313000,826000,271000,5223000,0,-2327000,-2327000,-2327000,-901000,1656000,-0.041,6290000,9359000,13476000,0.0,16.307,-25.13,-25.712,105729000,0,24.94,1.026,1.046,0,10614000,56999000,56999000,0,-0.016,-0.618,0.009,0.042,329000,1844000,1.0,2344656,2389659,2389659,23.852,139821000,0,-1481000,4981000,58.511,
INTG,MRY,2013-12-31,2013-06-30,2013-06-30,2018-04-28,0,144686000,145393250,,,0.427,3.321,-5416000,3901000,3901000,47164000,625000,,17.992,118520000,,,118520000,0,4577000,0,0.0,0.0,5206000,9783000,0.158,9783000,5206000,-962000,0.27,0.26,0.27,7833000,4967500,7833000,165557155,31,16.923,-838000,-0.356,1.0,14875000,0.24,0,6168000,259305000,260628000,0,27904000,,,140934000,,,49523155,-647000,-231000,-4000,1473000,0,362000,-5587000,60000,4578000,0,-715000,-715000,-715000,0,1340000,-0.012,6526000,8349000,15232000,0.0,6.322,-69.263,77.741,106990000,0,20.99,0.798,0.797,0,9899000,62039000,62039000,0,-0.005,-0.144,0.02,0.084,412000,1949000,1.0,2359369,2354990,2407128,26.344,144686000,0,-247000,4617000,61.349,
INTG,MRY,2014-12-31,2014-06-30,2014-06-30,2018-04-28,0,165460000,160075000,,,0.42,-17.34,-4033000,24850000,24850000,49787000,-6748000,,-5.648,192642000,,,192642000,0,4723000,0,0.0,0.0,55000,4778000,0.071,4778000,55000,-8259000,-2.85,-2.85,-2.85,-41094000,-29844000,-41094000,230079605,4183,48.154,-749000,-0.316,1.0,17508000,0.26,0,8314000,333252000,322689750,0,27257000,,,232092000,,,45265605,3252000,-78000,30000,70212000,0,4556000,-4588000,-477000,3284000,0,-4692000,-4692000,-4692000,0,-2056000,-0.07,14850000,2658000,22169000,0.0,-1.102,-9.647,-6.702,105594000,0,19.1,0.673,0.672,0,-39401000,67295000,67295000,0,-0.029,0.157,0.0,0.001,564000,2168000,1.0,2369927,2368861,2368861,28.408,165460000,0,-3567000,943000,69.817,
INTG,MRY,2015-12-31,2015-06-30,2015-06-30,2018-04-28,0,143419000,150156000,,,0.484,-15.867,11905000,11397000,11397000,55253000,2057000,,-5.485,188138000,,,188138000,0,4943000,0,0.0,0.0,15842000,20785000,0.286,20785000,15842000,5689000,0.86,0.85,0.86,-37810000,-39719250,-37810000,217552160,13,10.467,11743000,4.925,1.0,17484000,0.24,0,10153000,320160000,324771750,0,20909000,,,207391000,,,46395160,3824000,-133000,-16000,-8734000,0,-7636000,11622000,-150000,-162000,0,2942000,2942000,2942000,0,-885000,0.04,7802000,9682000,19228000,0.0,-1.227,15.77,22.64,99608000,0,19.47,0.638,0.638,0,-36459000,72737000,72737000,0,0.02,-0.074,0.049,0.218,752000,2859000,1.0,2382905,2384521,2432741,30.504,143419000,0,2747000,0,60.186,
INTG,MRY,2016-12-31,2016-06-30,2016-06-30,2018-04-28,0,134737000,136942000,,,0.532,-19.033,-6745000,8625000,8625000,54036000,-9267000,,-4.588,187828000,,,187828000,0,5230000,0,0.0,0.0,-1178000,4052000,0.056,4052000,-1178000,-11076000,-3.89,-3.89,-3.89,-45331000,-42397250,-45331000,243287069,-206,60.041,2227000,0.934,1.0,18862000,0.259,0,9898000,313940000,316232000,0,15311000,,,207984000,,,60784069,-3125000,-233000,-204000,-4512000,0,-5119000,-6978000,0,8972000,0,-7136000,-7136000,-7136000,0,-2131000,-0.098,13264000,5598000,19993000,0.0,-1.341,-8.518,-6.555,101177000,0,25.5,0.834,0.834,0,-43645000,72898000,72898000,0,-0.052,0.168,-0.004,-0.016,479000,2722000,1.0,2383689,2384098,2384098,30.577,134737000,3985000,-3940000,0,56.572,
INTG,MRY,2017-12-31,2017-06-30,2017-06-30,2018-04-28,0,133209000,134461250,,,0.513,-19.834,-1203000,10273000,10273000,47883000,-1676000,,-4.386,186025000,,,186025000,0,5389000,0,0.0,0.0,8472000,13861000,0.201,13861000,8472000,-1132000,-0.71,-0.71,-0.71,-47545000,-46045750,-47545000,236723534,27,17.078,5091000,2.147,1.0,21122000,0.306,0,9604000,308961000,312404000,0,18388000,,,208527000,,,59981534,-2533000,-119000,-544000,-2420000,0,-7145000,-1682000,-360000,6294000,0,-1653000,-1653000,-1653000,0,-23000,-0.024,8126000,12996000,18792000,0.0,-1.262,-36.286,-35.777,97076000,0,25.402,0.869,0.873,0,-45298000,69005000,69005000,0,-0.012,0.036,0.027,0.123,268000,2821000,1.0,2361329,2371765,2371765,29.094,133209000,4107000,521000,0,55.569,
