ticker,dimension,calendardate,datekey,reportperiod,lastupdated,accoci,assets,assetsavg,assetsc,assetsnc,assetturnover,bvps,capex,cashneq,cashnequsd,cor,consolinc,currentratio,de,debt,debtc,debtnc,debtusd,deferredrev,depamor,deposits,divyield,dps,ebit,ebitda,ebitdamargin,ebitdausd,ebitusd,ebt,eps,epsdil,epsusd,equity,equityavg,equityusd,ev,evebit,evebitda,fcf,fcfps,fxusd,gp,grossmargin,intangibles,intexp,invcap,invcapavg,inventory,investments,investmentsc,investmentsnc,liabilities,liabilitiesc,liabilitiesnc,marketcap,ncf,ncfbus,ncfcommon,ncfdebt,ncfdiv,ncff,ncfi,ncfinv,ncfo,ncfx,netinc,netinccmn,netinccmnusd,netincdis,netincnci,netmargin,opex,opinc,payables,payoutratio,pb,pe,pe1,ppnenet,prefdivis,price,ps,ps1,receivables,retearn,revenue,revenueusd,rnd,roa,roe,roic,ros,sbcomp,sgna,sharefactor,sharesbas,shareswa,shareswadil,sps,tangibles,taxassets,taxexp,taxliabilities,tbvps,workingcapital
INVN,MRY,2011-12-31,2011-04-03,2011-04-03,2017-05-26,1000,70746000,62598000,65297000,5449000,1.542,3.352,-2176000,28795000,28795000,43647000,9347000,5.93,0.196,34000,18000,16000,34000,0,1778000,0,,0.0,17484000,19262000,0.2,19262000,17484000,17484000,0.09,0.08,0.09,59141000,47070500,59141000,,,,5776000,0.328,1.0,52900000,0.548,0,0,30973000,26107000,15208000,9280000,9280000,0,11605000,11012000,593000,,6401000,0,717000,-317000,0,-4988000,3437000,5613000,7952000,0,9347000,1631000,1631000,0,0,0.017,31422000,21478000,6687000,0.0,,,,3492000,7716000,,,,9765000,3137000,96547000,96547000,15826000,0.026,0.035,0.67,0.181,2190000,15596000,1.0,,17592000,22202000,5.488,70746000,0,8137000,0,4.01,54285000
INVN,MRY,2012-12-31,2012-04-01,2012-04-01,2017-05-26,1000,193318000,132032000,186131000,7187000,1.159,4.25,-2314000,153643000,153643000,67571000,36947000,14.101,0.093,0,0,0,0,0,1992000,0,0.0,0.0,47152000,49144000,0.321,49144000,47152000,47152000,0.39,0.37,0.39,176877000,118009000,176877000,1320342725,28,26.867,42108000,1.012,1.0,85396000,0.558,0,0,26475000,28724000,12240000,4129000,4129000,0,16441000,13200000,3241000,1450413725,124848000,0,79759000,-25000,0,77589000,2837000,5151000,44422000,0,36947000,16329000,16329000,0,0,0.107,38382000,47014000,5446000,0.0,8.2,88.824,46.41,4011000,20618000,18.1,9.482,4.924,11931000,40084000,152967000,152967000,19672000,0.124,0.138,1.642,0.308,3688000,18710000,1.0,80133355,41614000,47011000,3.676,193318000,0,10205000,0,4.646,172931000
INVN,MRY,2013-12-31,2013-03-31,2013-03-31,2017-05-26,50000,279094000,243096500,245045000,34049000,0.858,2.972,-5071000,100843000,100843000,97937000,51705000,11.03,0.117,0,0,0,0,0,1998000,0,0.0,0.0,57006000,59004000,0.283,59004000,57006000,57006000,0.62,0.59,0.62,249947000,219020750,249947000,805083799,14,13.645,30199000,0.365,1.0,110697000,0.531,0,0,156034000,131912750,23762000,99482000,77040000,22442000,29147000,22217000,6930000,899122799,-52800000,0,5227000,-28000,0,12276000,-100346000,-95275000,35270000,0,51705000,51705000,51705000,0,0,0.248,54039000,56658000,14464000,0.0,3.597,17.389,17.226,8650000,0,10.68,4.31,4.235,30098000,91789000,208634000,208634000,24648000,0.213,0.236,0.432,0.273,1442000,29391000,1.0,84187528,82738000,87359000,2.522,279094000,0,5301000,0,3.318,222828000
INVN,MRY,2014-12-31,2014-03-30,2014-03-30,2017-05-26,-38000,494735000,405261750,248960000,245775000,0.623,3.581,-17207000,26025000,26025000,127724000,6119000,7.333,0.576,135583000,0,135583000,135583000,0,6565000,0,0.0,0.0,10201000,16766000,0.066,16766000,10201000,6189000,0.07,0.07,0.07,313828000,295851000,313828000,2085993744,204,124.418,-28505000,-0.329,1.0,124809000,0.494,86312000,4012000,484032000,322470750,73032000,220062000,91307000,128755000,180907000,33949000,146958000,1993310744,-74818000,-99324000,38758000,169248000,0,173727000,-237247000,-120716000,-11298000,0,6119000,6119000,6119000,0,0,0.024,114775000,10034000,18964000,0.0,6.352,325.758,324.286,25239000,0,22.7,7.893,7.777,39009000,97908000,252533000,252533000,48431000,0.015,0.021,0.032,0.04,11185000,51344000,1.0,87811046,86520000,89928000,2.919,408423000,0,70000,0,4.66,215011000
INVN,MRY,2015-12-31,2015-03-29,2015-03-29,2017-05-26,-4000,585684000,554853000,350133000,235551000,0.67,3.979,-27315000,85637000,85637000,216160000,-1080000,6.352,0.629,142810000,0,142810000,142810000,0,17206000,0,0.0,0.0,7218000,24424000,0.066,24424000,7218000,-3335000,-0.01,-0.01,-0.01,359501000,338769500,359501000,1454162340,201,59.538,39527000,0.442,1.0,155859000,0.419,184683000,10553000,403053000,426940250,75105000,129919000,129919000,0,226183000,55121000,171062000,1378115340,59612000,-71326000,10425000,-9000,0,3402000,-10632000,90129000,66842000,0,-1080000,-1080000,-1080000,0,0,-0.003,150009000,5850000,23130000,0.0,3.833,-1276.033,-1526.0,41849000,0,15.26,3.704,3.665,44522000,96828000,372019000,372019000,90623000,-0.002,-0.003,0.017,0.019,30462000,59386000,1.0,90309000,89359000,89359000,4.163,401001000,0,-2255000,0,4.438,295012000
INVN,MRY,2016-12-31,2016-04-03,2016-04-03,2017-05-26,-26000,622461000,624751250,397854000,224607000,0.67,4.093,-7771000,41105000,41105000,244257000,-21210000,6.079,0.643,151038000,0,151038000,151038000,0,21857000,0,0.0,0.0,3289000,25146000,0.06,25146000,3289000,-8069000,-0.23,-0.23,-0.23,378745000,378523750,378745000,885813850,269,35.227,75267000,0.82,1.0,174138000,0.416,182344000,11358000,484602000,463548250,62297000,243755000,243755000,0,243716000,65448000,178268000,780889850,-44532000,-6700000,5586000,0,0,2297000,-129867000,-115396000,83038000,0,-21210000,-21210000,-21210000,0,0,-0.051,171241000,2897000,35200000,0.0,2.062,-36.817,-36.739,36271000,0,8.45,1.866,1.854,41447000,75618000,418395000,418395000,97368000,-0.034,-0.056,0.007,0.008,34879000,62165000,1.0,92413000,91787000,91787000,4.558,440117000,0,13141000,0,4.756,332406000
