ticker,dimension,calendardate,datekey,reportperiod,lastupdated,accoci,assets,assetsavg,assetsc,assetsnc,assetturnover,bvps,capex,cashneq,cashnequsd,cor,consolinc,currentratio,de,debt,debtc,debtnc,debtusd,deferredrev,depamor,deposits,divyield,dps,ebit,ebitda,ebitdamargin,ebitdausd,ebitusd,ebt,eps,epsdil,epsusd,equity,equityavg,equityusd,ev,evebit,evebitda,fcf,fcfps,fxusd,gp,grossmargin,intangibles,intexp,invcap,invcapavg,inventory,investments,investmentsc,investmentsnc,liabilities,liabilitiesc,liabilitiesnc,marketcap,ncf,ncfbus,ncfcommon,ncfdebt,ncfdiv,ncff,ncfi,ncfinv,ncfo,ncfx,netinc,netinccmn,netinccmnusd,netincdis,netincnci,netmargin,opex,opinc,payables,payoutratio,pb,pe,pe1,ppnenet,prefdivis,price,ps,ps1,receivables,retearn,revenue,revenueusd,rnd,roa,roe,roic,ros,sbcomp,sgna,sharefactor,sharesbas,shareswa,shareswadil,sps,tangibles,taxassets,taxexp,taxliabilities,tbvps,workingcapital
IPCI,MRY,2011-12-31,2011-11-30,2011-11-30,2018-03-02,-115035,6247228,4757467,5295314,951914,0.105,-0.206,-262142,4817088,4817088,0,-4880277,2.096,-3.02,138589,43383,95206,138589,107091,227456,0,0.0,0.0,-2439072,-2211616,-4.407,-2211616,-2439072,-4880277,-0.33,-0.33,-0.33,-3093030,-1500037,-3093030,33472243,-13,-15.135,-7243590,-0.483,1.0,501814,1.0,0,2441205,-958217,-812550,0,0,0,0,9340258,2526946,6813312,34248149,4027952,0,12093165,-22452,0,11269162,-262142,0,-6981448,2380,-4880277,-4880277,-4880277,0,0,-9.725,8278518,-7776704,1311336,0.0,-11.073,-7.018,-9.515,951914,0,3.14,68.249,93.823,3383,-23947819,501814,501814,5125608,-1.026,3.253,3.002,-4.861,702460,2925454,1.0,10907054,14994118,14994118,0.033,6247228,349861,0,0,0.417,2768368
IPCI,MRY,2012-12-31,2012-11-30,2012-11-30,2018-03-02,-240010,2474878,4361053,939175,1535703,0.025,-0.102,-1036092,497016,497016,0,-6136865,0.42,-2.4,97766,51524,46242,97766,0,452303,0,0.0,0.0,-6073459,-5621156,-52.49,-5621156,-6073459,-6136865,-0.36,-0.36,-0.36,-1767877,-2430453,-1767877,33821526,-5,-6.017,-8690453,-0.504,1.0,107091,1.0,0,63406,-159992,-559104,0,0,0,0,4242755,2235620,2007135,38500025,-4320072,0,5187500,-44364,0,4363865,-1036092,0,-7654361,6516,-6136865,-6136865,-6136865,0,0,-57.305,10224156,-10117065,1296077,0.0,-21.778,-6.274,-6.723,1535703,0,2.42,359.508,390.021,2778,-30084684,107091,107091,5992417,-1.407,2.525,10.863,-56.713,2323845,3672313,1.0,15908444,17258686,17258686,0.006,2474878,301932,0,0,0.143,-1296445
IPCI,MRY,2013-12-31,2013-11-30,2013-11-30,2018-03-02,284421,4379501,3427189,2728415,1651086,0.446,-0.303,-122017,760586,760586,0,-11495017,0.557,-1.735,2148670,2148670,0,2148670,0,396814,0,0.0,0.0,-11065065,-10668251,-6.984,-10668251,-11065065,-11495017,-0.58,-0.58,-0.58,-5955073,-3861475,-5955073,70154081,-6,-6.576,-7048813,-0.358,1.0,1527474,1.0,0,429952,871033,355520,0,0,0,0,10334574,4896552,5438022,70553331,263570,0,6714508,1450011,0,7328420,-122017,0,-6926796,-16037,-11495017,-11495017,-11495017,0,0,-7.526,8346141,-6818667,1569945,0.0,-11.848,-6.138,-6.793,1231309,0,3.94,46.19,50.74,1475745,-41579701,1527474,1527474,5076236,-3.354,2.977,-31.124,-7.244,1153882,2873091,1.0,17906937,19671093,19671093,0.078,4379501,179551,0,0,0.223,-2168137
IPCI,MRY,2014-12-31,2014-11-30,2014-11-30,2018-03-02,284421,7875035,6127268,5984757,1890278,1.431,0.213,-768973,4233975,4233975,0,-3856353,2.047,0.604,1440911,1398751,42160,1440911,0,381385,0,0.0,0.0,-3516902,-3135517,-0.358,-3135517,-3516902,-3856353,-0.17,-0.17,-0.17,4909364,-522854,4909364,63536855,-18,-20.264,-2483886,-0.108,1.0,8769693,1.0,0,339451,2158460,1514746,0,0,0,0,2965671,2923511,42160,62148771,3473389,0,7469877,-792765,0,5957275,-768973,0,-1714913,0,-3856353,-3856353,-3856353,0,0,-0.44,12302389,-3532696,668069,0.0,12.659,-16.116,-17.059,1618897,0,2.9,7.087,7.622,1011133,-45436054,8769693,8769693,8020201,-0.629,7.376,-2.322,-0.401,1748607,3900803,1.0,21430611,23050618,23050618,0.38,7875035,324986,0,0,0.342,3061246
IPCI,MRY,2015-12-31,2015-11-30,2015-11-30,2018-03-02,284421,5224299,6549667,2921116,2303183,0.625,-0.006,-430480,1755196,1755196,0,-7436388,0.562,-38.944,1554549,1538889,15660,1554549,150000,377849,0,0.0,0.0,-7179759,-6801910,-1.662,-6801910,-7179759,-7436388,-0.31,-0.31,-0.31,-137686,2385839,-137686,46465819,-6,-6.831,-4212644,-0.177,1.0,4093781,1.0,0,256629,-172673,992893,0,0,0,0,5361985,5196325,165660,49258883,-2478779,0,2020630,-27489,0,1733865,-430480,0,-3782164,0,-7436388,-7436388,-7436388,0,0,-1.817,11207235,-7113454,3027974,0.0,-357.762,-6.624,-6.774,1759438,0,2.1,12.033,12.192,478674,-52872442,4093781,4093781,7247473,-1.135,-3.117,-7.231,-1.754,417818,3581913,1.0,23456611,23767677,23767677,0.172,5224299,458021,0,0,0.22,-2275209
IPCI,MRY,2016-12-31,2016-11-30,2016-11-30,2018-03-02,284421,7974689,6599494,5698676,2276013,0.34,0.042,-515410,4144424,4144424,0,-10143577,1.358,6.144,1509593,1509593,0,1509593,3112500,385210,0,0.0,0.0,-9873339,-9488129,-4.223,-9488129,-9873339,-10143577,-0.38,-0.38,-0.38,1116264,489289,1116264,67440252,-6,-7.108,-6770395,-0.254,1.0,2247002,1.0,0,270238,1143933,485630,0,0,0,0,6858425,4195925,2662500,67640899,2389228,0,10162937,-21291,0,9159623,-515410,0,-6254985,0,-10143577,-10143577,-10143577,0,0,-4.514,12098078,-9851076,807295,0.0,60.596,-6.668,-7.342,1889638,0,2.79,30.103,33.152,472474,-63016019,2247002,2247002,8166736,-1.537,-20.731,-20.331,-4.394,2261444,3546132,1.0,24244050,26699579,26699579,0.084,7974689,681136,0,0,0.299,1502751
IPCI,MRY,2017-12-31,2017-11-30,2017-11-30,2018-03-02,284421,7396781,7685735,3563928,3832853,0.716,0.012,-1823746,1897061,1897061,704006,-8857440,0.767,18.144,1290465,1290465,0,1290465,2662500,520838,0,0.0,0.0,-8468201,-7947363,-1.444,-7947363,-8468201,-8857440,-0.29,-0.29,-0.29,386383,751323,386383,22686662,-2,-2.855,-7929531,-0.256,1.0,4800446,0.872,0,389239,2142287,1643110,115667,0,0,0,7010398,4647898,2362500,25321493,-2247363,0,6867640,-164829,0,5682168,-1823746,0,-6105785,0,-8857440,-8857440,-8857440,0,0,-1.609,13066228,-8265782,2060084,0.0,65.535,-2.859,-2.931,3267551,0,0.85,4.6,4.789,689619,-71873459,5504452,5504452,9271353,-1.152,-11.789,-5.154,-1.538,1749999,3287914,1.0,29789992,31014482,31014482,0.177,7396781,636489,0,0,0.238,-1083970
