ticker,dimension,calendardate,datekey,reportperiod,lastupdated,accoci,assets,assetsavg,assetsc,assetsnc,assetturnover,bvps,capex,cashneq,cashnequsd,cor,consolinc,currentratio,de,debt,debtc,debtnc,debtusd,deferredrev,depamor,deposits,divyield,dps,ebit,ebitda,ebitdamargin,ebitdausd,ebitusd,ebt,eps,epsdil,epsusd,equity,equityavg,equityusd,ev,evebit,evebitda,fcf,fcfps,fxusd,gp,grossmargin,intangibles,intexp,invcap,invcapavg,inventory,investments,investmentsc,investmentsnc,liabilities,liabilitiesc,liabilitiesnc,marketcap,ncf,ncfbus,ncfcommon,ncfdebt,ncfdiv,ncff,ncfi,ncfinv,ncfo,ncfx,netinc,netinccmn,netinccmnusd,netincdis,netincnci,netmargin,opex,opinc,payables,payoutratio,pb,pe,pe1,ppnenet,prefdivis,price,ps,ps1,receivables,retearn,revenue,revenueusd,rnd,roa,roe,roic,ros,sbcomp,sgna,sharefactor,sharesbas,shareswa,shareswadil,sps,tangibles,taxassets,taxexp,taxliabilities,tbvps,workingcapital
IRET,MRY,2011-12-31,2011-04-30,2011-04-30,2018-03-12,0,1615363000,1626166000,,,0.144,5.143,-36283000,41191000,41191000,98625000,24351000,,2.599,1023803000,,,1023803000,0,61344000,0,0.073,0.686,82817000,144161000,0.616,144161000,82817000,20082000,0.22,0.22,0.22,411690000,416555750,411690000,1731349797,20,12.01,22491000,0.281,1.0,135551000,0.579,50959000,62735000,2547016000,2566156750,0,625000,,,1070086000,,,753327797,-13600000,81539000,19588000,-43061000,-43234000,-84058000,11684000,-129000,58774000,0,20082000,17710000,17710000,-19978000,4269000,0.076,68984000,66567000,37879000,3.118,1.83,42.537,42.773,1459949000,2372000,9.41,3.217,3.217,24579000,-237563000,234176000,234176000,0,0.011,0.043,0.032,0.354,0,6617000,1.0,80056089,80056089,,2.925,1564404000,0,0,0,19.541,
IRET,MRY,2012-12-31,2012-04-30,2012-04-30,2018-03-12,0,1714367000,1667162250,,,0.137,5.025,-80110000,39989000,39989000,90007000,9706000,,2.654,1087689000,,,1087689000,0,61954000,0,0.078,0.561,70013000,131967000,0.577,131967000,70013000,8212000,0.07,0.07,0.07,432989000,415481500,432989000,1674359035,23,12.688,-14973000,-0.174,1.0,138664000,0.606,45708000,61801000,2716359000,2656395000,0,634000,,,1149104000,,,622144035,-1202000,3142000,47924000,62371000,-36477000,61926000,-128265000,589000,65137000,0,8212000,5840000,5840000,-1062000,1494000,0.026,68998000,69666000,47403000,8.014,1.437,106.532,103.143,1560629000,2372000,7.22,2.721,2.721,30325000,-278377000,228671000,228671000,0,0.004,0.014,0.026,0.306,0,6694000,1.0,86169534,86169534,,2.654,1668659000,0,0,0,19.365,
IRET,MRY,2013-12-31,2013-04-30,2013-04-30,2018-03-12,0,1889554000,1823006000,,,0.136,6.476,-83929000,94133000,94133000,95325000,29972000,,1.841,1059206000,,,1059206000,0,67559000,0,0.053,0.52,86684000,154243000,0.622,154243000,86684000,25530000,0.17,0.17,0.17,612787000,540734750,612787000,1909973142,22,12.383,-6211000,-0.066,1.0,152733000,0.616,41563000,61154000,2813064000,2783381250,0,639000,,,1128173000,,,920652142,54144000,20009000,86140000,-30895000,-36463000,110568000,-134142000,95000,77718000,0,25530000,16301000,16301000,-9295000,4442000,0.066,71650000,81083000,50797000,3.059,1.502,56.478,57.235,1682055000,9229000,9.73,3.711,3.711,30888000,-310341000,248058000,248058000,0,0.009,0.03,0.031,0.349,0,8494000,1.0,94619953,94619953,,2.622,1847991000,0,0,0,19.531,
IRET,MRY,2014-12-31,2014-04-30,2014-04-30,2018-03-12,0,1869221000,1891667000,,,0.087,5.521,-149718000,47267000,47267000,69256000,-16940000,,1.929,1083367000,,,1083367000,0,73723000,0,0.06,0.52,20555000,94278000,0.573,94278000,20555000,-13174000,-0.23,-0.23,-0.23,592184000,616412500,592184000,1912867048,93,20.29,-57204000,-0.533,1.0,95334000,0.579,33739000,33729000,2871582000,2836573500,0,329000,,,1142472000,,,935337048,-46866000,78879000,41194000,6622000,-40764000,-17546000,-121834000,996000,92514000,0,-13174000,-24688000,-24688000,22838000,-3766000,-0.15,50104000,45230000,59105000,-2.261,1.579,-37.886,-37.913,1703848000,11514000,8.72,5.683,5.683,37302000,-389758000,164590000,164590000,0,-0.013,-0.04,0.007,0.125,0,10743000,1.0,107263423,107263423,,1.534,1835482000,0,0,0,17.112,
IRET,MRY,2015-12-31,2015-04-30,2015-04-30,2018-03-12,0,1997837000,1973104000,,,0.091,5.319,-210418000,48970000,48970000,73137000,28684000,,1.918,793676000,,,793676000,0,72078000,0,0.073,0.52,58534000,130612000,0.728,130612000,58534000,24087000,0.11,0.11,0.11,652110000,637171250,652110000,1883573071,32,14.421,-96239000,-0.785,1.0,106184000,0.592,3106000,34447000,2739437000,2884033500,0,329000,,,1250515000,,,879042071,1703000,0,48701000,82085000,-45728000,63931000,-176407000,73835000,114179000,0,24087000,12573000,12573000,-11354000,4597000,0.07,56617000,49567000,55540000,4.727,1.348,69.915,65.182,1237118000,11514000,7.17,4.902,4.902,8894000,-438432000,179321000,179321000,0,0.006,0.02,0.02,0.326,2215000,11824000,1.0,122600010,122600010,,1.463,1994731000,0,0,0,16.27,
IRET,MRY,2016-12-31,2016-04-30,2016-04-30,2018-03-12,0,1755022000,1814364250,,,0.104,5.111,-151777000,66698000,66698000,79100000,76602000,,1.663,912023000,,,912023000,0,65455000,0,0.086,0.52,107774000,173229000,0.92,173229000,107774000,72006000,0.49,0.49,0.49,618758000,627792750,618758000,1601038566,14,9.242,-85284000,-0.705,1.0,109220000,0.58,3538000,35768000,2596809000,2646540500,0,50000,,,1029238000,,,728746566,17728000,365845000,-33507000,-64923000,-60063000,-183017000,134252000,40585000,66493000,0,72006000,60492000,60492000,-59497000,4596000,0.321,64160000,45060000,39727000,1.061,1.178,12.047,12.286,1442213000,11514000,6.02,3.87,3.87,8703000,-442000000,188320000,188320000,0,0.033,0.096,0.041,0.572,2256000,11267000,1.0,121054247,121054247,,1.556,1751484000,0,0,0,14.469,
IRET,MRY,2017-12-31,2017-04-30,2017-04-30,2018-03-12,0,1474514000,1613616250,,,0.128,4.601,-60467000,56800000,56800000,88355000,30525000,,1.482,664769000,,,664769000,0,56612000,0,0.068,0.4,84474000,141086000,0.686,141086000,84474000,43347000,0.26,0.26,0.26,560937000,564299750,560937000,1548484108,18,10.975,13463000,0.11,1.0,117383000,0.571,0,41127000,2082483000,2394343500,0,0,,,831239000,,,720535108,-37879000,237135000,-4501000,-201175000,-55907000,-314072000,202263000,47404000,73930000,0,43347000,31366000,31366000,-68675000,-12822000,0.152,74156000,43227000,35566000,1.538,1.285,22.972,22.731,1121385000,11981000,5.91,3.502,3.502,0,-466541000,205738000,205738000,0,0.019,0.056,0.035,0.411,6000,12075000,1.0,121917954,121917954,,1.688,1474514000,0,0,0,12.094,
