ticker,dimension,calendardate,datekey,reportperiod,lastupdated,accoci,assets,assetsavg,assetsc,assetsnc,assetturnover,bvps,capex,cashneq,cashnequsd,cor,consolinc,currentratio,de,debt,debtc,debtnc,debtusd,deferredrev,depamor,deposits,divyield,dps,ebit,ebitda,ebitdamargin,ebitdausd,ebitusd,ebt,eps,epsdil,epsusd,equity,equityavg,equityusd,ev,evebit,evebitda,fcf,fcfps,fxusd,gp,grossmargin,intangibles,intexp,invcap,invcapavg,inventory,investments,investmentsc,investmentsnc,liabilities,liabilitiesc,liabilitiesnc,marketcap,ncf,ncfbus,ncfcommon,ncfdebt,ncfdiv,ncff,ncfi,ncfinv,ncfo,ncfx,netinc,netinccmn,netinccmnusd,netincdis,netincnci,netmargin,opex,opinc,payables,payoutratio,pb,pe,pe1,ppnenet,prefdivis,price,ps,ps1,receivables,retearn,revenue,revenueusd,rnd,roa,roe,roic,ros,sbcomp,sgna,sharefactor,sharesbas,shareswa,shareswadil,sps,tangibles,taxassets,taxexp,taxliabilities,tbvps,workingcapital
IRS,MRY,2011-12-31,2011-06-30,2011-06-30,2017-10-31,0,6631912000,6132676500,819565000,5812347000,0.235,5.327,-87955000,301559000,73434876,600755000,294785000,0.696,1.151,2392859000,667587000,1725272000,582702907,0,171553000,0,0.069,0.95,385988000,557541000,0.387,135770959,93994811,385988000,5.09,5.09,1.24,3082613000,2742829500,750670038,1191100176,12,8.773,483877000,0.836,4.106,841175000,0.583,31900000,0,7514553000,6660760000,6820000,1870967000,65076000,1805891000,3549299000,1176759000,2372540000,796258808,160920000,-430113000,0,735129000,-247934000,335130000,-746042000,-227974000,571832000,0,294785000,294785000,71785289,0,0,0.204,260481000,580694000,563541000,0.766,1.061,11.092,11.101,3757317000,0,13.76,2.268,22.677,506617000,1047787000,1441930000,351135107,0,0.048,0.107,0.058,0.268,0,307063000,0.1,578676460,578676460,,0.607,6600012000,96290000,91203000,542823000,11.405,-357194000
IRS,MRY,2012-12-31,2012-06-30,2012-06-30,2017-10-31,14502000,6889621000,6760766500,839328000,6050293000,0.265,5.253,17505000,259169000,57378134,858658000,224676000,0.696,1.266,2606293000,557896000,2048397000,577014341,0,0,0,0.123,0.87,848839000,848839000,0.474,187926789,187926789,320829000,3.5,3.5,0.775,3039769000,3061191000,672982780,938576154,4,4.994,709387000,1.226,4.517,931658000,0.52,29389000,528010000,8001612000,7758082500,15659000,2180384000,78909000,2101475000,3849852000,1205744000,2644108000,410281610,-47751000,-85849000,0,-7977000,-262724000,-492857000,-246776000,-169102000,691882000,5361000,203891000,203891000,45139986,0,20785000,0.114,291566000,640092000,667582000,1.123,0.61,9.089,9.15,3680082000,0,7.09,1.035,10.351,568986000,930636000,1790316000,396362960,0,0.03,0.067,0.109,0.474,0,259120000,0.1,578676460,578676460,,0.685,6860232000,137518000,116938000,516101000,11.855,-366416000
IRS,MRY,2013-12-31,2013-06-30,2013-06-30,2017-10-31,50776000,8326529000,7608075000,1839320000,6487209000,0.287,5.41,-96983000,796902000,148032742,1087611000,297208000,1.146,1.66,3695171000,772529000,2922642000,686416019,0,0,0,0.139,1.03,1143996000,1143996000,0.523,212509023,212509023,371584000,4.1,4.1,0.762,3130689000,3085229000,581557681,930237065,4,4.377,766390000,1.324,5.383,1099569000,0.503,172878000,772412000,9446673000,8724142500,16321000,1935444000,244053000,1691391000,5195840000,1605247000,3590593000,429956609,511213000,-252101000,0,294168000,-239652000,-306268000,-45892000,300573000,863373000,26520000,238737000,238737000,44347853,0,58471000,0.109,207698000,891871000,888128000,1.352,0.739,9.695,9.756,4302092000,0,7.43,1.058,10.582,854459000,1127018000,2187180000,406291180,0,0.031,0.077,0.131,0.523,0,300966000,0.1,578676460,578676460,,0.702,8153651000,215322000,132847000,486852000,14.09,234073000
IRS,MRY,2014-12-31,2014-06-30,2014-06-30,2017-10-31,0,22626000000,15476264500,3251000000,19375000000,0.184,19.386,102000000,610000000,74998315,1354000000,-831000000,1.275,1.017,4493000000,737000000,3756000000,552405626,0,0,0,0.045,0.73,899000000,899000000,0.316,110530304,110530304,-850000000,-13.6,-13.6,-1.672,11218000000,7174344500,1379231318,1439131359,13,13.02,1400000000,2.419,8.134,1491000000,0.524,124000000,1749000000,23835000000,16640836500,17000000,3096000000,234000000,2862000000,11408000000,2550000000,8858000000,948450717,-492000000,-1131000000,-38000000,-187000000,-113000000,-597000000,-917000000,132000000,1298000000,305000000,-786000000,-786000000,-96637173,0,45000000,-0.276,489000000,1002000000,881000000,-0.437,0.688,-9.815,-9.802,16151000000,0,16.39,2.712,27.115,799000000,7677000000,2845000000,349787226,0,-0.051,-0.11,0.054,0.316,0,443000000,0.1,578676460,578676460,,0.604,22502000000,167000000,-64000000,4611000000,38.885,701000000
IRS,MRY,2015-12-31,2015-06-30,2015-06-30,2017-10-31,0,25778000000,24202000000,1896000000,23882000000,0.141,22.43,1987000000,375000000,41251801,1369000000,2130000000,0.707,0.986,4973000000,1237000000,3736000000,547053895,0,0,0,0.007,0.12,2688000000,2688000000,0.79,295692915,295692915,1581000000,33.1,32.8,3.641,12980000000,12099000000,1427862369,1495424017,5,5.057,2821000000,4.875,9.091,2034000000,0.598,127000000,1107000000,27568000000,25701500000,23000000,3968000000,295000000,3673000000,12798000000,2681000000,10117000000,1038724245,-295000000,-1239000000,0,-447000000,-69000000,-1390000000,261000000,-582000000,834000000,60000000,0,0,0,0,232000000,0.0,535000000,1499000000,1151000000,0.033,0.727,,4.93,19598000000,0,17.95,2.775,27.748,1258000000,9990000000,3403000000,374346351,0,0.0,0.0,0.105,0.79,0,568000000,0.1,578676460,578676460,,0.647,25651000000,185000000,1581000000,5965000000,44.327,-785000000
IRS,MRY,2016-12-31,2016-06-30,2016-06-30,2017-10-31,0,192141000000,108959500000,42763000000,149378000000,0.289,61.962,-647000000,13866000000,927896934,21099000000,10078000000,0.981,4.359,112932000000,22252000000,90680000000,7557280872,0,0,0,0.0,0.0,12250000000,12250000000,0.389,819756053,819756053,6582000000,162.2,161.1,10.854,35856000000,24418000000,2399442699,1449896136,1,1.769,3492000000,6.034,14.943,10424000000,0.331,11763000000,5668000000,235844000000,131706000000,3246000000,33364000000,10912000000,22452000000,156285000000,43600000000,112685000000,972755129,8381000000,8136000000,0,-176000000,-106000000,-3968000000,8210000000,155000000,4139000000,5110000000,209000000,209000000,13986042,-444000000,779000000,0.007,7594000000,2830000000,19392000000,0.0,0.405,69.552,1.549,111723000000,0,16.81,0.461,4.611,16850000000,19014000000,31523000000,2109483272,0,0.002,0.009,0.093,0.389,0,7543000000,0.1,578676460,578676460,,3.645,180378000000,680000000,6373000000,19766000000,311.708,-837000000
IRS,MRY,2017-12-31,2017-06-30,2017-06-30,2017-10-31,0,231242000000,211691500000,65492000000,165750000000,0.35,81.8,-5684000000,24854000000,1495247262,51521000000,5220000000,1.41,3.885,129415000000,19926000000,109489000000,7785765852,0,0,0,0.0,0.0,12787000000,12787000000,0.172,769281674,769281674,4159000000,31.1,30.8,1.871,47336000000,41596000000,2847792082,7920350227,10,10.296,3375000000,5.832,16.622,22651000000,0.305,12387000000,8628000000,276982000000,256413000000,4260000000,30170000000,14288000000,15882000000,183906000000,46434000000,137472000000,1395767621,8528000000,-581000000,0,6563000000,-2512000000,1537000000,-2068000000,38000000,9059000000,2617000000,1244000000,1244000000,74840572,-3018000000,3964000000,0.017,17554000000,5097000000,23879000000,0.0,0.49,18.65,12.891,132847000000,0,24.12,0.313,3.128,22238000000,22044000000,74172000000,4462278907,0,0.006,0.03,0.05,0.172,0,17284000000,0.1,578676460,578676460,,7.711,218855000000,769000000,2915000000,23821000000,378.199,19058000000
