ticker,dimension,calendardate,datekey,reportperiod,lastupdated,accoci,assets,assetsavg,assetsc,assetsnc,assetturnover,bvps,capex,cashneq,cashnequsd,cor,consolinc,currentratio,de,debt,debtc,debtnc,debtusd,deferredrev,depamor,deposits,divyield,dps,ebit,ebitda,ebitdamargin,ebitdausd,ebitusd,ebt,eps,epsdil,epsusd,equity,equityavg,equityusd,ev,evebit,evebitda,fcf,fcfps,fxusd,gp,grossmargin,intangibles,intexp,invcap,invcapavg,inventory,investments,investmentsc,investmentsnc,liabilities,liabilitiesc,liabilitiesnc,marketcap,ncf,ncfbus,ncfcommon,ncfdebt,ncfdiv,ncff,ncfi,ncfinv,ncfo,ncfx,netinc,netinccmn,netinccmnusd,netincdis,netincnci,netmargin,opex,opinc,payables,payoutratio,pb,pe,pe1,ppnenet,prefdivis,price,ps,ps1,receivables,retearn,revenue,revenueusd,rnd,roa,roe,roic,ros,sbcomp,sgna,sharefactor,sharesbas,shareswa,shareswadil,sps,tangibles,taxassets,taxexp,taxliabilities,tbvps,workingcapital
ISR,MRY,2011-12-31,2011-06-30,2011-06-30,2018-05-05,0,7888895,8080520,4221993,3666902,0.648,0.244,-137496,2293063,2293063,4081556,-2842213,5.453,0.223,0,0,0,0,0,888568,0,0.0,0.0,-2625607,-1737039,-0.332,-1737039,-2625607,-2842213,-0.11,-0.11,-0.11,6452516,6158652,6452516,21947732,-8,-12.635,-2556406,-0.102,1.0,1157417,0.221,0,216606,4821634,5051046,749849,0,0,0,1436379,774198,662181,24654065,433385,0,3200791,-179995,0,3010164,-157869,0,-2418910,0,-2842213,-2852845,-2852845,0,0,-0.545,4120405,-2962988,372259,0.0,3.821,-8.642,-8.5,3208911,10632,0.935,4.706,4.485,1218736,-44745833,5238973,5238973,465333,-0.353,-0.463,-0.52,-0.501,242689,3655072,1.0,26367985,25131563,25131563,0.208,7888895,0,0,0,0.299,3447795
ISR,MRY,2012-12-31,2012-06-30,2012-06-30,2018-05-05,0,7505482,7640675,4136153,3369329,0.664,0.193,-55057,2853738,2853738,4367884,-3488905,6.373,0.29,0,0,0,0,0,847115,0,0.0,0.0,-3427223,-2580108,-0.509,-2580108,-3427223,-3488905,-0.12,-0.12,-0.12,5818192,6017279,5818192,26904076,-7,-10.427,-2502832,-0.087,1.0,703204,0.139,0,61682,4002752,4177912,914103,0,0,0,1687290,648992,1038298,29609469,560457,0,3114379,0,0,3103747,-95515,0,-2447775,0,-3488905,-3499537,-3499537,0,0,-0.69,4301174,-3597970,389105,0.0,5.089,-8.461,-8.417,2416853,10632,1.01,5.839,5.701,874981,-48234738,5071088,5071088,730579,-0.458,-0.582,-0.82,-0.676,173323,3570595,1.0,29316306,28621831,28621831,0.177,7505482,0,0,0,0.249,3487161
ISR,MRY,2013-12-31,2013-06-30,2013-06-30,2018-05-05,0,7055356,8330302,4443660,2611696,0.543,0.155,-6576,3081076,3081076,4375057,-3856596,5.605,0.315,0,0,0,0,0,770449,0,0.0,0.0,-3856589,-3086140,-0.682,-3086140,-3856589,-3856596,-0.11,-0.11,-0.11,5366246,6719680,5366246,12748183,-3,-4.131,-3062843,-0.089,1.0,150176,0.033,0,7,3181412,3456459,875329,0,0,0,1689110,792868,896242,16613528,227216,0,3306931,0,0,3296299,-12816,0,-3056267,0,-3856596,-3867228,-3867228,0,0,-0.855,4217429,-4067253,432566,0.0,3.096,-4.296,-4.364,1684282,10632,0.48,3.671,3.651,935282,-52091334,4525233,4525233,627107,-0.464,-0.576,-1.116,-0.852,108351,3590322,1.0,34611517,34423420,34423420,0.131,7055356,0,0,0,0.204,3650792
ISR,MRY,2014-12-31,2014-06-30,2014-06-30,2018-05-05,0,26549255,17817892,19214900,7334355,0.237,0.561,-19029,23265591,23265591,4415629,-5959122,16.652,0.108,0,0,0,0,0,715585,0,0.0,0.0,-5958239,-5242654,-1.243,-5242654,-5958239,-5959122,-0.16,-0.16,-0.16,23955768,15628256,23955768,145821381,-24,-27.814,-3247250,-0.076,1.0,-196471,-0.047,0,883,2129737,2517234,829495,0,0,0,2593487,1153927,1439560,169705476,4780146,0,21981452,0,0,23449523,-15441156,-15404310,-3228221,0,-5959122,-6696132,-6696132,0,0,-1.587,4391747,-4588218,574855,0.0,7.084,-25.344,-19.5,1017915,737010,3.12,40.223,31.558,966131,-58050456,4219158,4219158,668803,-0.376,-0.428,-2.367,-1.412,185987,3722944,1.0,54392781,42675158,42675158,0.099,26549255,0,0,0,0.622,18060973
ISR,MRY,2015-12-31,2015-06-30,2015-06-30,2018-05-05,0,23003284,24178008,16325522,6677762,0.191,0.379,-133000,19877351,19877351,4439000,-3681000,14.947,0.107,0,0,0,0,0,613000,0,0.0,0.0,-3679000,-3066000,-0.666,-3066000,-3679000,-3681000,-0.07,-0.07,-0.07,20782241,22082695,20782241,60776054,-16,-19.823,-3655000,-0.067,1.0,167000,0.036,0,2000,2033739,7133858,973809,0,0,0,2221043,1092194,1128849,81262633,-2453000,0,296000,0,0,285000,784000,935000,-3522000,0,-3681000,-3692000,-3692000,0,0,-0.802,4504000,-4337000,498253,0.0,3.91,-22.01,-21.143,574840,11000,1.48,17.643,17.635,1068656,-61731507,4606000,4606000,615000,-0.153,-0.167,-0.516,-0.799,205000,3889000,1.0,54907185,54882000,54882000,0.084,23003284,0,0,0,0.419,15233328
ISR,MRY,2016-12-31,2016-06-30,2016-06-30,2018-05-05,0,18102000,20137747,13629000,4473000,0.237,0.298,-479000,15540000,15540000,4640000,-4711000,12.458,0.104,0,0,0,0,0,578000,0,0.0,0.0,-4710000,-4132000,-0.866,-4132000,-4710000,-4711000,-0.09,-0.09,-0.09,16401000,18079795,16401000,30880815,-6,-7.474,-4363000,-0.079,1.0,129000,0.027,0,1000,1468000,1744783,925000,0,0,0,1701000,1094000,607000,47859238,4912000,0,50000,0,0,39000,8757000,9249000,-3884000,0,-4711000,-4722000,-4722000,0,0,-0.99,5211000,-5082000,612000,0.0,2.918,-10.135,-9.667,577000,11000,0.87,10.035,10.036,605000,-66442000,4769000,4769000,528000,-0.234,-0.261,-2.699,-0.988,290000,5139000,1.0,55010619,55015000,55015000,0.087,18102000,0,0,0,0.329,12535000
ISR,MRY,2017-12-31,2017-06-30,2017-06-30,2018-05-05,0,12269000,14470000,10291000,1978000,0.329,0.193,-543000,9152000,9152000,3923000,-6162000,9.305,0.157,0,0,0,0,0,113000,0,0.0,0.0,-6162000,-6049000,-1.271,-6049000,-6162000,-6162000,-0.11,-0.11,-0.11,10602000,12847250,10602000,23797886,-3,-3.934,-6255000,-0.114,1.0,838000,0.176,0,0,2011000,1970500,836000,0,0,0,1667000,1106000,561000,34385886,-4207000,0,2000,0,0,-9000,1514000,2181000,-5712000,0,-6162000,-6173000,-6173000,0,0,-1.297,7145000,-6307000,630000,0.0,3.243,-5.57,-5.682,1054000,11000,0.625,7.222,7.222,726000,-72604000,4761000,4761000,965000,-0.427,-0.48,-3.127,-1.294,372000,6228000,1.0,55017419,55016000,55016000,0.087,12269000,0,0,0,0.223,9185000
