ticker,dimension,calendardate,datekey,reportperiod,lastupdated,accoci,assets,assetsavg,assetsc,assetsnc,assetturnover,bvps,capex,cashneq,cashnequsd,cor,consolinc,currentratio,de,debt,debtc,debtnc,debtusd,deferredrev,depamor,deposits,divyield,dps,ebit,ebitda,ebitdamargin,ebitdausd,ebitusd,ebt,eps,epsdil,epsusd,equity,equityavg,equityusd,ev,evebit,evebitda,fcf,fcfps,fxusd,gp,grossmargin,intangibles,intexp,invcap,invcapavg,inventory,investments,investmentsc,investmentsnc,liabilities,liabilitiesc,liabilitiesnc,marketcap,ncf,ncfbus,ncfcommon,ncfdebt,ncfdiv,ncff,ncfi,ncfinv,ncfo,ncfx,netinc,netinccmn,netinccmnusd,netincdis,netincnci,netmargin,opex,opinc,payables,payoutratio,pb,pe,pe1,ppnenet,prefdivis,price,ps,ps1,receivables,retearn,revenue,revenueusd,rnd,roa,roe,roic,ros,sbcomp,sgna,sharefactor,sharesbas,shareswa,shareswadil,sps,tangibles,taxassets,taxexp,taxliabilities,tbvps,workingcapital
ISRL,MRY,2011-12-31,2011-12-30,2011-12-30,2018-05-11,2254000,151907000,163105500,13077000,138830000,0.28,6.823,-9028000,2412000,2412000,21656000,7386000,0.235,7.192,20823000,20823000,0,20823000,0,9982000,0,0.0,0.0,19116000,29098000,0.637,29098000,19116000,11356000,2.72,2.72,2.72,18543000,18401000,18543000,257562405,13,8.852,-2082000,-0.766,1.0,23992000,0.526,0,7760000,114617000,120180000,86000,6936000,961000,5975000,133359000,55701000,77658000,243396405,-3535000,0,0,-18124000,0,-18124000,7643000,16073000,6946000,0,7381000,7381000,7381000,0,5000,0.162,19622000,4370000,95286000,0.0,13.126,32.976,32.926,127394000,0,89.56,5.332,5.332,6459000,-6768000,45648000,45648000,0,0.045,0.401,0.159,0.419,0,4438000,1.0,2717691,2717691,2717691,16.797,151907000,8000000,3975000,0,55.896,-42624000
ISRL,MRY,2012-12-31,2012-12-31,2012-12-31,2018-05-11,0,153958000,151642750,17386000,136572000,0.333,6.838,-16997000,676000,676000,26164000,2447000,0.487,7.272,773000,773000,0,773000,0,11350000,0,0.0,0.0,9655000,21005000,0.417,21005000,9655000,3316000,0.82,0.82,0.82,18584000,18993000,18584000,280413687,29,13.35,3000,0.001,1.0,24266000,0.481,0,6339000,118325000,93964250,122000,0,0,0,135143000,35730000,99413000,282612687,-1507000,0,0,-6476000,0,-6476000,-12031000,4737000,17000000,0,2221000,2221000,2221000,0,226000,0.044,18269000,5997000,116462000,0.0,15.207,127.246,126.817,132613000,0,103.99,5.604,5.604,11856000,-4547000,50430000,50430000,0,0.015,0.117,0.103,0.191,0,4505000,1.0,2717691,2717691,2717691,18.556,153958000,8119000,1095000,0,56.65,-18344000
ISRL,MRY,2013-12-31,2013-12-31,2013-12-31,2018-05-11,0,157913000,161250000,28343000,129570000,0.426,4.369,-20431000,5710000,5710000,30811000,-6324000,0.927,12.247,1392000,1392000,0,1392000,0,12187000,0,0.0,0.0,-3798000,8389000,0.122,8389000,-3798000,-10326000,-2.47,-2.47,-2.47,11874000,19034750,11874000,342096641,-90,40.779,3851000,1.417,1.0,37881000,0.551,0,6528000,123022000,132895250,428000,0,0,0,145422000,30573000,114849000,345282641,3534000,0,0,1183000,0,1183000,-21931000,0,24282000,0,-6710000,-6710000,-6710000,0,386000,-0.098,41210000,-3329000,125216000,0.0,29.079,-51.458,-51.437,120418000,0,127.05,5.027,5.027,14755000,-11257000,68692000,68692000,0,-0.042,-0.353,-0.029,-0.055,0,4734000,1.0,2717691,2717691,2717691,25.276,157913000,15691000,-3616000,0,58.106,-2230000
ISRL,MRY,2014-12-31,2014-12-31,2014-12-31,2018-05-11,0,158864000,167240000,22700000,136164000,0.561,6.484,-21322000,2088000,2088000,42927000,5129000,0.472,7.987,1306000,1306000,0,1306000,0,10826000,0,0.0,0.0,14794000,25620000,0.273,25620000,14794000,8021000,1.9,1.9,1.9,17621000,20348500,17621000,369557358,24,14.425,-1546000,-0.569,1.0,50971000,0.543,0,6773000,110012000,122276750,829000,0,0,0,140744000,48070000,92674000,375041358,-2122000,0,0,-2457000,0,-2542000,-19356000,0,19776000,0,5162000,5162000,5162000,0,-33000,0.055,36598000,14373000,119392000,0.0,21.284,72.654,72.632,115933000,0,138.0,3.994,3.994,17266000,-6095000,93898000,93898000,0,0.031,0.254,0.121,0.158,0,5309000,1.0,2717691,2717691,2717691,34.551,158864000,20231000,2859000,0,58.456,-25370000
ISRL,MRY,2015-12-31,2015-12-31,2015-12-31,2018-05-11,0,146957000,160104250,38273000,108684000,0.465,0.114,2623000,22263000,22263000,36630000,-20988000,1.515,481.752,114204000,9952000,104252000,114204000,0,9944000,0,0.0,0.0,-21251000,-11307000,-0.152,-11307000,-21251000,-26561000,-6.37,-6.37,-6.37,311000,12802750,311000,333449983,-15,-29.491,11534000,4.244,1.0,37879000,0.508,0,5310000,213640000,199766750,871000,7178000,0,7178000,149825000,25258000,124567000,242716983,20051000,-98000,0,15820000,0,15820000,-4680000,0,8911000,0,-17310000,-17310000,-17310000,0,-3678000,-0.232,60735000,-22856000,13185000,0.0,780.44,-14.022,-14.02,65591000,0,89.31,3.258,3.258,12460000,-23405000,74509000,74509000,0,-0.108,-1.352,-0.106,-0.285,0,6140000,1.0,2717691,2717648,2717648,27.417,146957000,35496000,-9251000,0,54.078,13015000
ISRL,MRY,2016-12-31,2016-12-31,2016-12-31,2018-05-11,0,141272000,143892750,39685000,101587000,0.382,2.596,-117000,26791000,26791000,23419000,4889000,1.728,19.736,104588000,9147000,95441000,104588000,0,6667000,0,0.0,0.0,15196000,21863000,0.398,21863000,15196000,10379000,2.48,2.48,2.48,7056000,4439750,7056000,417670991,27,19.104,15393000,5.664,1.0,31523000,0.574,0,4817000,196102000,203699750,697000,7352000,0,7352000,139256000,22967000,116289000,337808991,4012000,-132000,0,-10691000,0,-10691000,-807000,0,15510000,0,6745000,6745000,6745000,0,-1856000,0.123,17456000,14067000,11930000,0.0,47.875,50.083,50.121,55500000,0,124.3,6.148,6.148,9902000,-16660000,54942000,54942000,0,0.047,1.519,0.075,0.277,0,5366000,1.0,2717691,2717648,2717648,20.217,141272000,38735000,3634000,0,51.986,16718000
ISRL,MRY,2017-12-31,2017-12-31,2017-12-31,2018-05-11,0,108797000,135742000,46546000,62251000,0.486,-6.349,-1430000,30811000,30811000,27719000,-25826000,1.386,-7.686,95886000,18517000,77369000,95886000,0,5526000,0,0.0,0.0,26111000,31637000,0.48,31637000,26111000,21327000,-8.95,-8.95,-8.95,-17254000,6541500,-17254000,350705363,13,11.085,17122000,6.3,1.0,38228000,0.58,0,4784000,140296000,176084750,475000,10122000,0,10122000,132615000,33576000,99039000,284406363,3919000,-31000,0,-10511000,0,-10519000,-4114000,0,18552000,0,-24310000,-24310000,-24310000,0,-1516000,-0.369,13602000,24626000,13575000,0.0,-16.484,-11.699,-11.693,52129000,0,104.65,4.313,4.313,12549000,-40970000,65947000,65947000,0,-0.179,-3.716,0.148,0.396,0,5455000,1.0,2717691,2717648,2717648,24.266,108797000,0,45637000,0,40.035,12970000
