ticker,dimension,calendardate,datekey,reportperiod,lastupdated,accoci,assets,assetsavg,assetsc,assetsnc,assetturnover,bvps,capex,cashneq,cashnequsd,cor,consolinc,currentratio,de,debt,debtc,debtnc,debtusd,deferredrev,depamor,deposits,divyield,dps,ebit,ebitda,ebitdamargin,ebitdausd,ebitusd,ebt,eps,epsdil,epsusd,equity,equityavg,equityusd,ev,evebit,evebitda,fcf,fcfps,fxusd,gp,grossmargin,intangibles,intexp,invcap,invcapavg,inventory,investments,investmentsc,investmentsnc,liabilities,liabilitiesc,liabilitiesnc,marketcap,ncf,ncfbus,ncfcommon,ncfdebt,ncfdiv,ncff,ncfi,ncfinv,ncfo,ncfx,netinc,netinccmn,netinccmnusd,netincdis,netincnci,netmargin,opex,opinc,payables,payoutratio,pb,pe,pe1,ppnenet,prefdivis,price,ps,ps1,receivables,retearn,revenue,revenueusd,rnd,roa,roe,roic,ros,sbcomp,sgna,sharefactor,sharesbas,shareswa,shareswadil,sps,tangibles,taxassets,taxexp,taxliabilities,tbvps,workingcapital
ISSI,MRY,2011-12-31,2011-09-30,2011-09-30,2017-05-08,-1252000,291987000,257698500,208035000,83952000,1.05,8.731,-6329000,90649000,90649000,180100000,56123000,4.383,0.244,0,0,0,0,0,6529000,0,0.0,0.0,28707000,35236000,0.13,35236000,28707000,28619000,2.11,1.98,2.11,232554000,203839000,232554000,124705938,4,3.539,24235000,0.912,1.0,90408000,0.334,20544000,88000,133325000,116111000,56796000,4761000,4761000,0,56741000,47469000,9272000,210059938,2198000,-22415000,-712000,0,0,-712000,-28294000,2129000,30564000,640000,55957000,55957000,55957000,0,166000,0.207,64239000,26169000,36395000,0.0,0.903,3.754,3.701,28959000,0,7.81,0.777,0.767,39460000,-87328000,270508000,270508000,27622000,0.217,0.275,0.247,0.106,4042000,36617000,1.0,26896279,26568000,28308000,10.182,271443000,29072000,-27338000,0,10.192,160566000
ISSI,MRY,2012-12-31,2012-09-30,2012-09-30,2017-05-08,2399000,317071000,302204750,217916000,99155000,0.88,8.839,-6036000,75497000,75497000,182966000,-2605000,3.339,0.291,0,0,0,0,0,7417000,0,0.0,0.0,3862000,11279000,0.042,11279000,3862000,3794000,-0.1,-0.1,-0.1,242829000,245277500,242829000,151094616,39,13.396,26319000,0.97,1.0,82984000,0.312,17404000,68000,158912000,139933000,66964000,6541000,6541000,0,70736000,65258000,5478000,254601616,-8366000,-44689000,5315000,0,0,5315000,-46042000,-2103000,32355000,6000,-2718000,-2718000,-2718000,0,113000,-0.01,77353000,5631000,44705000,0.0,1.048,-93.672,-92.6,29286000,0,9.26,0.957,0.944,47710000,-90046000,265950000,265950000,30918000,-0.009,-0.011,0.028,0.015,5031000,42174000,1.0,27494775,27120000,27120000,9.806,299667000,22528000,6512000,0,10.907,152658000
ISSI,MRY,2013-12-31,2013-09-30,2013-09-30,2017-05-08,9121000,361869000,344577250,273040000,88829000,0.893,9.699,-23191000,119997000,119997000,206109000,17744000,4.146,0.282,4729000,195000,4534000,4729000,0,7326000,0,0.0,0.0,29926000,37252000,0.121,37252000,29926000,29825000,0.62,0.59,0.62,280573000,267498250,280573000,214939533,7,5.77,10437000,0.37,1.0,101461000,0.33,15804000,101000,164944000,174838750,68469000,21558000,21558000,0,79099000,65853000,13246000,315387533,44500000,-5814000,7624000,4729000,0,12371000,-1253000,27752000,33628000,-246000,17548000,17548000,17548000,0,196000,0.057,84803000,16658000,50229000,0.0,1.124,17.973,17.565,46504000,0,10.89,1.025,0.999,46088000,-72498000,307570000,307570000,40839000,0.051,0.066,0.171,0.097,5923000,43964000,1.0,28961206,28223000,29694000,10.898,346065000,12268000,12277000,0,11.963,207187000
ISSI,MRY,2014-12-31,2014-09-30,2014-09-30,2017-05-08,-1044000,400342000,384200000,294463000,105879000,0.856,10.178,-21346000,138534000,138534000,216721000,23489000,3.875,0.275,4534000,195000,4339000,4534000,0,9672000,0,0.004,0.06,33030000,42702000,0.13,42702000,33030000,32903000,0.77,0.74,0.77,312470000,301231750,312470000,286073700,8,6.699,-4256000,-0.142,1.0,112256000,0.341,14271000,127000,176082000,171270000,85093000,1477000,1477000,0,85784000,75989000,9795000,421959700,17537000,-388000,12022000,-195000,-1843000,12565000,-10376000,21056000,17090000,-1742000,23265000,23265000,23265000,0,224000,0.071,91538000,20718000,54554000,0.078,1.35,18.137,17.844,58847000,0,13.74,1.283,1.255,50458000,-51076000,328977000,328977000,45243000,0.061,0.077,0.193,0.1,6092000,46295000,1.0,30710313,30037000,31623000,10.952,386071000,10260000,9638000,0,12.576,218474000
