ticker,dimension,calendardate,datekey,reportperiod,lastupdated,accoci,assets,assetsavg,assetsc,assetsnc,assetturnover,bvps,capex,cashneq,cashnequsd,cor,consolinc,currentratio,de,debt,debtc,debtnc,debtusd,deferredrev,depamor,deposits,divyield,dps,ebit,ebitda,ebitdamargin,ebitdausd,ebitusd,ebt,eps,epsdil,epsusd,equity,equityavg,equityusd,ev,evebit,evebitda,fcf,fcfps,fxusd,gp,grossmargin,intangibles,intexp,invcap,invcapavg,inventory,investments,investmentsc,investmentsnc,liabilities,liabilitiesc,liabilitiesnc,marketcap,ncf,ncfbus,ncfcommon,ncfdebt,ncfdiv,ncff,ncfi,ncfinv,ncfo,ncfx,netinc,netinccmn,netinccmnusd,netincdis,netincnci,netmargin,opex,opinc,payables,payoutratio,pb,pe,pe1,ppnenet,prefdivis,price,ps,ps1,receivables,retearn,revenue,revenueusd,rnd,roa,roe,roic,ros,sbcomp,sgna,sharefactor,sharesbas,shareswa,shareswadil,sps,tangibles,taxassets,taxexp,taxliabilities,tbvps,workingcapital
IVAC,MRY,2011-12-31,2011-12-31,2011-12-31,2018-05-01,414000,225821000,234912500,128092000,97729000,0.353,8.314,-5333000,23560000,23560000,52543000,-21975000,5.34,0.177,0,0,0,0,0,5423000,5040000,0.0,0.0,-30106000,-24683000,-0.297,-24683000,-30106000,-30106000,-0.96,-0.96,-0.96,191910000,198380750,191910000,142861634,-4,-5.788,-21612000,-0.944,1.0,30431000,0.367,24830000,0,153442000,156794500,18070000,91262000,58585000,32677000,33911000,23989000,9922000,170794634,-85960000,0,2924000,0,0,535000,-70234000,-64901000,-16279000,18000,-21975000,-21975000,-21975000,0,0,-0.265,61172000,-30741000,4857000,0.0,0.89,-7.772,-7.708,14449000,0,7.4,2.058,2.043,18561000,45166000,82974000,82974000,34287000,-0.094,-0.111,-0.192,-0.363,4030000,25597000,1.0,23080356,22903000,22903000,3.623,200991000,27975000,-8131000,0,8.707,104103000
IVAC,MRY,2012-12-31,2012-12-31,2012-12-31,2018-05-01,769000,172503000,210471750,112987000,59516000,0.396,6.079,-3280000,24261000,24261000,49266000,-55319000,5.475,0.209,0,0,0,0,0,4479000,2193000,0.0,0.0,-42079000,-37600000,-0.451,-37600000,-42079000,-42079000,-2.37,-2.37,-2.37,142635000,176982250,142635000,90375177,-2,-2.404,-22996000,-0.985,1.0,34158000,0.409,5868000,0,121738000,148852000,26193000,67908000,40591000,27317000,29868000,20636000,9232000,107234177,701000,0,1869000,0,0,-1476000,21881000,22161000,-19716000,12000,-55319000,-55319000,-55319000,0,0,-0.663,78898000,-44740000,4479000,0.0,0.752,-1.938,-1.928,13426000,0,4.57,1.285,1.278,19822000,-10153000,83424000,83424000,31762000,-0.263,-0.313,-0.283,-0.504,3820000,25919000,1.0,23464809,23336000,23336000,3.575,166635000,12905000,13240000,1281000,7.101,92351000
IVAC,MRY,2013-12-31,2013-12-31,2013-12-31,2018-05-01,725000,148276000,159559250,108132000,40144000,0.436,5.41,-1619000,20121000,20121000,47659000,-15696000,6.364,0.144,0,0,0,0,0,4518000,3743000,0.0,0.0,-17418000,-12900000,-0.185,-12900000,-17418000,-17418000,-0.66,-0.66,-0.66,129571000,131137500,129571000,161738594,-9,-12.538,-10585000,-0.444,1.0,21973000,0.316,4902000,0,106263000,112338250,22762000,61293000,48975000,12318000,18705000,16990000,1715000,178364594,-4140000,500000,311000,0,0,271000,4555000,5674000,-8966000,0,-15696000,-15696000,-15696000,0,0,-0.225,39588000,-17615000,4011000,0.0,1.377,-11.364,-11.258,12945000,0,7.43,2.562,2.543,15037000,-25849000,69632000,69632000,21037000,-0.098,-0.12,-0.155,-0.25,2494000,22278000,1.0,24006002,23832000,23832000,2.922,143374000,9979000,-1722000,939000,5.987,91142000
IVAC,MRY,2014-12-31,2015-01-03,2015-01-03,2018-05-01,619000,120275000,132681000,84106000,36169000,0.494,4.244,-3692000,23262000,23262000,48117000,-27445000,4.325,0.219,0,0,0,0,0,4705000,2551000,0.0,0.0,-19017000,-14312000,-0.218,-14312000,-19017000,-19017000,-1.16,-1.16,-1.16,98630000,114429500,98630000,148694957,-7,-10.39,-6386000,-0.27,1.0,17433000,0.266,3966000,0,73602000,87280250,19212000,47140000,29598000,17542000,21645000,19445000,2200000,171408957,1361000,0,-5833000,0,0,-5925000,10050000,15522000,-2694000,-70000,-27445000,-27445000,-27445000,0,0,-0.419,36787000,-19354000,4640000,0.0,1.738,-6.246,-6.362,12826000,0,7.38,2.615,2.665,12087000,-53294000,65550000,65550000,15832000,-0.207,-0.24,-0.218,-0.29,3000000,21205000,1.0,23226146,23671000,23671000,2.769,116309000,55000,8428000,0,5.004,64661000
IVAC,MRY,2015-12-31,2016-01-02,2016-01-02,2018-05-01,412000,97681000,105149750,69736000,27945000,0.715,3.617,-3106000,15526000,15526000,48843000,-9166000,3.618,0.285,0,0,0,0,0,4597000,3625000,0.0,0.0,-8611000,-4014000,-0.053,-4014000,-8611000,-8611000,-0.41,-0.41,-0.41,75997000,86357750,75997000,83092995,-9,-20.701,-2471000,-0.111,1.0,26317000,0.35,3112000,0,59770000,67326750,18760000,32881000,23208000,9673000,21684000,19273000,2411000,102906995,-7736000,0,-16804000,0,0,-16936000,8736000,11842000,635000,-171000,-9166000,-9166000,-9166000,0,0,-0.122,35055000,-8738000,5950000,0.0,1.354,-11.227,-11.488,11921000,0,4.71,1.369,1.392,12310000,-62460000,75160000,75160000,15661000,-0.087,-0.106,-0.128,-0.115,3620000,19638000,1.0,21848619,22218000,22218000,3.383,94569000,0,555000,0,4.501,50463000
IVAC,MRY,2016-12-31,2016-12-31,2016-12-31,2018-05-01,321000,108324000,100385000,88736000,19588000,0.798,3.5,-3165000,28645000,28645000,49715000,-7441000,2.775,0.479,0,0,0,0,0,4837000,5422000,0.0,0.0,-7190000,-2353000,-0.029,-2353000,-7190000,-7190000,-0.36,-0.36,-0.36,73266000,70931750,73266000,156173047,-21,-66.372,618000,0.03,1.0,30409000,0.38,2258000,0,45445000,47390750,24876000,21195000,17602000,3593000,35058000,31976000,3082000,178954047,13297000,0,1489000,0,0,1032000,8589000,11576000,3783000,-107000,-7441000,-7441000,-7441000,0,0,-0.093,37972000,-7563000,5323000,0.0,2.443,-24.05,-23.75,11237000,0,8.55,2.233,2.215,17447000,-69901000,80124000,80124000,18156000,-0.074,-0.105,-0.152,-0.09,3744000,19916000,1.0,20930298,20761000,20761000,3.859,106066000,0,251000,0,5.067,56760000
IVAC,MRY,2017-12-31,2017-12-30,2017-12-30,2018-05-01,490000,115023000,113596500,92429000,22594000,0.993,3.793,-4356000,20941000,20941000,67184000,4118000,3.135,0.391,0,0,0,0,0,3871000,11026000,0.0,0.0,5221000,9092000,0.081,9092000,5221000,5221000,0.19,0.18,0.19,82663000,79693500,82663000,128657697,24,14.151,-6734000,-0.312,1.0,45663000,0.405,1503000,0,63098000,58672250,33792000,22547000,15698000,6849000,32360000,29481000,2879000,149254697,-7102000,0,2429000,0,0,256000,-5171000,-1417000,-2378000,191000,4118000,4118000,4118000,0,0,0.036,40815000,4848000,3949000,0.0,1.806,36.244,36.053,12478000,0,6.85,1.323,1.308,20474000,-66881000,112847000,112847000,17724000,0.036,0.052,0.089,0.046,4178000,23314000,1.0,21789007,21555000,22920000,5.235,113520000,764000,1103000,0,5.209,62948000
