ticker,dimension,calendardate,datekey,reportperiod,lastupdated,accoci,assets,assetsavg,assetsc,assetsnc,assetturnover,bvps,capex,cashneq,cashnequsd,cor,consolinc,currentratio,de,debt,debtc,debtnc,debtusd,deferredrev,depamor,deposits,divyield,dps,ebit,ebitda,ebitdamargin,ebitdausd,ebitusd,ebt,eps,epsdil,epsusd,equity,equityavg,equityusd,ev,evebit,evebitda,fcf,fcfps,fxusd,gp,grossmargin,intangibles,intexp,invcap,invcapavg,inventory,investments,investmentsc,investmentsnc,liabilities,liabilitiesc,liabilitiesnc,marketcap,ncf,ncfbus,ncfcommon,ncfdebt,ncfdiv,ncff,ncfi,ncfinv,ncfo,ncfx,netinc,netinccmn,netinccmnusd,netincdis,netincnci,netmargin,opex,opinc,payables,payoutratio,pb,pe,pe1,ppnenet,prefdivis,price,ps,ps1,receivables,retearn,revenue,revenueusd,rnd,roa,roe,roic,ros,sbcomp,sgna,sharefactor,sharesbas,shareswa,shareswadil,sps,tangibles,taxassets,taxexp,taxliabilities,tbvps,workingcapital
JACK,MRY,2011-12-31,2011-10-02,2011-10-02,2018-05-17,-95940000,1432322000,1400428750,258452000,1173870000,1.166,8.844,-129312000,11424000,11424000,1307256000,80600000,0.913,2.528,468498000,21148000,447350000,468498000,0,96147000,0,0.0,0.0,145920000,242067000,0.148,242067000,145920000,129065000,1.63,1.61,1.63,405956000,467569500,405956000,1359519590,9,5.616,-5052000,-0.102,1.0,325569000,0.199,123367000,16855000,1483046000,1517581500,7529000,0,0,0,1026366000,282983000,743383000,923996590,817000,88198000,-187569000,98638000,0,-87641000,-35802000,20848000,124260000,0,80600000,80600000,80600000,5278000,0,0.049,174371000,151198000,94348000,0.0,2.276,11.464,12.221,851385000,0,19.92,0.566,0.601,86213000,1063020000,1632825000,1632825000,0,0.058,0.172,0.096,0.089,8062000,222950000,1.0,46385371,49302000,50085000,33.119,1308955000,45520000,48465000,5310000,28.516,-24531000
JACK,MRY,2012-12-31,2012-09-30,2012-09-30,2018-05-17,-136013000,1463725000,1460180250,231181000,1232544000,1.034,9.347,-80200000,8469000,8469000,1159963000,57651000,0.84,2.553,421228000,15952000,405276000,421228000,0,97958000,0,0.0,0.0,110363000,208321000,0.138,208321000,110363000,91489000,1.31,1.28,1.31,411945000,427183750,411945000,1694144922,15,8.132,56530000,1.285,1.0,349332000,0.231,157828000,18874000,1443354000,1541908250,7752000,0,0,0,1051780000,275302000,776478000,1253118922,-2955000,-1830000,-19846000,-39438000,0,-58169000,-81516000,12230000,136730000,0,57651000,57651000,57651000,10453000,0,0.038,257661000,91671000,94713000,0.0,3.042,21.736,21.458,820792000,0,28.11,0.83,0.819,78798000,1120671000,1509295000,1509295000,0,0.039,0.135,0.072,0.073,6883000,224852000,1.0,44579115,43999000,44948000,34.303,1305897000,26932000,33838000,0,29.632,-44121000
JACK,MRY,2013-12-31,2013-09-29,2013-09-29,2018-05-17,-62662000,1319209000,1364663250,117212000,1201997000,1.092,10.952,-84690000,9644000,9644000,1122222000,51152000,0.554,1.795,370282000,20889000,349393000,370282000,0,96219000,0,0.0,0.0,106749000,202968000,0.136,202968000,106749000,91498000,1.18,1.14,1.18,472018000,442774000,472018000,2107060972,19,10.381,114182000,2.634,1.0,367645000,0.247,165378000,15251000,1302795000,1375537750,7181000,0,0,0,847191000,211674000,635517000,1736398972,1175000,18555000,-70840000,-95016000,0,-163762000,-33939000,6448000,198872000,4000,51152000,51152000,51152000,31456000,0,0.034,234080000,133565000,36899000,0.0,3.679,33.946,33.983,770859000,0,40.1,1.165,1.167,41749000,1171823000,1489867000,1489867000,0,0.037,0.116,0.078,0.072,11392000,220641000,1.0,43301720,43351000,44899000,34.368,1153831000,26685000,40346000,0,26.772,-94462000
JACK,MRY,2014-12-31,2014-09-28,2014-09-28,2018-05-17,-90132000,1270665000,1300092000,146560000,1124105000,1.142,6.585,-60525000,10578000,10578000,1096579000,88950000,0.71,3.927,507883000,10871000,497012000,507883000,0,91384000,0,0.006,0.4,156414000,247798000,0.167,247798000,156414000,140736000,2.18,2.12,2.18,257911000,346967000,257911000,3090541373,19,12.472,140497000,3.445,1.0,387552000,0.261,164678000,15678000,1396985000,1428705500,7481000,0,0,0,1012754000,206307000,806447000,2565413373,934000,8786000,-292118000,133146000,-15808000,-157116000,-42979000,2974000,201022000,7000,88950000,88950000,88950000,5894000,0,0.06,221696000,165856000,31810000,0.183,9.947,28.841,30.151,722129000,0,65.73,1.729,1.806,50014000,1244897000,1484131000,1484131000,0,0.068,0.256,0.109,0.105,10358000,206788000,1.0,39029566,40781000,41973000,36.393,1105987000,36810000,51786000,0,28.24,-59747000
JACK,MRY,2015-12-31,2015-09-27,2015-09-27,2018-05-17,-132530000,1303979000,1270906250,107956000,1196023000,1.212,0.438,-86226000,17743000,17743000,1107103000,108812000,0.471,80.739,715256000,26677000,688579000,715256000,0,89468000,0,0.013,1.0,193384000,282852000,0.184,282852000,193384000,174581000,2.89,2.85,2.89,15953000,124321500,15953000,3556427351,18,12.573,140649000,3.742,1.0,433214000,0.281,163792000,18803000,1608311000,1521578000,7376000,0,0,0,1288026000,229389000,1058637000,2915574351,7165000,3951000,-304993000,188573000,-37390000,-135208000,-84473000,5917000,226875000,-29000,108812000,108812000,108812000,3789000,0,0.071,232902000,200312000,32137000,0.346,182.76,26.795,27.581,728263000,0,79.71,1.893,1.945,47975000,1316119000,1540317000,1540317000,0,0.086,0.875,0.127,0.126,12420000,221145000,1.0,36577272,37587000,38215000,40.98,1140187000,0,65769000,0,31.317,-121433000
JACK,MRY,2016-12-31,2016-10-02,2016-10-02,2018-05-17,-187021000,1345012000,1302749250,155405000,1189607000,1.228,-6.638,-96615000,17030000,17030000,1147773000,124073000,0.559,-7.192,991307000,55935000,935372000,991307000,0,92844000,0,0.013,1.2,227718000,320562000,0.2,320562000,227718000,196637000,3.68,3.63,3.68,-217206000,-158854250,-217206000,4024814326,17,12.555,37567000,1.114,1.0,451558000,0.282,180088000,31081000,1861280000,1794782250,8229000,0,0,0,1562218000,277921000,1284297000,3135193326,-713000,-18377000,-274081000,276461000,-40295000,-30454000,-104398000,3555000,134182000,-43000,124073000,124073000,124073000,2197000,0,0.078,222873000,228685000,40736000,0.326,-14.434,25.269,26.071,719050000,0,95.94,1.96,2.024,73360000,1399721000,1599331000,1599331000,0,0.095,-0.781,0.127,0.142,11455000,203816000,1.0,32678688,33735000,34146000,47.409,1164924000,0,72564000,0,35.602,-122516000
JACK,MRY,2017-12-31,2017-10-01,2017-10-01,2018-05-17,-137761000,1234745000,1244855000,139278000,1095467000,1.248,-13.116,-67453000,4467000,4467000,1134914000,135332000,0.532,-4.181,1144207000,64225000,1079982000,1144207000,0,88939000,0,0.016,1.6,263165000,352104000,0.227,352104000,263165000,216647000,4.42,4.38,4.42,-388130000,-392445750,-388130000,4176295593,15,11.861,104384000,3.408,1.0,419000000,0.27,52825000,46518000,2059670000,1984686500,3445000,0,0,0,1622875000,261990000,1360885000,2998942593,-9388000,97538000,-329196000,159347000,-48925000,-214542000,33339000,1715000,171837000,-22000,135332000,135332000,135332000,2976000,0,0.087,190893000,228107000,28366000,0.362,-7.727,22.16,23.059,484276000,0,101.92,1.93,2.009,59609000,1485820000,1553914000,1553914000,0,0.109,-0.345,0.133,0.169,11416000,165752000,1.0,29424476,30630000,30914000,50.732,1181920000,0,81315000,0,39.941,-122712000
