ticker,dimension,calendardate,datekey,reportperiod,lastupdated,accoci,assets,assetsavg,assetsc,assetsnc,assetturnover,bvps,capex,cashneq,cashnequsd,cor,consolinc,currentratio,de,debt,debtc,debtnc,debtusd,deferredrev,depamor,deposits,divyield,dps,ebit,ebitda,ebitdamargin,ebitdausd,ebitusd,ebt,eps,epsdil,epsusd,equity,equityavg,equityusd,ev,evebit,evebitda,fcf,fcfps,fxusd,gp,grossmargin,intangibles,intexp,invcap,invcapavg,inventory,investments,investmentsc,investmentsnc,liabilities,liabilitiesc,liabilitiesnc,marketcap,ncf,ncfbus,ncfcommon,ncfdebt,ncfdiv,ncff,ncfi,ncfinv,ncfo,ncfx,netinc,netinccmn,netinccmnusd,netincdis,netincnci,netmargin,opex,opinc,payables,payoutratio,pb,pe,pe1,ppnenet,prefdivis,price,ps,ps1,receivables,retearn,revenue,revenueusd,rnd,roa,roe,roic,ros,sbcomp,sgna,sharefactor,sharesbas,shareswa,shareswadil,sps,tangibles,taxassets,taxexp,taxliabilities,tbvps,workingcapital
JBL,MRY,2011-12-31,2011-08-31,2011-08-31,2018-04-05,194706000,7057940000,6752686750,5115787000,1942153000,2.446,8.777,-435506000,888611000,888611000,15264257000,382958000,1.315,2.771,1186754000,74160000,1112594000,1186754000,0,319179000,0,0.017,0.28,576985000,896164000,0.054,896164000,576985000,479292000,1.78,1.73,1.78,1867120000,1821018000,1867120000,3959864296,6,4.419,392503000,1.83,1.0,1254570000,0.076,125305000,97693000,3340890000,3365009500,2227339000,0,0,0,5174117000,3889888000,1284229000,3683365296,144282000,3985000,-168582000,-29146000,-60411000,-267722000,-426278000,5243000,828009000,10273000,381063000,381063000,381063000,0,1895000,0.023,654878000,599692000,2885168000,0.157,1.973,9.666,9.466,1641335000,0,16.85,0.223,0.219,1100926000,441793000,16518827000,16518827000,25034000,0.056,0.209,0.171,0.035,76050000,590572000,1.0,218597347,214502000,220719000,77.01,6932635000,105008000,98229000,142381000,32.589,1225899000
JBL,MRY,2012-12-31,2012-08-31,2012-08-31,2018-04-05,106275000,7803141000,7385601750,5639328000,2163813000,2.185,10.236,-481289000,1217256000,1217256000,14979754000,396089000,1.461,2.706,1676357000,18031000,1658326000,1676357000,0,353492000,0,0.014,0.32,603641000,957133000,0.059,957133000,603641000,497553000,1.91,1.87,1.91,2105057000,2004488500,2105057000,5375316695,8,5.616,152937000,0.742,1.0,1160951000,0.072,214071000,106088000,4189175000,3796409000,2268949000,0,0,0,5695806000,3858996000,1836810000,4680873695,328645000,-125098000,-44988000,478740000,-65240000,317358000,-605870000,517000,634226000,-17069000,394687000,394687000,394687000,-62406000,1402000,0.024,620316000,540635000,2992865000,0.168,2.224,11.86,11.927,1779155000,0,22.78,0.29,0.291,1125015000,766934000,16140705000,16140705000,25837000,0.053,0.197,0.159,0.037,80520000,572645000,1.0,205481725,206160000,211181000,78.292,7589070000,112193000,102866000,132390000,36.901,1780332000
JBL,MRY,2013-12-31,2013-08-31,2013-08-31,2018-04-05,81248000,9153781000,8430101500,5820245000,3333536000,2.046,11.506,-721066000,1011373000,1011373000,16037303000,370091000,1.196,2.911,1905866000,215448000,1690418000,1905866000,0,418117000,0,0.014,0.32,500136000,918253000,0.053,918253000,500136000,379113000,1.83,1.79,1.83,2335287000,2197672500,2335287000,4933733594,9,5.373,492823000,2.427,1.0,1212190000,0.07,609445000,121023000,4574395000,4390368000,2118716000,0,0,0,6798214000,4864434000,1933780000,4624641594,-205883000,-650054000,-110977000,177662000,-67181000,-22993000,-1374462000,-3342000,1213889000,-22317000,371482000,371482000,371482000,-50608000,-1391000,0.022,740269000,471921000,3191328000,0.175,1.98,12.449,12.47,2309320000,0,22.82,0.268,0.269,1168954000,1071175000,17249493000,17249493000,28412000,0.044,0.169,0.114,0.029,53778000,614295000,1.0,202657388,203096000,207815000,84.933,8544336000,149302000,7631000,178689000,42.099,955811000
JBL,MRY,2014-12-31,2014-08-31,2014-08-31,2018-04-05,86962000,8479746000,8464671500,5359017000,3120729000,1.862,11.322,-462922000,1000249000,1000249000,14736543000,242265000,1.24,2.774,1682545000,12960000,1669585000,1682545000,0,487278000,0,0.015,0.32,443079000,930357000,0.059,930357000,443079000,315024000,1.19,1.19,1.19,2241828000,2334321500,2241828000,4732464803,10,5.087,36717000,0.181,1.0,1025603000,0.065,627700000,128055000,4213245000,4427765000,2008077000,0,0,0,6219378000,4321097000,1898281000,4312323803,-11124000,531189000,-244503000,-224136000,-68211000,-577601000,60667000,-3600000,499639000,6171000,241313000,241313000,241313000,-243853000,952000,0.015,821204000,204399000,3060814000,0.269,1.924,17.87,18.134,2271705000,0,21.58,0.274,0.277,1208516000,1245772000,15762146000,15762146000,28611000,0.029,0.103,0.1,0.028,10624000,675730000,1.0,199829648,202497000,202497000,77.839,7852046000,157646000,73711000,154319000,39.656,1037920000
JBL,MRY,2015-12-31,2015-08-31,2015-08-31,2018-04-05,-50854000,9591600000,9001299250,5866309000,3725291000,1.989,11.938,-947361000,913963000,913963000,16395978000,285612000,1.034,3.135,1658784000,322966000,1335818000,1658784000,0,529176000,0,0.017,0.32,549571000,1078747000,0.06,1078747000,549571000,421480000,1.47,1.45,1.47,2314856000,2276559750,2314856000,4459017745,8,4.134,293167000,1.514,1.0,1503218000,0.084,745918000,128091000,3916229000,4182130250,2507264000,0,0,0,7256589000,5674274000,1582315000,3750584745,-86286000,-167441000,-67514000,-21295000,-63138000,-162795000,-1121447000,-11939000,1240528000,-42572000,284019000,284019000,284019000,8573000,1593000,0.016,953434000,549784000,3663264000,0.218,1.62,13.205,13.163,2804333000,0,19.35,0.21,0.209,1467247000,1468910000,17899196000,17899196000,27645000,0.032,0.125,0.131,0.031,62560000,862647000,1.0,193828669,193689000,196005000,92.412,8845682000,164214000,137461000,181001000,45.619,192035000
JBL,MRY,2016-12-31,2016-08-31,2016-08-31,2018-04-05,-39877000,10322677000,10087026250,5848381000,4474296000,1.819,12.892,-898208000,912059000,912059000,16825382000,254896000,1.05,3.226,2119822000,45810000,2074012000,2119822000,0,696752000,0,0.015,0.32,522780000,1219532000,0.066,1219532000,522780000,386244000,1.33,1.32,1.33,2438171000,2445054750,2438171000,5313026266,10,4.357,17999000,0.095,1.0,1527704000,0.083,891727000,136536000,5070657000,4938322250,2456612000,0,0,0,7865180000,5568056000,2297124000,4049104266,-1904000,-242143000,-127430000,458293000,-62436000,253512000,-1179981000,-39630000,916207000,8358000,254095000,254095000,254095000,0,801000,0.014,1013251000,514453000,3593195000,0.241,1.661,15.935,15.932,3331879000,0,21.19,0.221,0.22,1359610000,1660820000,18353086000,18353086000,31954000,0.025,0.104,0.106,0.028,58997000,924427000,1.0,191085619,190413000,192750000,96.386,9430950000,148859000,132149000,145094000,49.865,280325000
JBL,MRY,2017-12-31,2017-08-31,2017-08-31,2018-04-05,54620000,11095995000,10496079500,6626683000,4469312000,1.816,13.173,-541485000,1189919000,1189919000,17517478000,127167000,0.964,3.708,2078090000,445498000,1632592000,2078090000,0,760405000,0,0.01,0.32,396230000,1156635000,0.061,1156635000,396230000,258156000,0.71,0.69,0.71,2353514000,2366561000,2353514000,7058902237,17,6.103,715158000,3.932,1.0,1545643000,0.081,892780000,138074000,4220793000,4833163750,2942083000,0,0,0,8727651000,6870593000,1857058000,5619258237,277860000,-36620000,-284849000,-45043000,-59959000,-404546000,-579465000,-2033000,1256643000,5228000,129090000,129090000,129090000,0,-1923000,0.007,1161749000,383894000,4257623000,0.451,2.388,43.53,44.155,3228678000,0,31.35,0.295,0.299,1397424000,1730893000,19063121000,19063121000,29680000,0.012,0.055,0.082,0.021,48544000,907702000,1.0,179242687,181902000,185838000,104.799,10203215000,205722000,129066000,150229000,57.109,-243910000
