ticker,dimension,calendardate,datekey,reportperiod,lastupdated,accoci,assets,assetsavg,assetsc,assetsnc,assetturnover,bvps,capex,cashneq,cashnequsd,cor,consolinc,currentratio,de,debt,debtc,debtnc,debtusd,deferredrev,depamor,deposits,divyield,dps,ebit,ebitda,ebitdamargin,ebitdausd,ebitusd,ebt,eps,epsdil,epsusd,equity,equityavg,equityusd,ev,evebit,evebitda,fcf,fcfps,fxusd,gp,grossmargin,intangibles,intexp,invcap,invcapavg,inventory,investments,investmentsc,investmentsnc,liabilities,liabilitiesc,liabilitiesnc,marketcap,ncf,ncfbus,ncfcommon,ncfdebt,ncfdiv,ncff,ncfi,ncfinv,ncfo,ncfx,netinc,netinccmn,netinccmnusd,netincdis,netincnci,netmargin,opex,opinc,payables,payoutratio,pb,pe,pe1,ppnenet,prefdivis,price,ps,ps1,receivables,retearn,revenue,revenueusd,rnd,roa,roe,roic,ros,sbcomp,sgna,sharefactor,sharesbas,shareswa,shareswadil,sps,tangibles,taxassets,taxexp,taxliabilities,tbvps,workingcapital
JBLU,MRY,2011-12-31,2011-12-31,2011-12-31,2018-04-28,-15000000,7071000000,6933250000,1628000000,5443000000,0.65,5.913,-524000000,740000000,740000000,2271000000,86000000,1.153,3.024,3136000000,286000000,2850000000,3136000000,0,247000000,0,0.0,0.0,324000000,571000000,0.127,571000000,324000000,145000000,0.31,0.28,0.31,1757000000,1707750000,1757000000,3906235016,12,6.841,90000000,0.303,1.0,2233000000,0.496,0,179000000,8055000000,8026500000,50000000,591000000,553000000,38000000,5314000000,1412000000,3902000000,1545235016,208000000,0,10000000,95000000,0,96000000,-502000000,24000000,614000000,0,86000000,86000000,86000000,0,0,0.019,1911000000,322000000,148000000,0.0,0.879,17.968,16.774,4860000000,0,5.2,0.343,0.343,101000000,305000000,4504000000,4504000000,0,0.012,0.05,0.04,0.072,13000000,1146000000,1.0,297160580,297160580,,15.157,7071000000,99000000,59000000,392000000,23.795,216000000
JBLU,MRY,2012-12-31,2012-12-31,2012-12-31,2018-04-28,-8000000,7070000000,7121500000,1100000000,5970000000,0.7,6.641,-825000000,233000000,233000000,2551000000,128000000,0.684,2.745,2851000000,394000000,2457000000,2851000000,0,269000000,0,0.0,0.0,385000000,654000000,0.131,654000000,385000000,209000000,0.45,0.4,0.45,1888000000,1858250000,1888000000,3952185360,10,6.043,-127000000,-0.447,1.0,2431000000,0.488,0,176000000,8080000000,7928000000,36000000,685000000,549000000,136000000,5182000000,1608000000,3574000000,1626185360,-491000000,46000000,-17000000,-291000000,0,-322000000,-867000000,-104000000,698000000,0,128000000,128000000,128000000,0,0,0.026,2055000000,376000000,153000000,0.0,0.861,12.705,12.711,5343000000,0,5.72,0.326,0.326,106000000,433000000,4982000000,4982000000,0,0.018,0.069,0.049,0.077,13000000,1248000000,1.0,284298140,284298140,,17.524,7070000000,107000000,81000000,481000000,24.868,-508000000
JBLU,MRY,2013-12-31,2013-12-31,2013-12-31,2018-04-28,0,7350000000,7349000000,1056000000,6294000000,0.74,7.558,-637000000,282000000,282000000,2764000000,168000000,0.564,2.444,2585000000,469000000,2116000000,2585000000,0,306000000,0,0.0,0.0,440000000,746000000,0.137,746000000,440000000,279000000,0.59,0.52,0.59,2134000000,1995250000,2134000000,4827174026,10,6.471,121000000,0.429,1.0,2677000000,0.492,0,161000000,7779000000,7747500000,48000000,516000000,402000000,114000000,5216000000,1874000000,3342000000,2411174026,43000000,0,2000000,-219000000,0,-239000000,-476000000,161000000,758000000,0,168000000,168000000,168000000,0,0,0.031,2249000000,428000000,180000000,0.0,1.13,14.352,14.475,5656000000,0,8.54,0.443,0.443,129000000,601000000,5441000000,5441000000,0,0.023,0.084,0.057,0.081,14000000,1358000000,1.0,282338879,282338879,,19.271,7350000000,120000000,111000000,605000000,26.033,-818000000
JBLU,MRY,2014-12-31,2014-12-31,2014-12-31,2018-04-28,-63000000,7839000000,7720500000,1200000000,6639000000,0.753,8.667,-857000000,402000000,402000000,2775000000,401000000,0.62,2.1,2233000000,265000000,1968000000,2233000000,0,325000000,0,0.0,0.0,771000000,1096000000,0.188,1096000000,771000000,623000000,1.36,1.19,1.36,2529000000,2341500000,2529000000,6477131738,8,5.91,55000000,0.188,1.0,3042000000,0.523,0,148000000,7734000000,7687500000,46000000,427000000,367000000,60000000,5310000000,1936000000,3374000000,4628131738,116000000,393000000,-41000000,-360000000,0,-417000000,-379000000,81000000,912000000,0,401000000,401000000,401000000,0,0,0.069,2527000000,515000000,208000000,0.0,1.83,11.541,11.662,6072000000,0,15.86,0.796,0.796,136000000,1002000000,5817000000,5817000000,0,0.052,0.171,0.1,0.133,20000000,1525000000,1.0,291811585,291811585,,19.934,7839000000,174000000,222000000,832000000,26.863,-736000000
JBLU,MRY,2015-12-31,2015-12-31,2015-12-31,2018-04-28,-3000000,8644000000,8464750000,1373000000,7271000000,0.758,10.189,-941000000,381000000,381000000,2302000000,677000000,0.604,1.693,1827000000,448000000,1379000000,1827000000,0,345000000,0,0.0,0.0,1225000000,1570000000,0.245,1570000000,1225000000,1097000000,2.15,1.98,2.15,3210000000,2932250000,3210000000,8508120800,6,5.419,657000000,2.085,1.0,4114000000,0.641,0,128000000,7815000000,7714000000,44000000,607000000,558000000,49000000,5434000000,2275000000,3159000000,7136120800,-23000000,0,-157000000,-328000000,0,-487000000,-1134000000,-187000000,1598000000,0,677000000,677000000,677000000,0,0,0.106,2898000000,1216000000,205000000,0.0,2.223,10.541,10.535,6652000000,0,22.65,1.112,1.112,136000000,1679000000,6416000000,6416000000,0,0.08,0.231,0.159,0.191,20000000,1804000000,1.0,315060521,315060521,,20.364,8644000000,145000000,420000000,1218000000,27.436,-902000000
JBLU,MRY,2016-12-31,2016-12-31,2016-12-31,2018-04-28,13000000,9323000000,9355500000,1403000000,7920000000,0.709,12.396,-1011000000,495000000,495000000,2104000000,759000000,0.634,1.323,1384000000,189000000,1195000000,1384000000,0,393000000,0,0.0,0.0,1327000000,1720000000,0.259,1720000000,1327000000,1216000000,2.32,2.22,2.32,4013000000,3729250000,4013000000,8006087044,6,4.655,621000000,1.918,1.0,4528000000,0.683,0,111000000,7998000000,7738750000,47000000,628000000,538000000,90000000,5310000000,2214000000,3096000000,7258087044,115000000,0,-89000000,-368000000,0,-472000000,-1045000000,-23000000,1632000000,0,759000000,759000000,759000000,0,0,0.114,3216000000,1312000000,242000000,0.0,1.809,9.563,9.664,7271000000,0,22.42,1.094,1.094,172000000,2446000000,6632000000,6632000000,0,0.081,0.204,0.171,0.2,23000000,1957000000,1.0,323732696,323732696,,20.486,9323000000,0,457000000,1354000000,28.798,-811000000
JBLU,MRY,2017-12-31,2017-12-31,2017-12-31,2018-04-28,0,9781000000,9623500000,1206000000,8575000000,0.729,14.758,-1202000000,359000000,359000000,2482000000,1147000000,0.562,1.067,1199000000,196000000,1003000000,1199000000,0,446000000,0,0.0,0.0,1016000000,1462000000,0.208,1462000000,1016000000,921000000,3.49,3.47,3.49,4732000000,4235750000,4732000000,7964252818,7,5.448,196000000,0.611,1.0,4533000000,0.646,0,95000000,8475000000,8062750000,0,392000000,390000000,2000000,5049000000,2146000000,2903000000,7163252818,-130000000,0,-343000000,-194000000,0,-553000000,-975000000,236000000,1398000000,0,1147000000,1147000000,1147000000,0,0,0.164,3533000000,1000000000,378000000,0.0,1.514,6.245,6.401,8049000000,0,22.34,1.021,1.021,245000000,3491000000,7015000000,7015000000,0,0.119,0.271,0.126,0.145,29000000,2154000000,1.0,320646948,320646948,,21.878,9781000000,0,-226000000,999000000,30.504,-940000000
