ticker,dimension,calendardate,datekey,reportperiod,lastupdated,accoci,assets,assetsavg,assetsc,assetsnc,assetturnover,bvps,capex,cashneq,cashnequsd,cor,consolinc,currentratio,de,debt,debtc,debtnc,debtusd,deferredrev,depamor,deposits,divyield,dps,ebit,ebitda,ebitdamargin,ebitdausd,ebitusd,ebt,eps,epsdil,epsusd,equity,equityavg,equityusd,ev,evebit,evebitda,fcf,fcfps,fxusd,gp,grossmargin,intangibles,intexp,invcap,invcapavg,inventory,investments,investmentsc,investmentsnc,liabilities,liabilitiesc,liabilitiesnc,marketcap,ncf,ncfbus,ncfcommon,ncfdebt,ncfdiv,ncff,ncfi,ncfinv,ncfo,ncfx,netinc,netinccmn,netinccmnusd,netincdis,netincnci,netmargin,opex,opinc,payables,payoutratio,pb,pe,pe1,ppnenet,prefdivis,price,ps,ps1,receivables,retearn,revenue,revenueusd,rnd,roa,roe,roic,ros,sbcomp,sgna,sharefactor,sharesbas,shareswa,shareswadil,sps,tangibles,taxassets,taxexp,taxliabilities,tbvps,workingcapital
JBSS,MRY,2011-12-31,2011-06-30,2011-06-30,2018-05-03,-3242000,351788000,378872750,177251000,174537000,1.78,17.214,-5195000,1321000,1321000,590021000,2835000,1.584,0.915,102863000,60433000,42430000,102863000,0,16968000,0,0.0,0.0,9230000,26198000,0.039,26198000,9230000,2786000,0.27,0.26,0.27,183707000,183305750,183707000,225000416,24,8.588,2041000,0.191,1.0,84191000,0.125,13917000,6444000,327499000,329961750,128938000,0,0,0,168081000,111914000,56167000,90201416,-116000,-115000,84000,1869000,0,-2175000,-5177000,0,7236000,0,2835000,2835000,2835000,0,0,0.004,73935000,10256000,28260000,0.0,0.491,31.817,31.333,153692000,0,8.46,0.134,0.134,39031000,85437000,674212000,674212000,0,0.007,0.015,0.028,0.014,730000,68273000,1.0,10662106,10671780,10770359,63.177,337871000,4882000,-49000,2867000,31.66,65337000
JBSS,MRY,2012-12-31,2012-06-28,2012-06-28,2018-05-03,-4327000,371727000,376138250,206817000,164910000,1.863,18.741,-7531000,2459000,2459000,593521000,17122000,1.728,0.849,96725000,60519000,36206000,96725000,0,17117000,0,0.0,0.0,31585000,48702000,0.07,48702000,31585000,26221000,1.6,1.58,1.6,201013000,195436250,201013000,302104883,9,6.203,8374000,0.781,1.0,107054000,0.153,10944000,5364000,335342000,333027000,146384000,0,0,0,170714000,119707000,51007000,180822883,1138000,0,452000,-6138000,0,-7581000,-7186000,0,15905000,0,17122000,17122000,17122000,0,0,0.024,74081000,32973000,33044000,0.0,0.9,10.561,10.544,146711000,0,16.87,0.258,0.258,49867000,102559000,700575000,700575000,0,0.046,0.088,0.095,0.045,820000,74081000,1.0,10718606,10726004,10828512,65.316,360783000,4823000,9099000,460000,33.636,87110000
JBSS,MRY,2013-12-31,2013-06-27,2013-06-27,2018-05-03,-3164000,374744000,384903500,223790000,150954000,1.908,19.82,-7207000,834000,834000,614372000,21760000,2.057,0.741,75274000,41609000,33665000,75274000,0,16717000,0,0.05,1.0,40050000,56767000,0.077,56767000,40050000,35296000,2.0,1.98,2.0,215304000,209823250,215304000,314345869,7,5.537,28546000,2.628,1.0,119962000,0.163,7875000,4754000,332511000,325412750,158706000,0,0,0,159440000,108798000,50642000,218211869,-1625000,0,1219000,-21451000,-10889000,-30999000,-6379000,0,35753000,0,21760000,21760000,21760000,0,0,0.03,78343000,41619000,43741000,0.5,1.014,10.028,9.93,133847000,0,19.86,0.297,0.294,49509000,113430000,734334000,734334000,0,0.057,0.104,0.123,0.055,905000,78343000,1.0,10987506,10863064,10992997,67.599,366869000,4550000,13536000,0,33.772,114992000
JBSS,MRY,2014-12-31,2014-06-26,2014-06-26,2018-05-03,-3503000,394611000,398448000,249374000,145237000,1.954,20.558,-9928000,1884000,1884000,655757000,26287000,2.222,0.74,81971000,46305000,35666000,81971000,0,16278000,0,0.057,1.5,44186000,60464000,0.078,60464000,44186000,39832000,2.38,2.36,2.38,226827000,221540000,226827000,392426393,8,6.49,2022000,0.183,1.0,122865000,0.158,5246000,4354000,357221000,346878250,182830000,0,0,0,167784000,112231000,55553000,291057393,1050000,0,616000,6697000,-16599000,-8844000,-2056000,0,11950000,0,26287000,26287000,26287000,0,0,0.034,75869000,46996000,44907000,0.63,1.283,11.072,11.076,130454000,0,26.36,0.374,0.374,55800000,123118000,778622000,778622000,0,0.066,0.119,0.127,0.057,1105000,77510000,1.0,11041631,11033310,11132347,70.57,389365000,4210000,13545000,0,35.29,137143000
JBSS,MRY,2015-12-31,2015-06-25,2015-06-25,2018-05-03,-4834000,431935000,430819250,284310000,147625000,2.059,21.638,-14392000,1946000,1946000,755189000,29305000,2.12,0.79,97856000,65566000,32290000,97856000,0,16284000,0,0.028,1.5,48830000,65114000,0.073,65114000,48830000,44864000,2.63,2.61,2.63,241278000,233791500,241278000,721021126,14,11.073,-459000,-0.041,1.0,132056000,0.149,3079000,3966000,390661000,368524500,197997000,0,0,0,190657000,134105000,56552000,605853126,62000,0,643000,15885000,-16759000,410000,-14281000,0,13933000,0,29305000,29305000,29305000,0,0,0.033,80177000,51879000,45722000,0.57,2.511,20.674,20.684,131033000,0,54.4,0.683,0.684,75635000,135664000,887245000,887245000,0,0.068,0.125,0.133,0.055,1952000,80177000,1.0,11137006,11150658,11248259,79.569,428856000,7445000,15559000,0,38.46,150205000
JBSS,MRY,2016-12-31,2016-06-30,2016-06-30,2018-05-03,-6425000,391162000,419516000,242173000,148989000,2.269,22.36,-15018000,2220000,2220000,814591000,30395000,2.911,0.557,44941000,16237000,28704000,44941000,0,16585000,0,0.047,2.0,49954000,66539000,0.07,66539000,49954000,46462000,2.71,2.68,2.71,251193000,246860000,251193000,566587423,11,8.515,74230000,6.608,1.0,137468000,0.144,1369000,3492000,349320000,360107750,156573000,0,0,0,139969000,83194000,56775000,477679423,274000,0,155000,-52671000,-22486000,-74049000,-14925000,0,89248000,0,30395000,30395000,30395000,0,0,0.032,86156000,51312000,43719000,0.738,1.902,15.716,15.731,129803000,0,42.63,0.502,0.503,78088000,143573000,952059000,952059000,0,0.072,0.123,0.139,0.052,2489000,86156000,1.0,11205241,11233975,11332924,84.748,389793000,8590000,16067000,0,34.698,158979000
JBSS,MRY,2017-12-31,2017-06-29,2017-06-29,2018-05-03,-4404000,398059000,398740500,253377000,144682000,2.123,20.806,-10885000,1955000,1955000,704712000,36125000,2.306,0.691,59017000,33806000,25211000,59017000,0,15559000,0,0.08,5.0,57048000,72607000,0.086,72607000,57048000,54138000,3.19,3.17,3.19,235468000,229000500,235468000,797920430,13,10.99,41783000,3.692,1.0,141923000,0.168,0,2910000,345248000,340050250,182420000,0,0,0,162591000,109873000,52718000,705975430,-265000,0,63000,14011000,-56464000,-42390000,-10543000,0,52668000,0,36125000,36125000,36125000,0,0,0.043,83579000,58344000,50047000,1.567,2.998,19.543,19.618,125462000,0,62.58,0.834,0.837,64830000,123190000,846635000,846635000,0,0.091,0.158,0.168,0.067,2504000,83579000,1.0,11281167,11317149,11403605,74.81,398059000,9095000,18013000,0,35.173,143504000
