ticker,dimension,calendardate,datekey,reportperiod,lastupdated,accoci,assets,assetsavg,assetsc,assetsnc,assetturnover,bvps,capex,cashneq,cashnequsd,cor,consolinc,currentratio,de,debt,debtc,debtnc,debtusd,deferredrev,depamor,deposits,divyield,dps,ebit,ebitda,ebitdamargin,ebitdausd,ebitusd,ebt,eps,epsdil,epsusd,equity,equityavg,equityusd,ev,evebit,evebitda,fcf,fcfps,fxusd,gp,grossmargin,intangibles,intexp,invcap,invcapavg,inventory,investments,investmentsc,investmentsnc,liabilities,liabilitiesc,liabilitiesnc,marketcap,ncf,ncfbus,ncfcommon,ncfdebt,ncfdiv,ncff,ncfi,ncfinv,ncfo,ncfx,netinc,netinccmn,netinccmnusd,netincdis,netincnci,netmargin,opex,opinc,payables,payoutratio,pb,pe,pe1,ppnenet,prefdivis,price,ps,ps1,receivables,retearn,revenue,revenueusd,rnd,roa,roe,roic,ros,sbcomp,sgna,sharefactor,sharesbas,shareswa,shareswadil,sps,tangibles,taxassets,taxexp,taxliabilities,tbvps,workingcapital
JCP,MRY,2011-12-31,2012-01-28,2012-01-28,2018-03-19,-1209000000,11424000000,12276000000,5081000000,6343000000,1.406,18.445,-634000000,1507000000,1507000000,11042000000,-152000000,1.844,1.849,3102000000,231000000,2871000000,3102000000,0,518000000,0,0.019,0.8,-2000000,516000000,0.03,516000000,-2000000,-229000000,-0.7,-0.7,-0.7,4010000000,4496500000,4010000000,10862209189,-5431,21.051,186000000,0.856,1.0,6218000000,0.36,0,227000000,10263000000,10984250000,2916000000,0,0,0,7414000000,2756000000,4658000000,8845209189,-1115000000,-215000000,-882000000,0,-178000000,-1065000000,-870000000,-36000000,820000000,0,-152000000,-152000000,-152000000,0,0,-0.009,6220000000,-2000000,2525000000,-1.143,2.206,-58.192,-59.171,5176000000,0,41.42,0.512,0.522,0,1412000000,17260000000,17260000000,0,-0.012,-0.034,0.0,0.0,36000000,5109000000,1.0,213549232,217400000,217400000,79.393,11424000000,413000000,-77000000,888000000,52.548,2325000000
JCP,MRY,2012-12-31,2013-02-02,2013-02-02,2018-03-19,-1118000000,9781000000,10630500000,3683000000,6098000000,1.221,14.446,-810000000,930000000,930000000,8919000000,-985000000,1.434,2.085,2982000000,26000000,2956000000,2982000000,0,543000000,0,0.01,0.2,-1310000000,-767000000,-0.059,-767000000,-1310000000,-1536000000,-4.49,-4.49,-4.49,3171000000,3570000000,3171000000,6798587140,-5,-8.864,-820000000,-3.741,1.0,4066000000,0.313,0,226000000,9265000000,10319250000,2341000000,0,0,0,6610000000,2568000000,4042000000,4358587140,-577000000,-9000000,71000000,-250000000,-86000000,-274000000,-293000000,0,-10000000,0,-985000000,-985000000,-985000000,0,0,-0.076,5376000000,-1310000000,2542000000,-0.045,1.375,-4.425,-4.428,5353000000,0,19.88,0.336,0.336,0,380000000,12985000000,12985000000,0,-0.093,-0.276,-0.127,-0.101,38000000,4506000000,1.0,219244826,219200000,219200000,59.238,9781000000,163000000,-551000000,388000000,44.56,1115000000
JCP,MRY,2013-12-31,2014-02-01,2014-02-01,2018-03-19,-628000000,11801000000,11425500000,4833000000,6968000000,1.038,12.383,-951000000,1515000000,1515000000,8367000000,-1388000000,1.698,2.823,5601000000,700000000,4901000000,5601000000,0,601000000,0,0.0,0.0,-1534000000,-933000000,-0.079,-933000000,-1534000000,-1886000000,-5.57,-5.57,-5.57,3087000000,2730000000,3087000000,6188367935,-4,-6.633,-2765000000,-11.091,1.0,3492000000,0.294,0,352000000,13041000000,12016500000,2935000000,0,0,0,8714000000,2846000000,5868000000,1803367935,585000000,0,793000000,2435000000,0,3188000000,-789000000,0,-1814000000,0,-1388000000,-1388000000,-1388000000,0,0,-0.117,4912000000,-1420000000,2146000000,0.0,0.584,-1.299,-1.063,5619000000,0,5.92,0.152,0.124,0,-1008000000,11859000000,11859000000,0,-0.121,-0.508,-0.128,-0.129,28000000,4114000000,1.0,304622962,249300000,249300000,47.569,11801000000,193000000,-498000000,335000000,47.337,1987000000
JCP,MRY,2014-12-31,2015-01-31,2015-01-31,2018-03-19,-350000000,10309000000,10920500000,4331000000,5978000000,1.122,6.265,-252000000,1318000000,1318000000,7996000000,-717000000,2.009,4.386,5321000000,56000000,5265000000,5321000000,0,631000000,0,0.0,0.0,-288000000,343000000,0.028,343000000,-288000000,-694000000,-2.35,-2.35,-2.35,1914000000,2424250000,1914000000,6959273843,-24,20.289,-13000000,-0.043,1.0,4261000000,0.348,0,406000000,12156000000,12924000000,2652000000,0,0,0,8395000000,2156000000,6239000000,2216273843,-197000000,5000000,0,-228000000,0,-294000000,-142000000,0,239000000,0,-717000000,-717000000,-717000000,0,0,-0.058,4515000000,-254000000,2100000000,0.0,1.158,-3.091,-3.094,5148000000,0,7.27,0.181,0.181,0,-2494000000,12257000000,12257000000,0,-0.066,-0.296,-0.022,-0.023,33000000,3993000000,1.0,304851973,305200000,305200000,40.161,10309000000,172000000,23000000,363000000,33.745,2175000000
JCP,MRY,2015-12-31,2016-01-30,2016-01-30,2018-03-19,-491000000,9442000000,10093500000,4018000000,5424000000,1.251,4.275,-320000000,900000000,900000000,8074000000,-513000000,1.666,6.213,4805000000,127000000,4678000000,4805000000,0,616000000,0,0.0,0.0,-99000000,517000000,0.041,517000000,-99000000,-504000000,-1.68,-1.68,-1.68,1309000000,1572750000,1309000000,6876589112,-69,13.301,120000000,0.392,1.0,4551000000,0.36,0,405000000,10935000000,11945500000,2721000000,0,0,0,8133000000,2412000000,5721000000,2221589112,-418000000,0,0,-553000000,0,-562000000,-296000000,0,440000000,0,-513000000,-513000000,-513000000,0,0,-0.041,4640000000,-89000000,2285000000,0.0,1.697,-4.331,-4.321,4816000000,0,7.26,0.176,0.176,0,-3007000000,12625000000,12625000000,0,-0.051,-0.326,-0.008,-0.008,44000000,3775000000,1.0,306004010,305900000,305900000,41.272,9442000000,231000000,9000000,425000000,30.836,1606000000
JCP,MRY,2016-12-31,2017-01-28,2017-01-28,2018-03-19,-473000000,9118000000,9083750000,3901000000,5217000000,1.381,4.382,-427000000,887000000,887000000,8071000000,1000000,1.613,5.734,4836000000,278000000,4558000000,4836000000,0,609000000,0,0.0,0.0,365000000,974000000,0.078,974000000,365000000,2000000,0.0,0.0,0.0,1354000000,1235250000,1354000000,6601532890,18,6.778,-93000000,-0.302,1.0,4476000000,0.357,0,363000000,10648000000,10779750000,2854000000,0,0,0,7764000000,2419000000,5345000000,1988532890,-13000000,13000000,2000000,26000000,0,-31000000,-316000000,0,334000000,0,1000000,1000000,1000000,0,0,0.0,4081000000,395000000,2141000000,,1.469,1988.533,,4599000000,0,6.45,0.158,0.158,0,-3006000000,12547000000,12547000000,0,0.0,0.001,0.034,0.029,35000000,3538000000,1.0,308299673,308100000,313000000,40.724,9118000000,0,1000000,204000000,29.508,1482000000
JCP,MRY,2017-12-31,2018-02-03,2018-02-03,2018-03-19,-360000000,8413000000,8517500000,3410000000,5003000000,1.468,4.411,-395000000,458000000,458000000,8174000000,-116000000,1.462,5.101,4232000000,240000000,3992000000,4232000000,0,570000000,0,0.0,0.0,83000000,653000000,0.052,653000000,83000000,-242000000,-0.37,-0.37,-0.37,1379000000,1204250000,1379000000,5410963237,65,8.286,59000000,0.19,1.0,4332000000,0.346,0,325000000,9855000000,10217750000,2762000000,0,0,0,7034000000,2332000000,4702000000,1102963237,-429000000,9000000,5000000,-645000000,0,-654000000,-229000000,0,454000000,0,-116000000,-116000000,-116000000,0,0,-0.009,4216000000,116000000,2092000000,0.0,0.8,-9.508,-9.568,4281000000,0,3.54,0.088,0.088,0,-3122000000,12506000000,12506000000,0,-0.014,-0.096,0.008,0.007,25000000,3468000000,1.0,311571536,311100000,311100000,40.199,8413000000,0,-126000000,143000000,26.913,1078000000
