ticker,dimension,calendardate,datekey,reportperiod,lastupdated,accoci,assets,assetsavg,assetsc,assetsnc,assetturnover,bvps,capex,cashneq,cashnequsd,cor,consolinc,currentratio,de,debt,debtc,debtnc,debtusd,deferredrev,depamor,deposits,divyield,dps,ebit,ebitda,ebitdamargin,ebitdausd,ebitusd,ebt,eps,epsdil,epsusd,equity,equityavg,equityusd,ev,evebit,evebitda,fcf,fcfps,fxusd,gp,grossmargin,intangibles,intexp,invcap,invcapavg,inventory,investments,investmentsc,investmentsnc,liabilities,liabilitiesc,liabilitiesnc,marketcap,ncf,ncfbus,ncfcommon,ncfdebt,ncfdiv,ncff,ncfi,ncfinv,ncfo,ncfx,netinc,netinccmn,netinccmnusd,netincdis,netincnci,netmargin,opex,opinc,payables,payoutratio,pb,pe,pe1,ppnenet,prefdivis,price,ps,ps1,receivables,retearn,revenue,revenueusd,rnd,roa,roe,roic,ros,sbcomp,sgna,sharefactor,sharesbas,shareswa,shareswadil,sps,tangibles,taxassets,taxexp,taxliabilities,tbvps,workingcapital
JCTCF,MRY,2011-12-31,2011-08-31,2011-08-31,2018-04-16,0,20577844,20336607,18059174,2518670,2.068,4.562,-113257,6774127,6774127,33930109,902394,5.846,0.177,0,0,0,0,0,261542,0,0.0,0.0,1830709,2092251,0.05,2092251,1830709,1389983,0.22,0.22,0.22,17488818,17106021,17488818,11887801,6,5.682,1523958,0.37,1.0,8126361,0.193,510771,440726,10203920,10367041,5815593,41500,41500,0,3089026,3089026,0,17520077,-1936187,0,-3460145,0,0,-3460145,-113257,0,1637215,0,902394,902394,902394,0,0,0.021,5290113,2836248,519265,0.0,1.002,19.415,20.75,1850037,0,4.565,0.417,0.447,3897086,15086971,42056470,42056470,0,0.044,0.053,0.177,0.044,0,5028571,1.0,3837914,4121174,4121174,10.205,20067073,840389,487589,0,5.235,14970148
JCTCF,MRY,2012-12-31,2012-08-31,2012-08-31,2018-04-16,0,20439461,19635754,17896576,2542885,2.34,5.576,-324720,7309388,7309388,37306129,3059931,6.033,0.17,0,0,0,0,0,244216,0,0.0,0.0,4963705,5207921,0.113,5207921,4963705,4963705,0.89,0.89,0.89,17473190,16855413,17473190,11228578,2,2.156,3610820,1.048,1.0,8639401,0.188,444203,0,9719599,10971375,7085389,20000,20000,0,2966271,2966271,0,15867866,535261,0,-3075559,0,0,-3075559,-324720,0,3935540,0,3059931,3059931,3059931,0,0,0.067,5076261,3563140,1577182,0.0,0.908,5.186,5.685,1997109,0,5.06,0.345,0.379,3092842,15392665,45945530,45945530,0,0.156,0.182,0.452,0.108,0,4832045,1.0,3135942,3444212,3444212,13.34,19995258,101573,1903774,37203,6.381,14930305
JCTCF,MRY,2013-12-31,2013-08-31,2013-08-31,2018-04-16,0,23657857,21722340,21047245,2610612,2.269,6.57,-71935,8308445,8308445,39455054,3132019,6.994,0.149,0,0,0,0,0,256487,0,0.0,0.0,4912959,5169446,0.105,5169446,4912959,4912959,1.0,1.0,1.0,20598021,19262471,20598021,33077785,6,6.399,1006245,0.321,1.0,9831093,0.199,368662,0,11971307,12008094,8520991,15000,15000,0,3059836,3009443,50393,40756664,999057,0,-7188,0,0,-7188,-71935,0,1078180,0,3132019,3132019,3132019,0,0,0.064,5157403,4673690,1715458,0.0,1.979,13.013,13.0,2241950,0,13.0,0.827,0.827,3344777,18517971,49286147,49286147,0,0.144,0.163,0.409,0.1,0,4900916,1.0,3135128,3135509,3135509,15.719,23289195,270423,1780940,0,7.429,18037802
JCTCF,MRY,2014-12-31,2014-08-31,2014-08-31,2018-04-16,0,19691820,21303324,17248477,2443343,1.987,6.63,-105525,4327540,4327540,33961367,1858453,12.044,0.082,0,0,0,0,0,276340,0,0.0,0.0,3104651,3380991,0.08,3380991,3104651,3104651,0.63,0.63,0.63,18198706,19507223,18198706,22981140,7,6.797,276863,0.093,1.0,8378196,0.198,295956,0,13636182,13612089,9154129,15000,15000,0,1493114,1432142,60972,27221537,-3980905,0,-4257768,0,0,-4257768,-105525,0,382388,0,1858453,1858453,1858453,0,0,0.044,5293598,3084598,240825,0.0,1.496,14.647,15.714,2147387,0,9.9,0.643,0.694,2442928,16321701,42339563,42339563,0,0.087,0.095,0.228,0.073,0,5017258,1.0,2749678,2968220,2968220,14.264,19395864,546347,1246198,0,7.066,15816335
JCTCF,MRY,2015-12-31,2015-08-31,2015-08-31,2018-04-16,0,19658419,19130248,17203458,2454961,2.208,7.036,-293380,4416297,4416297,33821114,1773971,8.192,0.122,0,0,0,0,0,281762,0,0.0,0.0,2982248,3264010,0.077,3264010,2982248,2982248,0.69,0.69,0.69,17524135,17288207,17524135,21835804,7,6.69,2537299,0.983,1.0,8417037,0.199,223250,0,12918888,15247298,8351575,1310,1310,0,2134284,2099984,34300,23672653,88757,0,-2448542,0,0,-2448542,-293380,0,2830679,0,1773971,1773971,1773971,0,0,0.042,5493454,2923583,984955,0.0,1.351,13.344,13.768,2231711,0,9.5,0.56,0.581,3688247,15754619,42238151,42238151,0,0.093,0.103,0.196,0.071,0,5211692,1.0,2491832,2581850,2581850,16.36,19435169,26570,1208277,0,7.803,15103474
JCTCF,MRY,2016-12-31,2016-08-31,2016-08-31,2018-04-16,0,19869772,20289939,16764634,3105138,2.371,7.518,-920845,4519922,4519922,38374405,2125099,7.246,0.134,0,0,0,0,0,276268,0,0.0,0.0,3522867,3799135,0.079,3799135,3522867,3522840,0.87,0.87,0.87,17524655,18030141,17524655,23158568,6,6.096,2228204,0.915,1.0,9736593,0.202,150543,27,12885543,12683922,8069017,0,0,0,2345117,2313764,31353,29444143,103625,0,-2124579,0,0,-2124579,-920845,0,3149049,0,2125099,2125099,2125099,0,0,0.044,6121447,3615146,839972,0.0,1.68,13.855,14.276,2954595,0,12.42,0.612,0.629,3342204,15845092,48110998,48110998,0,0.105,0.118,0.278,0.073,0,5845179,1.0,2370704,2435650,2435650,19.753,19719229,596,1397741,0,8.46,14450870
JCTCF,MRY,2017-12-31,2017-08-31,2017-08-31,2018-04-16,0,22181035,21114131,18880626,3300409,2.259,8.84,-470879,5912250,5912250,36621773,2726657,7.721,0.125,0,0,0,0,0,275214,0,0.0,0.0,4485260,4760474,0.1,4760474,4485260,4485260,1.2,1.2,1.2,19724371,18895064,19724371,26454526,5,5.557,1919269,0.845,1.0,11079283,0.232,77837,0,13745628,14389374,8807545,0,0,0,2456664,2445320,11344,31326594,1392328,0,-526941,0,0,-526941,-470879,0,2390148,0,2726657,2726657,2726657,0,0,0.057,6641532,4437751,638128,0.0,1.588,11.489,11.625,3222572,0,13.95,0.657,0.665,3565055,18069251,47701056,47701056,0,0.129,0.144,0.312,0.094,0,6366318,1.0,2245634,2272522,2272522,20.99,22103198,0,1758603,0,9.906,16435306
