ticker,dimension,calendardate,datekey,reportperiod,lastupdated,accoci,assets,assetsavg,assetsc,assetsnc,assetturnover,bvps,capex,cashneq,cashnequsd,cor,consolinc,currentratio,de,debt,debtc,debtnc,debtusd,deferredrev,depamor,deposits,divyield,dps,ebit,ebitda,ebitdamargin,ebitdausd,ebitusd,ebt,eps,epsdil,epsusd,equity,equityavg,equityusd,ev,evebit,evebitda,fcf,fcfps,fxusd,gp,grossmargin,intangibles,intexp,invcap,invcapavg,inventory,investments,investmentsc,investmentsnc,liabilities,liabilitiesc,liabilitiesnc,marketcap,ncf,ncfbus,ncfcommon,ncfdebt,ncfdiv,ncff,ncfi,ncfinv,ncfo,ncfx,netinc,netinccmn,netinccmnusd,netincdis,netincnci,netmargin,opex,opinc,payables,payoutratio,pb,pe,pe1,ppnenet,prefdivis,price,ps,ps1,receivables,retearn,revenue,revenueusd,rnd,roa,roe,roic,ros,sbcomp,sgna,sharefactor,sharesbas,shareswa,shareswadil,sps,tangibles,taxassets,taxexp,taxliabilities,tbvps,workingcapital
JE,MRY,2011-12-31,2011-03-31,2011-03-31,2017-06-21,123919000,1590026000,1523523500,554413000,1035613000,1.938,,-33412000,98466000,101476189,2471630000,352940000,0.623,-9.32,603891000,96431000,507460000,622352463,0,5698000,0,0.0,0.0,588398000,594096000,0.201,612258021,606385829,528515000,2.77,2.4,2.855,-191118000,-363770500,-196960640,,,,112143000,,0.97,481562000,0.163,640219000,59883000,564745000,368814000,13039000,0,0,0,1781144000,890487000,890657000,,37501000,-261389000,0,328473000,-134589000,211701000,-318847000,2232000,145555000,-908000,355076000,355076000,365930976,0,2136000,0.12,408582000,72980000,275503000,0.0,,,5.599,234002000,0,15.983,,,424936000,-1349928000,2953192000,3043473600,0,0.233,-0.976,1.595,0.199,9914000,243007000,1.0,,,,,949807000,130920000,173439000,9788000,,-336074000
JE,MRY,2012-12-31,2012-03-31,2012-03-31,2017-06-21,70293000,1543044000,1566535000,558161000,984883000,1.695,-3.598,-74579000,65419000,65678363,2155121000,-126643000,0.534,-4.077,777743000,98671000,679072000,780826483,11985000,4553000,0,0.045,0.62,-34545000,-29992000,-0.011,-30110907,-34681959,-88995000,-0.92,-0.92,-0.924,-501409000,-346263500,-503396914,,,,69811000,0.501,0.996,499657000,0.188,549409000,54450000,661114000,612929500,21441000,0,0,0,2044453000,1044845000,999608000,1928589135,-44413000,-93325000,-955000,182331000,-146822000,16118000,-205247000,0,144390000,326000,-126522000,-126522000,-127023616,-1812000,121000,-0.048,444490000,55167000,287145000,-0.671,-3.831,-15.183,-14.984,291061000,0,13.84,0.724,0.724,434457000,-1652188000,2654778000,2665303282,0,-0.081,0.365,-0.056,-0.013,10662000,291470000,1.0,139348926,139348926,,19.127,993635000,86623000,37527000,4814000,7.131,-486684000
JE,MRY,2013-12-31,2013-03-31,2013-03-31,2017-06-21,47155000,1528942000,1535993000,611512000,917430000,1.96,-0.998,-38370000,51818000,50938495,2487074000,524623000,0.908,-11.995,957698000,162474000,795224000,941443044,13017000,4425000,0,0.188,1.24,690693000,695118000,0.231,683319800,678969905,616693000,3.79,3.27,3.726,-139057000,-320233000,-136696793,1611219966,2,2.358,54751000,0.393,1.017,524104000,0.174,447333000,74000000,1313677000,987395500,17124000,9000000,0,9000000,1667999000,673812000,994187000,916915933,-14560000,0,7000,186500000,-156651000,57852000,-162843000,-10493000,93121000,-2690000,530308000,530308000,521307111,71289000,5685000,0.176,491387000,32717000,301820000,0.333,-6.708,1.759,1.766,258003000,0,6.58,0.31,0.31,489752000,-1300280000,3011178000,2960069441,0,0.345,-1.656,0.7,0.229,11952000,357832000,1.0,139348926,139348926,,21.242,1081609000,34619000,86385000,5143000,7.762,-62300000
JE,MRY,2014-12-31,2014-03-31,2014-03-31,2017-06-21,71997000,1642650000,1585796000,825238000,817412000,2.229,-0.645,-7294000,32418000,29321210,3029083000,136941000,1.162,-18.925,51999000,0,930027000,47031699,82000,4151000,0,0.1,0.8,253538000,257689000,0.073,233072784,229318316,184097000,0.95,0.94,0.859,-91642000,-115349500,-82887729,2017761808,8,8.657,158104000,1.113,1.106,505531000,0.143,404928000,69441000,546843000,930260000,11592000,9224000,0,9224000,1734292000,710460000,1023832000,1140495600,-12946000,0,0,16395000,-115072000,-66377000,-113243000,-7185000,165398000,1276000,135907000,135907000,122924234,33625000,1034000,0.038,406397000,99134000,485471000,0.931,-13.76,9.278,9.345,176720000,0,8.03,0.357,0.357,657441000,-1294987000,3534614000,3196963502,0,0.086,-1.178,0.273,0.072,1598000,306603000,1.0,142029340,142029340,,22.509,1237722000,11430000,48190000,6280000,8.715,114778000
JE,MRY,2015-12-31,2015-03-31,2015-03-31,2017-06-21,56393000,1298441000,1470545500,868332000,430109000,2.649,-4.444,-5769000,96276000,75952183,3295871000,-443704000,0.909,-3.033,676503000,23000,676480000,533693545,1573000,3579000,0,0.119,0.56,-401994000,-398415000,-0.102,-314309787,-317133261,-475674000,-3.07,-3.07,-2.422,-638822000,-365232000,-503966986,1545236995,-4,-4.916,90443000,0.629,1.268,600069000,0.154,348511000,73680000,574856000,560849500,5167000,9627000,0,9627000,1937263000,955301000,981962000,674194422,60348000,195510000,0,-71450000,-83041000,-176466000,133565000,0,96212000,7037000,-446785000,-446785000,-352468903,-132673000,3081000,-0.115,494055000,106014000,510470000,-0.231,-1.338,-1.913,-1.936,23815000,0,4.69,0.219,0.219,725049000,-1828495000,3895940000,3073508958,0,-0.304,1.223,-0.717,-0.103,7120000,379465000,1.0,143751476,143751476,,21.381,949930000,39692000,-28889000,13152000,6.608,-86969000
JE,MRY,2016-12-31,2016-03-31,2016-03-31,2017-06-21,69786000,1299789000,1299115000,877488000,422301000,3.161,-4.442,-6897000,135091000,103886266,3403572000,82494000,0.881,-2.996,660543000,0,660543000,507963862,22953000,3606000,0,0.069,0.41,136826000,140432000,0.034,107993546,105220498,64286000,0.44,0.43,0.338,-651087000,-644954500,-500692108,792978911,7,7.343,180209000,1.23,1.3,702288000,0.171,345873000,72540000,483164000,529010000,3068000,7049000,0,7049000,1950876000,996204000,954672000,870561505,48782000,0,0,-35591000,-74732000,-128213000,-6408000,0,187106000,-3703000,64604000,64604000,49681091,0,17890000,0.016,522227000,180061000,511276000,1.212,-1.739,17.523,17.555,25045000,0,5.94,0.276,0.276,603238000,-1859561000,4105860000,3157445473,0,0.05,-0.1,0.259,0.033,5348000,427679000,1.0,146559176,146559176,,21.544,953916000,51029000,-318000,9287000,6.509,-118716000
JE,MRY,2017-12-31,2017-03-31,2017-03-31,2017-06-21,70361000,1237955000,1268872000,816702000,421253000,2.961,-1.015,-8315000,60996000,45737852,3061083000,470883000,1.154,-9.29,498088000,0,498088000,373491301,17546000,6579000,0,0.061,0.38,567720000,574299000,0.153,430638122,425704859,489643000,3.02,2.42,2.265,-149326000,-400206500,-111972105,1323061452,3,3.072,142136000,0.966,1.334,695971000,0.185,357987000,78077000,609424000,546294000,12350000,41816000,26255000,15561000,1387281000,707636000,679645000,921370450,-70220000,-9388000,-6549000,-180595000,-76710000,-160774000,-58157000,-26255000,150451000,-1740000,446412000,446412000,334742051,0,24471000,0.119,479378000,216593000,486632000,0.168,-8.229,2.752,2.764,21682000,0,6.26,0.327,0.327,587904000,-1489900000,3757054000,2817227054,0,0.352,-1.115,1.039,0.151,6076000,394741000,1.0,147183778,147183778,,19.141,879968000,25999000,43231000,13913000,5.979,109066000
