ticker,dimension,calendardate,datekey,reportperiod,lastupdated,accoci,assets,assetsavg,assetsc,assetsnc,assetturnover,bvps,capex,cashneq,cashnequsd,cor,consolinc,currentratio,de,debt,debtc,debtnc,debtusd,deferredrev,depamor,deposits,divyield,dps,ebit,ebitda,ebitdamargin,ebitdausd,ebitusd,ebt,eps,epsdil,epsusd,equity,equityavg,equityusd,ev,evebit,evebitda,fcf,fcfps,fxusd,gp,grossmargin,intangibles,intexp,invcap,invcapavg,inventory,investments,investmentsc,investmentsnc,liabilities,liabilitiesc,liabilitiesnc,marketcap,ncf,ncfbus,ncfcommon,ncfdebt,ncfdiv,ncff,ncfi,ncfinv,ncfo,ncfx,netinc,netinccmn,netinccmnusd,netincdis,netincnci,netmargin,opex,opinc,payables,payoutratio,pb,pe,pe1,ppnenet,prefdivis,price,ps,ps1,receivables,retearn,revenue,revenueusd,rnd,roa,roe,roic,ros,sbcomp,sgna,sharefactor,sharesbas,shareswa,shareswadil,sps,tangibles,taxassets,taxexp,taxliabilities,tbvps,workingcapital
JKHY,MRY,2011-12-31,2011-06-30,2011-06-30,2018-05-07,0,1505797000,1425933500,353950000,1151847000,0.678,10.19,-59039000,63125000,63125000,567563000,137471000,0.93,0.712,154031000,26092000,127939000,154031000,295104000,90514000,0,0.013,0.4,216442000,306956000,0.317,306956000,216442000,207512000,1.6,1.59,1.6,879776000,831402250,879776000,2781032087,12,9.06,181093000,2.107,1.0,399334000,0.413,834086000,8930000,382106000,467221250,0,1000000,1000000,0,626021000,380511000,245510000,2590726087,-62393000,0,21832000,-229455000,-34391000,-243487000,-59038000,1000,240132000,0,137471000,137471000,137471000,0,0,0.142,183017000,216317000,12829000,0.25,2.945,18.846,18.756,270186000,0,30.01,2.679,2.668,207510000,827222000,966897000,966897000,63395000,0.096,0.165,0.463,0.224,4723000,119622000,1.0,86328760,85948000,86687000,11.25,671711000,17116000,70041000,104578000,7.78,-26561000
JKHY,MRY,2012-12-31,2012-06-30,2012-06-30,2018-05-07,0,1619492000,1502226750,468649000,1150843000,0.677,11.352,-79314000,157313000,157313000,598844000,152040000,1.165,0.647,131669000,25503000,106166000,131669000,296000000,94619000,0,0.013,0.44,232768000,327387000,0.322,327387000,232768000,227025000,1.76,1.74,1.76,983056000,953864250,983056000,3065193412,13,9.363,185236000,2.139,1.0,418823000,0.412,822246000,5743000,369359000,401496500,0,0,0,0,636436000,402243000,234193000,3013914412,94188000,0,-20045000,-35280000,-38128000,-94100000,-76262000,1000000,264550000,0,152040000,152040000,152040000,0,0,0.149,187231000,231592000,16317000,0.25,3.066,19.823,19.614,276730000,0,34.52,2.962,2.938,218305000,944078000,1017667000,1017667000,60876000,0.101,0.159,0.58,0.229,6950000,126355000,1.0,87309224,86599000,87287000,11.751,797246000,8476000,74985000,127188000,9.206,66406000
JKHY,MRY,2013-12-31,2013-06-30,2013-06-30,2018-05-07,0,1672386000,1602004750,456119000,1216267000,0.691,11.833,-97588000,127905000,127905000,646130000,167610000,1.05,0.646,15295000,7929000,7366000,15295000,439596000,100341000,0,0.012,0.56,251397000,351738000,0.318,351738000,251397000,245060000,1.95,1.94,1.95,1015816000,1039558500,1015816000,4009057746,15,11.398,211586000,2.459,1.0,461394000,0.417,822450000,6337000,303124000,363427750,0,0,0,0,656570000,434202000,222368000,4058472746,-29408000,0,-47651000,-145180000,-48202000,-241338000,-97244000,0,309174000,0,167610000,167610000,167610000,0,0,0.151,210637000,250757000,11701000,0.287,3.995,24.214,24.169,300511000,0,47.13,3.664,3.661,231263000,1016168000,1107524000,1107524000,63202000,0.105,0.161,0.692,0.227,8615000,147435000,1.0,86112301,86040000,86619000,12.872,849936000,6107000,77450000,115864000,9.9,21917000
JKHY,MRY,2014-12-31,2014-06-30,2014-06-30,2018-05-07,0,1680703000,1598115250,390506000,1290197000,0.734,11.553,-111667000,70377000,70377000,679372000,186715000,0.874,0.737,9136000,5407000,3729000,9136000,492868000,107771000,0,0.014,0.84,288675000,396446000,0.338,396446000,288675000,287570000,2.2,2.19,2.2,967387000,1083038750,967387000,4988249406,17,12.582,229992000,2.71,1.0,493801000,0.421,875407000,1105000,297246000,305126500,0,0,0,0,713316000,446809000,266507000,5025039406,-57528000,-27894000,-170806000,-22158000,-71251000,-267407000,-131780000,0,341659000,0,186715000,186715000,186715000,0,0,0.159,205503000,288298000,10516000,0.382,5.194,26.913,27.014,291675000,0,59.43,4.283,4.299,224041000,1131632000,1173173000,1173173000,66748000,0.117,0.172,0.946,0.246,10091000,138755000,1.0,84553919,84866000,85396000,13.824,805296000,7937000,100855000,127814000,9.617,-56303000
JKHY,MRY,2015-12-31,2015-06-30,2015-06-30,2018-05-07,0,1836835000,1658499750,493499000,1343336000,0.757,12.255,-145301000,148313000,148313000,720336000,211221000,1.112,0.853,52697000,2595000,50102000,52697000,531987000,118996000,0,0.015,0.94,318034000,437030000,0.348,437030000,318034000,316440000,2.6,2.59,2.6,991534000,970531250,991534000,5264873525,16,12.047,228489000,2.809,1.0,535854000,0.427,898149000,1594000,399459000,371266000,0,0,0,0,845301000,443611000,401690000,5240226525,77936000,8135000,-117168000,39217000,-76410000,-158870000,-136984000,0,373790000,0,211221000,211221000,211221000,0,0,0.168,224863000,310991000,9933000,0.362,5.285,24.809,24.885,296332000,0,64.7,4.172,4.19,245387000,1266443000,1256190000,1256190000,71495000,0.127,0.218,0.857,0.253,10112000,153368000,1.0,80992682,81353000,81601000,15.441,938686000,2753000,105219000,162800000,11.602,49888000
JKHY,MRY,2016-12-31,2016-06-30,2016-06-30,2018-05-07,0,1815512000,1735299000,431929000,1383583000,0.781,12.636,-164562000,70310000,70310000,773651000,248867000,0.973,0.822,200000,200000,0,200000,521054000,129648000,0,0.012,1.06,361966000,491614000,0.363,491614000,361966000,360536000,3.13,3.12,3.13,996210000,952958750,996210000,6930480641,19,14.097,201860000,2.542,1.0,580995000,0.429,914759000,1430000,386911000,431763250,0,0,0,0,819302000,443732000,375570000,6884268641,-78003000,25755000,-169254000,-52500000,-84118000,-308462000,-135963000,0,366422000,0,248867000,248867000,248867000,0,0,0.184,238827000,342168000,14596000,0.339,6.91,27.662,27.882,298564000,0,87.27,5.082,5.116,253923000,1431192000,1354646000,1354646000,81234000,0.143,0.261,0.838,0.267,10720000,157593000,1.0,78884710,79416000,79734000,17.058,900753000,15636000,111669000,188601000,11.425,-11803000
JKHY,MRY,2017-12-31,2017-06-30,2017-06-30,2018-05-07,0,1908945000,1761568750,520031000,1388914000,0.812,13.299,-148186000,114765000,114765000,819034000,245793000,1.104,0.85,50000000,0,50000000,50000000,511384000,139786000,0,0.011,1.18,367950000,507736000,0.355,507736000,367950000,366954000,3.16,3.14,3.16,1032051000,997041000,1032051000,8072755068,21,15.9,209136000,2.686,1.0,612083000,0.428,926608000,996000,446380000,436223500,0,0,0,0,876894000,471192000,405702000,8065671068,44455000,5632000,-123894000,49800000,-91707000,-171281000,-141586000,0,357322000,0,245793000,245793000,245793000,0,0,0.172,247651000,364432000,6841000,0.373,7.815,32.815,32.87,282934000,0,103.87,5.636,5.651,276923000,1585278000,1431117000,1431117000,84753000,0.14,0.247,0.843,0.257,11129000,162898000,1.0,77651594,77856000,78255000,18.382,982337000,20135000,121161000,219541000,12.659,48839000
