ticker,dimension,calendardate,datekey,reportperiod,lastupdated,accoci,assets,assetsavg,assetsc,assetsnc,assetturnover,bvps,capex,cashneq,cashnequsd,cor,consolinc,currentratio,de,debt,debtc,debtnc,debtusd,deferredrev,depamor,deposits,divyield,dps,ebit,ebitda,ebitdamargin,ebitdausd,ebitusd,ebt,eps,epsdil,epsusd,equity,equityavg,equityusd,ev,evebit,evebitda,fcf,fcfps,fxusd,gp,grossmargin,intangibles,intexp,invcap,invcapavg,inventory,investments,investmentsc,investmentsnc,liabilities,liabilitiesc,liabilitiesnc,marketcap,ncf,ncfbus,ncfcommon,ncfdebt,ncfdiv,ncff,ncfi,ncfinv,ncfo,ncfx,netinc,netinccmn,netinccmnusd,netincdis,netincnci,netmargin,opex,opinc,payables,payoutratio,pb,pe,pe1,ppnenet,prefdivis,price,ps,ps1,receivables,retearn,revenue,revenueusd,rnd,roa,roe,roic,ros,sbcomp,sgna,sharefactor,sharesbas,shareswa,shareswadil,sps,tangibles,taxassets,taxexp,taxliabilities,tbvps,workingcapital
JMBA,MRY,2011-12-31,2012-01-03,2012-01-03,2018-05-11,0,88293000,89030250,41071000,47222000,2.543,0.172,-7010000,20959000,20959000,49503000,-8298000,0.746,29.561,0,0,0,0,0,12463000,0,0.0,0.0,-8165000,4298000,0.019,4298000,-8165000,-8638000,-0.8,-0.8,-0.8,2304000,6186750,2304000,62315867,-7,14.499,-8090000,-0.61,1.0,176931000,0.781,1130000,473000,11174000,13980000,2228000,0,0,0,68109000,55030000,13079000,88563867,-9417000,0,314000,-1641000,0,-1327000,-7010000,0,-1080000,0,-8298000,-10629000,-10629000,0,0,-0.047,185255000,-8324000,4155000,0.0,38.439,-8.332,-8.25,44760000,2331000,6.6,0.391,0.387,13040000,-366791000,226434000,226434000,0,-0.119,-1.718,-0.584,-0.036,1256000,136758000,1.0,13418767,13262131,13262131,17.074,87163000,574000,-340000,0,6.488,-13959000
JMBA,MRY,2012-12-31,2013-01-01,2013-01-01,2018-05-11,0,93613000,88063750,51577000,42036000,2.598,0.878,-9934000,31691000,31691000,50215000,302000,0.837,5.303,0,0,0,0,0,10974000,0,0.0,0.0,674000,11648000,0.051,11648000,674000,457000,-0.13,-0.13,-0.13,13596000,9883000,13596000,141371015,209,12.137,536000,0.038,1.0,178574000,0.781,2748000,217000,-2460000,4744500,3143000,0,0,0,72101000,61634000,10467000,173227015,900000,0,822000,-158000,0,664000,-10234000,-300000,10470000,0,302000,-1879000,-1879000,0,0,-0.008,177961000,613000,8206000,0.0,12.741,-92.191,-86.154,38442000,2181000,11.2,0.757,0.692,11327000,-366489000,228789000,228789000,0,-0.021,-0.19,0.142,0.003,2550000,133330000,1.0,15466697,14139888,14139888,16.18,90865000,655000,155000,0,5.866,-10057000
JMBA,MRY,2013-12-31,2013-12-31,2013-12-31,2018-05-11,0,97916000,90541000,66402000,31514000,2.532,1.567,-9934000,32386000,32386000,52211000,2080000,1.073,2.648,0,0,0,0,0,10974000,0,0.0,0.0,1789000,12763000,0.056,12763000,1789000,1547000,0.09,0.09,0.09,26842000,26451500,26842000,183937029,102,14.412,536000,0.032,1.0,177038000,0.772,2355000,242000,1302000,6218750,2670000,0,0,0,71074000,61873000,9201000,212823029,900000,0,822000,-158000,0,664000,-10234000,-300000,10470000,0,1492000,904000,904000,0,0,0.004,174670000,2368000,5086000,0.0,7.929,235.424,138.111,27961000,588000,12.43,0.928,0.911,14110000,-364409000,229249000,229249000,0,0.01,0.034,0.288,0.008,2550000,129136000,1.0,17121724,16793235,17222030,13.651,95561000,483000,55000,0,5.578,4529000
JMBA,MRY,2014-12-31,2014-12-30,2014-12-30,2018-05-11,0,92489000,97525000,68955000,23534000,2.236,0.97,-14280000,17750000,17750000,52236000,-3589000,1.042,4.559,0,0,0,0,0,10084000,0,0.0,0.0,-3269000,6815000,0.031,6815000,-3269000,-3464000,-0.21,-0.21,-0.21,16614000,28685500,16614000,224175693,-68,32.894,-10737000,-0.624,1.0,165812000,0.76,3305000,195000,5234000,7039500,2300000,0,0,0,75744000,66200000,9544000,254609693,-14636000,-694000,-9439000,-31000,0,-8762000,-9417000,0,3543000,0,-3632000,-3632000,-3632000,0,43000,-0.017,169112000,-3300000,3926000,0.0,15.325,-70.102,-69.667,17988000,0,14.63,1.168,1.154,19218000,-368041000,218048000,218048000,0,-0.037,-0.127,-0.464,-0.015,3069000,126657000,1.0,17403260,17197904,17197904,12.679,89184000,474000,168000,0,5.205,2755000
JMBA,MRY,2015-12-31,2015-12-29,2015-12-29,2018-05-11,0,69616000,76880750,47157000,22459000,2.103,0.335,-7052000,19730000,19730000,33737000,9470000,0.848,12.948,0,0,0,0,0,6569000,0,0.0,0.0,10339000,16908000,0.105,16908000,10339000,10119000,0.6,0.58,0.6,4991000,10499250,4991000,182355288,17,10.785,-21662000,-1.372,1.0,127939000,0.791,2648000,220000,-8397000,393500,818000,0,0,0,64625000,55635000,8990000,207591288,1980000,-735000,-26225000,-30000,0,-25754000,42344000,0,-14610000,0,9418000,9418000,9418000,0,52000,0.058,117685000,10254000,3815000,0.0,41.593,22.042,23.0,15600000,0,13.8,1.284,1.348,21143000,-358623000,161676000,161676000,0,0.123,0.897,26.274,0.064,5162000,100555000,1.0,15042847,15787806,16228033,10.241,66968000,356000,701000,0,4.495,-8478000
JMBA,MRY,2016-12-31,2017-01-03,2017-01-03,2018-05-11,0,41620000,53479500,23704000,17916000,1.489,-0.896,-6807000,7133000,7133000,12601000,-22436000,0.51,-4.021,0,0,0,0,0,5749000,0,0.0,0.0,-21918000,-16169000,-0.203,-16169000,-21918000,-22357000,-1.47,-1.47,-1.47,-13777000,-2034000,-13777000,143486775,-6,-8.874,-13851000,-0.91,1.0,67022000,0.842,2510000,439000,-14480000,-9147000,534000,0,0,0,55397000,46457000,8940000,157743775,-12597000,0,1089000,-5000,0,1084000,-6637000,0,-7044000,0,-22436000,-22436000,-22436000,0,0,-0.282,89190000,-22168000,2749000,0.0,-11.45,-7.031,-7.0,12512000,0,10.29,1.981,1.968,14672000,-381059000,79623000,79623000,0,-0.42,11.03,2.396,-0.275,2579000,63489000,1.0,15329813,15229102,15229102,5.228,39110000,243000,79000,0,2.544,-22753000
JMBA,MRY,2017-12-31,2018-01-02,2018-01-02,2018-05-11,0,40648000,39417750,25690000,14958000,1.799,-0.935,-2291000,10030000,10030000,10231000,-2742000,0.538,-3.789,0,0,0,0,0,3549000,0,0.0,0.0,-3088000,461000,0.006,461000,-3088000,-3413000,-0.18,-0.18,-0.18,-14574000,-14810250,-14574000,108841398,-35,236.098,1781000,0.115,1.0,60695000,0.856,2392000,325000,-19487000,-19412500,465000,0,0,0,55222000,47713000,7509000,123098398,2897000,0,705000,-5000,0,700000,-1875000,0,4072000,0,-2742000,-2742000,-2742000,0,0,-0.039,63888000,-3193000,3279000,0.0,-8.446,-44.894,-44.611,10928000,0,8.03,1.736,1.756,10945000,-384101000,70926000,70926000,0,-0.07,0.185,0.159,-0.044,1240000,50400000,1.0,15329813,15513028,15513028,4.572,38256000,918000,-671000,0,2.454,-22023000
