ticker,dimension,calendardate,datekey,reportperiod,lastupdated,accoci,assets,assetsavg,assetsc,assetsnc,assetturnover,bvps,capex,cashneq,cashnequsd,cor,consolinc,currentratio,de,debt,debtc,debtnc,debtusd,deferredrev,depamor,deposits,divyield,dps,ebit,ebitda,ebitdamargin,ebitdausd,ebitusd,ebt,eps,epsdil,epsusd,equity,equityavg,equityusd,ev,evebit,evebitda,fcf,fcfps,fxusd,gp,grossmargin,intangibles,intexp,invcap,invcapavg,inventory,investments,investmentsc,investmentsnc,liabilities,liabilitiesc,liabilitiesnc,marketcap,ncf,ncfbus,ncfcommon,ncfdebt,ncfdiv,ncff,ncfi,ncfinv,ncfo,ncfx,netinc,netinccmn,netinccmnusd,netincdis,netincnci,netmargin,opex,opinc,payables,payoutratio,pb,pe,pe1,ppnenet,prefdivis,price,ps,ps1,receivables,retearn,revenue,revenueusd,rnd,roa,roe,roic,ros,sbcomp,sgna,sharefactor,sharesbas,shareswa,shareswadil,sps,tangibles,taxassets,taxexp,taxliabilities,tbvps,workingcapital
JOB,MRY,2011-12-31,2011-09-30,2011-09-30,2018-05-15,0,11496000,10059000,7108000,4388000,3.697,2.634,-84000,314000,314000,27405000,358000,1.161,1.449,1938000,1938000,0,1938000,0,713000,0,0.0,0.0,556000,1269000,0.034,1269000,556000,358000,0.2,0.2,0.2,4694000,4187500,4694000,7306425,13,5.758,-2374000,-1.291,1.0,9784000,0.263,3979000,198000,3020000,3613750,0,0,0,0,6802000,6121000,681000,4703425,-631000,-200000,5000,1938000,0,1943000,-284000,0,-2290000,0,358000,358000,358000,0,0,0.01,9378000,406000,485000,0.0,1.002,13.138,11.5,409000,0,2.3,0.126,0.114,6604000,-5337000,37189000,37189000,0,0.036,0.085,0.154,0.015,8000,8841000,1.0,2044967,1839400,1864800,20.218,7517000,0,0,0,4.217,987000
JOB,MRY,2012-12-31,2012-09-30,2012-09-30,2018-05-15,0,11199000,11533250,7382000,3817000,3.863,1.892,-261000,364000,364000,30731000,-1011000,1.079,1.728,2404000,2404000,0,2404000,0,546000,0,0.0,0.0,-807000,-261000,-0.006,-261000,-807000,-1011000,-0.5,-0.5,-0.5,4105000,4370750,4105000,16553788,-20,-63.424,-166000,-0.077,1.0,13822000,0.31,3310000,204000,3088000,3758750,0,0,0,0,7094000,6841000,253000,14104788,50000,-250000,0,466000,0,466000,-511000,0,95000,0,-1011000,-1011000,-1011000,109000,0,-0.023,14246000,-424000,173000,0.0,3.436,-13.951,-13.0,507000,0,6.5,0.317,0.317,6164000,-6348000,44553000,44553000,0,-0.088,-0.231,-0.215,-0.018,422000,13852000,1.0,2169967,2169900,2169900,20.532,7889000,0,0,0,3.636,541000
JOB,MRY,2013-12-31,2013-09-30,2013-09-30,2018-05-15,0,11232000,11427500,7712000,3520000,4.069,1.147,-191000,361000,361000,32318000,-1890000,0.908,3.299,3734000,3734000,0,3734000,0,485000,0,0.0,0.0,-1631000,-1146000,-0.025,-1146000,-1631000,-1882000,-0.9,-0.9,-0.9,2613000,3409500,2613000,8197925,-5,-7.154,-1262000,-0.574,1.0,14186000,0.305,2990000,251000,3122000,3407000,0,0,0,0,8619000,8493000,126000,5243925,-3000,-150000,0,1291000,0,1413000,-345000,0,-1071000,0,-1890000,-1890000,-1890000,324000,0,-0.041,15493000,-1307000,1015000,0.0,2.007,-2.775,-2.556,530000,0,2.3,0.113,0.109,6697000,-8238000,46504000,46504000,0,-0.165,-0.554,-0.479,-0.035,68000,15173000,1.0,2279967,2196900,2196900,21.168,8242000,0,8000,0,3.618,-781000
JOB,MRY,2014-12-31,2014-09-30,2014-09-30,2018-05-15,0,9844000,10228500,6725000,3119000,3.892,0.797,-146000,168000,168000,26417000,-1355000,0.881,3.767,2878000,2746000,132000,2878000,0,498000,0,0.0,0.0,-824000,-326000,-0.008,-326000,-824000,-1331000,-0.56,-0.56,-0.56,2065000,2058750,2065000,7343948,-8,-22.527,140000,0.057,1.0,13394000,0.336,2666000,507000,2254000,2614250,0,0,0,0,7779000,7634000,145000,4143948,-193000,-225000,470000,-578000,0,-108000,-371000,0,286000,0,-1355000,-1355000,-1355000,230000,0,-0.034,14035000,-641000,910000,0.0,2.007,-3.058,-2.857,453000,0,1.6,0.104,0.098,4907000,-9593000,39811000,39811000,0,-0.132,-0.658,-0.315,-0.021,118000,13679000,1.0,2589967,2436000,2436000,16.343,7178000,0,24000,0,2.771,-909000
JOB,MRY,2015-12-31,2015-09-30,2015-09-30,2018-05-15,0,26874000,16031250,13030000,13844000,2.706,4.71,-186000,5932000,5932000,30234000,-4662000,1.762,0.397,2850000,2850000,0,2850000,0,733000,0,0.0,0.0,-4118000,-3385000,-0.078,-3385000,-4118000,-4662000,-1.14,-1.14,-1.14,19237000,8263250,19237000,37622626,-9,-11.115,-836000,-0.205,1.0,13153000,0.303,13116000,544000,3282000,2627500,0,0,0,0,7637000,7394000,243000,35538626,5764000,-2576000,7948000,-598000,0,9176000,-2762000,0,-650000,0,-4662000,-4662000,-4662000,0,0,-0.107,14786000,-1633000,825000,0.0,1.847,-7.623,-3.506,706000,0,3.997,0.819,0.376,6156000,-14255000,43387000,43387000,0,-0.291,-0.564,-1.567,-0.095,529000,13789000,1.0,8891325,4084000,4084000,10.624,13758000,0,0,0,3.369,5636000
JOB,MRY,2016-12-31,2016-09-30,2016-09-30,2018-05-15,0,45926000,44707750,15597000,30329000,1.858,2.617,-120000,2528000,2528000,59445000,1173000,0.963,0.872,13339000,8358000,4981000,13339000,0,1867000,0,0.0,0.0,2778000,4645000,0.056,4645000,2778000,1176000,0.13,0.12,0.13,24533000,22913500,24533000,59853605,21,12.886,603000,0.065,1.0,23629000,0.284,29684000,1602000,10859000,8923500,0,0,0,0,21393000,16194000,5199000,49051605,-3404000,-9395000,0,5388000,0,5388000,-9515000,0,723000,0,1173000,1173000,1173000,0,0,0.014,22432000,1197000,2224000,0.0,1.999,41.817,40.231,611000,0,5.23,0.59,0.586,11569000,-13082000,83074000,83074000,0,0.026,0.051,0.311,0.033,793000,19863000,1.0,9378892,9313000,9891000,8.92,16242000,0,3000,0,1.732,-597000
JOB,MRY,2017-12-31,2017-09-30,2017-09-30,2018-05-15,0,141815000,93674250,28977000,112838000,1.441,2.435,-250000,2785000,2785000,90003000,-2372000,1.058,4.893,72265000,12562000,59703000,72265000,0,3953000,0,0.0,0.0,-2395000,1558000,0.012,1558000,-2395000,-8390000,-0.25,-0.25,-0.25,24063000,23689000,24063000,99274731,-41,63.719,-28000,-0.003,1.0,44975000,0.333,111642000,5995000,72264000,43023500,0,0,0,0,117752000,27389000,90363000,29142731,257000,-25356000,1000000,24641000,0,25641000,-25606000,0,222000,0,-2372000,-2372000,-2372000,0,0,-0.018,46376000,-1401000,3243000,0.0,1.211,-12.286,-11.8,914000,0,2.95,0.216,0.21,23178000,-15454000,134978000,134978000,0,-0.025,-0.1,-0.056,-0.018,902000,39498000,1.0,9878892,9630000,9630000,14.016,30173000,0,-6018000,958000,3.053,1588000
