ticker,dimension,calendardate,datekey,reportperiod,lastupdated,accoci,assets,assetsavg,assetsc,assetsnc,assetturnover,bvps,capex,cashneq,cashnequsd,cor,consolinc,currentratio,de,debt,debtc,debtnc,debtusd,deferredrev,depamor,deposits,divyield,dps,ebit,ebitda,ebitdamargin,ebitdausd,ebitusd,ebt,eps,epsdil,epsusd,equity,equityavg,equityusd,ev,evebit,evebitda,fcf,fcfps,fxusd,gp,grossmargin,intangibles,intexp,invcap,invcapavg,inventory,investments,investmentsc,investmentsnc,liabilities,liabilitiesc,liabilitiesnc,marketcap,ncf,ncfbus,ncfcommon,ncfdebt,ncfdiv,ncff,ncfi,ncfinv,ncfo,ncfx,netinc,netinccmn,netinccmnusd,netincdis,netincnci,netmargin,opex,opinc,payables,payoutratio,pb,pe,pe1,ppnenet,prefdivis,price,ps,ps1,receivables,retearn,revenue,revenueusd,rnd,roa,roe,roic,ros,sbcomp,sgna,sharefactor,sharesbas,shareswa,shareswadil,sps,tangibles,taxassets,taxexp,taxliabilities,tbvps,workingcapital
JOBS,MRY,2011-12-31,2011-12-31,2011-12-31,2018-03-30,1638000,2558036000,2273023000,2312891000,245145000,0.572,37.1,-58870000,787962000,124991116,370661000,386508000,5.134,0.215,0,0,0,0,0,28004000,0,0.0,0.0,467564000,495568000,0.381,78609879,74167722,467564000,6.81,6.54,1.08,2105575000,1880215500,333998557,994944394,13,12.657,438085000,7.719,6.304,929017000,0.715,4290000,0,1315295000,864576500,0,1270343000,1270343000,0,452461000,450489000,1972000,1184258710,-409189000,0,25912000,0,0,25912000,-923370000,-863400000,496955000,-8686000,386508000,386508000,61310147,0,0,0.297,487821000,441196000,61119000,0.0,3.546,19.316,19.412,192120000,0,20.97,5.744,5.773,43708000,1034739000,1299678000,206162486,0,0.17,0.206,0.541,0.36,37974000,487821000,1.0,56473949,56754240,59067424,3.633,2553746000,11128000,81056000,56595000,44.997,1862402000
JOBS,MRY,2012-12-31,2012-12-31,2012-12-31,2018-03-30,1629000,3241362000,2899699000,2887443000,353919000,0.499,46.357,-136760000,1137025000,182337483,405233000,470106000,5.036,0.216,0,0,0,0,0,28996000,0,0.0,0.0,565685000,594681000,0.411,95365217,90715313,565685000,8.17,7.92,1.31,2666028000,2385801500,427533990,1207023302,13,12.657,437800000,7.613,6.236,1042105000,0.72,3919000,0,1527069000,1421182000,0,1408845000,1408845000,0,575334000,573349000,1985000,1331938845,338858000,0,39818000,0,0,39818000,-275073000,-137184000,574560000,-447000,470106000,470106000,75387915,0,0,0.325,556560000,485545000,120711000,0.0,3.115,17.668,17.841,280657000,0,23.375,5.739,5.792,52688000,1505233000,1447338000,232100409,0,0.162,0.197,0.398,0.391,50538000,556560000,1.0,56981341,57510591,59375123,4.036,3237443000,8643000,95579000,67843000,56.293,2314094000
JOBS,MRY,2013-12-31,2013-12-31,2013-12-31,2018-03-30,1541000,4122991000,3682176500,3580622000,542369000,0.437,56.892,-222108000,1081032000,178218282,442454000,500640000,4.556,0.238,0,0,0,0,0,33691000,0,0.0,0.0,600948000,634639000,0.395,104626201,99071924,600948000,8.55,8.33,1.41,3331119000,2998573500,549166264,2067718947,20,19.763,524503000,8.958,6.066,1166214000,0.725,3652000,0,2252418000,1889743500,0,2081964000,2081964000,0,791872000,785889000,5983000,2250791147,-57014000,0,99681000,0,0,99681000,-896784000,-673119000,746611000,-6522000,500640000,500640000,82535207,0,0,0.311,677567000,488647000,235836000,0.0,4.099,27.271,27.633,519277000,0,38.95,8.487,8.599,62808000,2004361000,1608668000,265204034,0,0.136,0.167,0.318,0.374,64858000,677567000,1.0,57786679,58551925,60069197,4.529,4119339000,10389000,100308000,84083000,70.354,2794733000
JOBS,MRY,2014-12-31,2014-12-31,2014-12-31,2018-03-30,1532000,5581720000,4852355500,5045764000,535956000,0.378,59.751,-33287000,1111756000,179490110,496000000,438910000,5.234,0.598,1111207000,0,1111207000,179401475,0,48227000,0,0.0,0.0,551945000,600172000,0.328,96896206,89110082,551945000,7.51,7.35,1.212,3493946000,3412532500,564088480,1946054571,21,20.084,722327000,12.353,6.194,1336453000,0.729,7696000,0,4609501000,3430959500,0,3420650000,3420650000,0,2087774000,963974000,1123800000,2120314371,8553000,0,-89135000,1027955000,0,631220000,-1378142000,-1338244000,755614000,-139000,438910000,438910000,70860876,0,0,0.24,812840000,523613000,295137000,0.0,3.759,29.922,29.568,519558000,0,35.85,7.167,7.086,74670000,2440942000,1832453000,295844763,0,0.09,0.129,0.161,0.301,81380000,812840000,1.0,59144055,58475397,59691993,5.059,5574024000,10332000,113035000,122984000,95.323,4081790000
JOBS,MRY,2015-12-31,2015-12-31,2015-12-31,2018-03-30,2422000,6422262000,6001991000,5560298000,861964000,0.342,71.473,-86434000,1138411000,175374075,569979000,617797000,4.894,0.555,1108877000,0,1108877000,170824314,0,55948000,0,0.0,0.0,744358000,800306000,0.389,123288447,114669566,744358000,10.71,10.41,1.65,4125042000,3809494000,635469464,1738191915,15,14.099,778016000,13.48,6.491,1485241000,0.723,273499000,0,4983191000,4796346000,0,3848347000,3825547000,22800000,2288150000,1136038000,1152112000,1738280583,51256000,-231531000,-73796000,0,0,-73796000,-743682000,-419589000,864450000,4284000,618057000,618057000,95212691,0,-260000,0.301,917535000,567706000,382520000,0.0,2.735,18.257,17.856,559404000,0,29.46,5.49,5.37,97880000,3056552000,2055220000,316610001,0,0.103,0.162,0.155,0.362,85945000,917535000,1.0,59004772,57714850,62498651,5.486,6148763000,2428000,126301000,148947000,106.537,4424260000
JOBS,MRY,2016-12-31,2016-12-31,2016-12-31,2018-03-30,32282000,7735910000,7079086000,6719585000,1016325000,0.33,85.45,-20328000,1921463000,276676506,663001000,565187000,2.486,0.556,1257709000,1257709000,0,181100823,0,62776000,0,0.0,0.0,700677000,763453000,0.326,109931603,100892322,700677000,9.74,9.68,1.402,4967443000,4546242500,715275169,1987761430,19,18.082,1066549000,18.347,6.945,1675333000,0.716,291014000,0,4078120000,4530655500,0,4348335000,4159318000,189017000,2760188000,2703022000,57166000,1992328527,795722000,-8450000,160493000,0,0,160493000,-489328000,-433539000,1086877000,37680000,565978000,565978000,81496659,0,-791000,0.242,1063494000,611839000,530552000,0.0,2.785,24.447,24.1,526541000,0,33.8,5.917,5.836,111246000,3622402000,2338334000,336702856,0,0.08,0.124,0.155,0.3,86070000,1063494000,1.0,58944631,58132976,58474068,5.792,7444896000,765000,134699000,212952000,128.067,4016563000
JOBS,MRY,2017-12-31,2017-12-31,2017-12-31,2018-03-30,136947000,10023732000,8879821000,7878241000,2145491000,0.321,99.095,-23655000,2292725000,346563425,763440000,372763000,3.857,0.644,1667967000,0,1667967000,252126337,0,63667000,0,0.0,0.0,541382000,605049000,0.212,91457917,81834149,541382000,6.19,6.08,0.936,5954380000,5460911500,900051393,3558478451,43,38.908,1418048000,23.6,6.616,2085152000,0.732,1183478000,0,6172842000,5125481000,0,5273436000,4839550000,433886000,3831969000,2042654000,1789315000,3654796127,371402000,-734895000,424450000,0,0,424415000,-1434256000,-673719000,1441703000,-60460000,371889000,371889000,56213948,0,874000,0.131,1214392000,870760000,738973000,0.0,4.061,65.016,65.034,497845000,0,60.85,8.488,8.491,186861000,3993777000,2848592000,430587097,0,0.042,0.068,0.106,0.19,85968000,1214392000,1.0,60062385,60087306,61150413,7.166,8840254000,12912000,169493000,352082000,147.123,5835587000
