ticker,dimension,calendardate,datekey,reportperiod,lastupdated,accoci,assets,assetsavg,assetsc,assetsnc,assetturnover,bvps,capex,cashneq,cashnequsd,cor,consolinc,currentratio,de,debt,debtc,debtnc,debtusd,deferredrev,depamor,deposits,divyield,dps,ebit,ebitda,ebitdamargin,ebitdausd,ebitusd,ebt,eps,epsdil,epsusd,equity,equityavg,equityusd,ev,evebit,evebitda,fcf,fcfps,fxusd,gp,grossmargin,intangibles,intexp,invcap,invcapavg,inventory,investments,investmentsc,investmentsnc,liabilities,liabilitiesc,liabilitiesnc,marketcap,ncf,ncfbus,ncfcommon,ncfdebt,ncfdiv,ncff,ncfi,ncfinv,ncfo,ncfx,netinc,netinccmn,netinccmnusd,netincdis,netincnci,netmargin,opex,opinc,payables,payoutratio,pb,pe,pe1,ppnenet,prefdivis,price,ps,ps1,receivables,retearn,revenue,revenueusd,rnd,roa,roe,roic,ros,sbcomp,sgna,sharefactor,sharesbas,shareswa,shareswadil,sps,tangibles,taxassets,taxexp,taxliabilities,tbvps,workingcapital
JRJC,MRY,2011-12-31,2011-12-31,2011-12-31,2018-04-28,10927248,159976683,170033632,152000990,7975693,0.312,0.835,-725836,94502254,94502254,8770617,-19463955,2.455,0.76,19170891,19170891,0,19170891,24524377,3481973,0,0.0,0.0,-15140658,-11658685,-0.22,-11658685,-15140658,-15388476,-0.9,-0.9,-0.9,90941149,98420527,90941149,-78955057,5,6.772,-24512278,-0.225,1.0,44237448,0.835,0,247818,22741995,5195982,0,20266341,20266341,0,69140442,61903325,7237117,35927674,-42132386,0,22025,12716763,0,12738788,-32775996,-18538576,-23786442,1691264,-19326909,-19326909,-19326909,0,-137046,-0.365,63420374,-19182926,144496,0.0,0.395,-1.859,-1.8,6529819,0,1.62,0.678,3.33,14356481,-447002,53008065,53008065,13313635,-0.114,-0.196,-2.914,-0.286,1538802,32565431,0.2,110887883,108961642,108961642,0.486,159976683,1117381,3938433,180065,1.468,90097665
JRJC,MRY,2012-12-31,2012-12-31,2012-12-31,2018-04-28,11089820,121370995,140673839,106690317,14680678,0.21,0.734,-750881,69780280,69780280,8089394,-11960147,2.937,0.508,13546115,13546115,0,13546115,10706565,3062461,0,0.0,0.0,-10453869,-7391408,-0.25,-7391408,-10453869,-10971489,-0.55,-0.55,-0.55,79965183,85453166,79965183,-50038095,4,6.77,-29793813,-0.273,1.0,21510092,0.727,7724518,517620,21081785,21911890,0,4647395,3845193,802202,40654444,36330527,4323917,25293267,-23735096,-2834434,3200,-5672004,0,-5668804,10960855,16066713,-29042932,15785,-11855207,-11855207,-11855207,0,-104940,-0.401,35194968,-13684876,804851,0.0,0.316,-2.134,-2.073,4914114,0,1.14,0.855,4.197,20024758,-12302209,29599486,29599486,10735570,-0.084,-0.139,-0.477,-0.353,802725,24459398,0.2,110935383,108983249,108983249,0.272,113646477,592399,883718,1396592,1.043,70359790
JRJC,MRY,2013-12-31,2013-12-31,2013-12-31,2018-04-28,12285615,133492735,127431865,95879882,37612853,0.414,0.695,-692979,36374896,36374896,10570070,-8173890,2.446,0.568,0,0,0,0,8136196,2164992,0,0.0,0.0,-8276612,-6111620,-0.116,-6111620,-8276612,-8473070,-0.4,-0.4,-0.4,75770897,77868040,75770897,83347706,-10,-13.638,-534323,-0.005,1.0,42168007,0.8,24519199,196458,33395422,27238603,0,11472019,10333120,1138899,43075486,39203218,3872268,139581871,-4535046,-3627963,640,-13536161,0,-12137905,7577511,-16805628,158656,-133308,-8573128,-8573128,-8573128,0,399238,-0.163,54830665,-12662658,12572723,0.0,1.842,-16.281,-15.725,3868267,0,6.29,2.647,13.003,34751383,-20875337,52738077,52738077,9032327,-0.067,-0.11,-0.304,-0.157,3035122,45798338,0.2,110955383,109019513,109019513,0.484,108973536,1208701,100058,2670739,1.0,56676664
JRJC,MRY,2014-12-31,2014-12-31,2014-12-31,2018-04-28,12064338,113903358,123698046,92214207,21689151,0.677,0.591,-3176382,32544011,32544011,20352729,-10630728,2.53,0.594,0,0,0,0,6308694,1973423,0,0.0,0.0,-6641624,-4668201,-0.056,-4668201,-6641624,-6653935,-0.35,-0.35,-0.35,64615364,70193130,64615364,81884057,-12,-17.541,-2004246,-0.018,1.0,63343156,0.757,9275060,12311,35641407,34518414,0,11513417,10295800,1217617,38361922,36442880,1919042,118258953,-3832437,-3579168,654069,0,0,-371719,-4598163,2157387,1172136,-34691,-7167849,-7167849,-7167849,0,-3462879,-0.086,82453115,-19109959,9852491,0.0,1.83,-16.499,-15.2,4862949,0,5.32,1.413,6.953,27985236,-28043186,83695885,83695885,11147873,-0.058,-0.102,-0.192,-0.079,4698953,61353592,0.2,111145633,109385712,109385712,0.765,104628298,997621,513914,1440787,0.957,55771327
JRJC,MRY,2015-12-31,2015-12-31,2015-12-31,2018-04-28,8597295,144065157,128984257,120734896,23330261,0.833,0.793,-3350260,85734048,85734048,19738737,26817688,2.759,0.509,0,0,0,0,7350611,1649136,0,0.0,0.0,23867192,25516328,0.238,25516328,23867192,23866678,1.0,0.9,1.0,88038371,76326867,88038371,107079061,4,4.196,16466720,0.148,1.0,87666029,0.816,8239154,514,6333028,20987217,0,1782661,0,1782661,44835732,43758927,1076805,139623072,53195535,13849662,469393,0,0,-5592080,40557824,30412706,19816980,-1587189,22482416,22482416,22482416,0,4335272,0.209,75456984,12209045,5493728,0.0,1.586,6.21,6.21,5789534,0,6.21,1.3,6.418,16375131,-5560770,107404766,107404766,10738730,0.174,0.295,1.137,0.222,6056033,64467894,0.2,112417933,110997871,125129763,0.968,135826003,989714,1384262,2168362,1.224,76975969
JRJC,MRY,2016-12-31,2016-12-31,2016-12-31,2018-04-28,4253643,167623826,155844491,148461165,19162661,0.533,0.761,-4582483,68634996,68634996,20380258,-10966178,1.749,0.996,0,0,0,0,7135481,2039791,0,0.0,0.0,2484065,4523856,0.054,4523856,2484065,2481790,-0.05,-0.05,-0.05,86164684,87101527,86164684,-231082,0,-0.051,-25924775,-0.229,1.0,62677638,0.755,505624,2275,13589318,9961173,0,19005294,16443831,2561463,85829016,84893888,935128,85502965,-19582609,18112000,142618,0,0,9702412,-3318921,-16848438,-21342292,-4623808,-1678813,-1678813,-1678813,0,-9287365,-0.02,92176223,-29498585,8745868,0.0,0.992,-50.931,-72.4,7398133,0,3.62,1.029,4.934,21967504,-7239583,83057896,83057896,14485444,-0.011,-0.019,0.249,0.03,5575877,69919939,0.2,118098018,113213912,113213912,0.734,167118202,1402443,4160603,3828239,1.476,63567277
JRJC,MRY,2017-12-31,2017-12-31,2017-12-31,2018-04-28,6654191,114603853,141113839,101617132,12986721,0.302,0.476,-2472409,40728505,40728505,21933678,-42388437,1.483,1.275,0,0,0,0,9514994,2105158,0,0.0,0.0,-36408933,-34303775,-0.805,-34303775,-36408933,-36412137,-1.6,-1.6,-1.6,54046682,70105683,54046682,-5334458,0,0.156,-28795670,-0.253,1.0,20688972,0.485,204467,3204,5159384,9374351,0,3064193,532912,2531281,68892242,68511497,380745,63300537,-27458568,1576467,26786,0,0,-19056395,15832444,16728386,-26323261,2088644,-36736553,-36736553,-36736553,0,-5651884,-0.862,61217496,-40528524,9461921,0.0,1.171,-1.723,-1.675,6885261,0,2.68,1.485,7.143,16988454,-43976136,42622650,42622650,16208000,-0.26,-0.524,-3.884,-0.854,3068213,44717679,0.2,118098018,113601949,113601949,0.375,114399386,1620286,324416,553316,1.007,33105635
