ticker,dimension,calendardate,datekey,reportperiod,lastupdated,accoci,assets,assetsavg,assetsc,assetsnc,assetturnover,bvps,capex,cashneq,cashnequsd,cor,consolinc,currentratio,de,debt,debtc,debtnc,debtusd,deferredrev,depamor,deposits,divyield,dps,ebit,ebitda,ebitdamargin,ebitdausd,ebitusd,ebt,eps,epsdil,epsusd,equity,equityavg,equityusd,ev,evebit,evebitda,fcf,fcfps,fxusd,gp,grossmargin,intangibles,intexp,invcap,invcapavg,inventory,investments,investmentsc,investmentsnc,liabilities,liabilitiesc,liabilitiesnc,marketcap,ncf,ncfbus,ncfcommon,ncfdebt,ncfdiv,ncff,ncfi,ncfinv,ncfo,ncfx,netinc,netinccmn,netinccmnusd,netincdis,netincnci,netmargin,opex,opinc,payables,payoutratio,pb,pe,pe1,ppnenet,prefdivis,price,ps,ps1,receivables,retearn,revenue,revenueusd,rnd,roa,roe,roic,ros,sbcomp,sgna,sharefactor,sharesbas,shareswa,shareswadil,sps,tangibles,taxassets,taxexp,taxliabilities,tbvps,workingcapital
KAI,MRY,2011-12-31,2011-12-31,2011-12-31,2018-05-09,-7955000,358398000,359620500,174291000,184107000,0.933,18.931,-5670000,47650000,47650000,190247000,33849000,1.819,0.606,12250000,500000,11750000,12250000,4441000,7936000,18627000,0.0,0.0,38926000,46862000,0.14,46862000,38926000,37860000,2.77,2.74,2.77,222480000,222898250,222480000,238934384,6,5.099,28645000,2.363,1.0,145213000,0.433,135012000,1066000,92194000,119823500,50527000,0,0,0,134768000,95792000,38976000,269598384,19460000,-15694000,-15698000,-11017000,0,-27044000,-21885000,-579000,34315000,-241000,33575000,33575000,33575000,0,274000,0.1,106503000,38710000,28624000,0.0,1.212,8.03,8.162,40095000,0,22.61,0.804,0.817,62736000,198706000,335460000,335460000,5717000,0.093,0.151,0.325,0.116,3934000,102660000,1.0,11923856,12124000,12261000,27.669,223386000,0,4285000,10204000,19.008,78499000
KAI,MRY,2012-12-31,2012-12-29,2012-12-29,2018-05-09,-3315000,358948000,358592750,175593000,183355000,0.925,21.699,-3447000,54553000,54553000,185949000,31821000,2.332,0.438,6875000,625000,6250000,6875000,3918000,8384000,14811000,0.0,0.0,37308000,45692000,0.138,45692000,37308000,36475000,2.76,2.73,2.76,248583000,238482750,248583000,255708460,6,5.596,25661000,2.24,1.0,145802000,0.439,134042000,833000,101936000,122981250,42077000,0,0,0,108981000,75292000,33689000,297239460,36711000,85000,-14133000,-6019000,0,-19320000,-3365000,0,29108000,1180000,31623000,31623000,31623000,0,198000,0.095,109358000,36444000,23124000,0.0,1.196,9.399,9.514,39168000,0,26.26,0.896,0.907,62159000,230329000,331751000,331751000,5950000,0.088,0.133,0.303,0.112,4766000,103101000,1.0,11319096,11456000,11590000,28.959,224906000,0,4852000,8793000,19.632,100301000
KAI,MRY,2013-12-31,2013-12-28,2013-12-28,2018-05-09,710000,442168000,397763500,206288000,235880000,0.866,24.164,-2802000,50200000,50200000,186795000,23648000,2.067,0.637,38635000,625000,38010000,38635000,0,9775000,28174000,0.009,0.38,33635000,43410000,0.126,43410000,33635000,32735000,2.1,2.07,2.1,269496000,258615000,269496000,395862781,11,9.119,37274000,3.342,1.0,157704000,0.458,179765000,900000,151036000,139514250,62805000,0,0,0,171747000,99802000,71945000,454529781,35555000,-65594000,-5030000,31606000,-4189000,22570000,-68156000,-731000,40076000,989000,23419000,23419000,23419000,0,229000,0.068,124401000,33303000,28388000,0.181,1.687,19.409,19.424,44885000,0,40.79,1.319,1.321,73950000,248170000,344499000,344499000,6717000,0.059,0.091,0.241,0.098,5216000,117581000,1.0,11143167,11153000,11340000,30.888,262403000,10361000,9316000,17457000,23.528,106486000
KAI,MRY,2014-12-31,2015-01-03,2015-01-03,2018-05-09,-17146000,413747000,425125000,183674000,230073000,0.946,24.305,-6513000,45793000,45793000,223754000,29048000,2.107,0.561,25861000,611000,25250000,25861000,0,11189000,18452000,0.014,0.58,42072000,53261000,0.132,53261000,42072000,41106000,2.61,2.56,2.61,264291000,268059500,264291000,442666677,10,8.311,44602000,4.059,1.0,178373000,0.444,174836000,966000,131809000,139436250,55223000,0,0,0,148288000,87170000,61118000,461385677,46461000,-11984000,-14017000,-12441000,-6339000,-34568000,-18497000,0,51115000,-2704000,28659000,28659000,28659000,0,389000,0.071,136287000,42086000,27233000,0.222,1.746,16.099,16.238,44965000,0,42.38,1.147,1.158,63944000,270249000,402127000,402127000,6163000,0.067,0.107,0.302,0.105,5042000,129319000,1.0,10886873,10988000,11210000,36.597,238911000,9536000,12447000,21200000,21.971,96504000
KAI,MRY,2015-12-31,2016-01-02,2016-01-02,2018-05-09,-36972000,415498000,415337000,205120000,210378000,0.939,24.759,-5449000,66936000,66936000,209982000,34683000,2.123,0.553,31250000,5250000,26000000,31250000,0,10821000,20123000,0.016,0.66,50099000,60920000,0.156,60920000,50099000,49151000,3.16,3.1,3.16,266609000,262441000,266609000,410276962,8,6.735,34923000,3.214,1.0,180125000,0.462,157083000,948000,126101000,135760000,56758000,0,0,0,147553000,96628000,50925000,437767962,60524000,0,-9152000,5389000,-7179000,-13626000,-5449000,0,40372000,-1145000,34389000,34389000,34389000,0,294000,0.088,130006000,50119000,24418000,0.209,1.642,12.73,12.851,42293000,0,40.61,1.122,1.131,70901000,297258000,390107000,390107000,6677000,0.083,0.131,0.369,0.128,4860000,122814000,1.0,10779807,10867000,11094000,35.898,258415000,0,14762000,14325000,23.998,108492000
KAI,MRY,2016-12-31,2016-12-31,2016-12-31,2018-05-09,-49637000,470691000,473302750,207350000,263341000,0.875,25.896,-5376000,73569000,73569000,225737000,32469000,2.332,0.66,66411000,643000,65768000,66411000,1271000,14326000,21168000,0.012,0.74,45453000,59779000,0.144,59779000,45453000,44160000,2.95,2.88,2.95,282629000,281467500,282629000,666024883,14,11.141,45627000,4.198,1.0,188389000,0.455,204185000,1293000,170435000,175660250,54951000,0,0,0,186412000,88913000,97499000,667982883,56960000,-56617000,2350000,32590000,-8038000,22666000,-61993000,0,51003000,-5714000,32077000,32077000,32077000,0,392000,0.077,142816000,45573000,23929000,0.251,2.363,20.824,20.746,47704000,0,61.2,1.613,1.606,69031000,321050000,414126000,414126000,7380000,0.068,0.114,0.259,0.11,5069000,135753000,1.0,10914753,10869000,11149000,38.102,266506000,0,12083000,14631000,24.419,118437000
KAI,MRY,2017-12-31,2017-12-30,2017-12-30,2018-05-09,-26715000,761094000,638098500,266023000,495071000,0.807,30.074,-17151000,76846000,76846000,283999000,31583000,2.012,1.295,242080000,696000,241384000,242080000,7316000,19375000,30103000,0.008,0.82,60709000,80084000,0.155,80084000,60709000,57162000,2.83,2.75,2.83,330991000,315830000,330991000,1292545028,21,16.14,48013000,4.368,1.0,231034000,0.449,401037000,3547000,393061000,301446750,84933000,0,0,0,428590000,132230000,296360000,1105135028,69102000,-204731000,0,163066000,-9011000,151356000,-221882000,0,65164000,9300000,31092000,31092000,31092000,0,491000,0.06,170281000,60753000,35461000,0.29,3.339,35.544,35.477,79723000,0,100.4,2.146,2.143,91998000,342893000,515033000,515033000,9563000,0.049,0.098,0.201,0.118,5803000,160515000,1.0,11007321,10991000,11312000,46.86,360057000,0,26070000,29085000,32.715,133793000
