ticker,dimension,calendardate,datekey,reportperiod,lastupdated,accoci,assets,assetsavg,assetsc,assetsnc,assetturnover,bvps,capex,cashneq,cashnequsd,cor,consolinc,currentratio,de,debt,debtc,debtnc,debtusd,deferredrev,depamor,deposits,divyield,dps,ebit,ebitda,ebitdamargin,ebitdausd,ebitusd,ebt,eps,epsdil,epsusd,equity,equityavg,equityusd,ev,evebit,evebitda,fcf,fcfps,fxusd,gp,grossmargin,intangibles,intexp,invcap,invcapavg,inventory,investments,investmentsc,investmentsnc,liabilities,liabilitiesc,liabilitiesnc,marketcap,ncf,ncfbus,ncfcommon,ncfdebt,ncfdiv,ncff,ncfi,ncfinv,ncfo,ncfx,netinc,netinccmn,netinccmnusd,netincdis,netincnci,netmargin,opex,opinc,payables,payoutratio,pb,pe,pe1,ppnenet,prefdivis,price,ps,ps1,receivables,retearn,revenue,revenueusd,rnd,roa,roe,roic,ros,sbcomp,sgna,sharefactor,sharesbas,shareswa,shareswadil,sps,tangibles,taxassets,taxexp,taxliabilities,tbvps,workingcapital
KEQU,MRY,2011-12-31,2011-04-30,2011-04-30,2018-03-10,-4930000,63058000,60103000,42379000,20679000,1.664,12.215,-5247000,2955000,2955000,80719000,2098000,2.091,0.954,10574000,6871000,3703000,10574000,1108000,2487000,0,0.036,0.4,2913000,5400000,0.054,5400000,2913000,2714000,0.72,0.72,0.72,31491000,31179750,31491000,30666797,10,5.679,-3976000,-1.544,1.0,19284000,0.193,0,199000,50413000,46949000,10466000,0,0,0,30042000,20264000,9778000,28618797,680000,0,34000,5501000,-1030000,4505000,-5256000,0,1271000,160000,1850000,1850000,1850000,0,248000,0.018,16127000,3157000,9770000,0.556,0.909,15.47,15.417,16575000,0,11.1,0.286,0.286,27346000,29218000,100003000,100003000,0,0.031,0.059,0.062,0.029,225000,16127000,1.0,2578270,2575000,2585000,38.836,63058000,830000,864000,0,24.46,22115000
KEQU,MRY,2012-12-31,2012-04-30,2012-04-30,2018-03-10,-7176000,63361000,61413500,42823000,20538000,1.675,11.443,-1435000,6892000,6892000,83691000,1800000,2.2,1.074,10519000,7052000,3467000,10519000,587000,2664000,0,0.047,0.4,2215000,4879000,0.047,4879000,2215000,1770000,0.4,0.4,0.4,29511000,30437000,29511000,27755595,12,5.689,5488000,2.128,1.0,19156000,0.186,0,445000,47523000,48610000,11760000,0,0,0,31703000,19465000,12238000,22157595,3786000,0,0,-55000,-1031000,-1086000,-1586000,0,6923000,-465000,1031000,1031000,1031000,0,769000,0.01,16443000,2713000,8848000,1.0,0.751,21.491,21.475,15346000,0,8.59,0.215,0.215,22469000,29218000,102847000,102847000,0,0.017,0.034,0.046,0.022,261000,16443000,1.0,2579464,2579000,2580000,39.879,63361000,2369000,739000,0,24.568,23358000
KEQU,MRY,2013-12-31,2013-04-30,2013-04-30,2018-03-10,-7327000,68742000,65263000,47230000,21512000,1.795,12.23,-2405000,6502000,6502000,94863000,3681000,2.136,1.106,10464000,7197000,3267000,10464000,488000,2653000,0,0.031,0.4,4946000,7599000,0.065,7599000,4946000,4584000,1.18,1.17,1.18,31676000,30690500,31676000,35148579,7,4.625,1422000,0.55,1.0,22258000,0.19,0,362000,50589000,47489750,13203000,0,0,0,35049000,22115000,12934000,33818579,-377000,0,116000,-55000,-1035000,-1718000,-2392000,0,3827000,-94000,3044000,3044000,3044000,0,637000,0.026,16981000,5277000,10406000,0.339,1.068,11.11,11.059,15098000,0,13.05,0.289,0.288,25884000,31191000,117121000,117121000,0,0.047,0.099,0.104,0.042,239000,16981000,1.0,2591462,2587000,2600000,45.273,68742000,2895000,1540000,0,26.541,25115000
KEQU,MRY,2014-12-31,2014-04-30,2014-04-30,2018-03-10,-6273000,62717000,64195500,43353000,19364000,1.732,12.991,-2021000,6616000,6616000,89134000,4003000,2.682,0.839,7763000,3571000,4192000,7763000,137000,2549000,0,0.026,0.43,6251000,8800000,0.079,8800000,6251000,5878000,1.49,1.48,1.49,33959000,31934500,33959000,45380262,7,5.157,6048000,2.319,1.0,22032000,0.198,0,373000,47701000,49079500,11938000,0,0,0,28493000,16163000,12330000,43827262,437000,0,92000,-2701000,-1122000,-5549000,-1698000,0,8069000,-385000,3895000,3895000,3895000,0,108000,0.035,16068000,5964000,8542000,0.289,1.291,11.252,11.242,14570000,0,16.75,0.394,0.393,23473000,32090000,111166000,111166000,0,0.061,0.122,0.127,0.056,238000,16068000,1.0,2616553,2608000,2634000,42.625,62717000,2031000,1983000,0,23.993,27190000
KEQU,MRY,2015-12-31,2015-04-30,2015-04-30,2018-03-10,-7880000,69490000,66728750,48762000,20728000,1.781,13.266,-2568000,5320000,5320000,97062000,3640000,2.316,0.983,9147000,5376000,3771000,9147000,216000,2615000,0,0.03,0.47,5599000,8214000,0.069,8214000,5599000,5274000,1.34,1.33,1.34,34876000,35391500,34876000,40486898,7,4.929,-277000,-0.105,1.0,21766000,0.183,0,325000,52262000,48449250,12745000,0,0,0,34291000,21055000,13236000,41540898,-3204000,0,33000,1384000,-1234000,-743000,-4476000,0,2291000,-276000,3529000,3529000,3529000,0,111000,0.03,16540000,5226000,11232000,0.351,1.191,11.771,11.793,14523000,0,15.802,0.35,0.349,29106000,34385000,118828000,118828000,0,0.053,0.1,0.116,0.047,196000,16540000,1.0,2628838,2626000,2658000,45.251,69490000,3324000,1745000,0,26.432,27707000
KEQU,MRY,2016-12-31,2016-04-30,2016-04-30,2018-03-10,-7626000,72405000,71379500,50957000,21448000,1.802,14.243,-2187000,6789000,6789000,104918000,3877000,2.432,0.885,7588000,4239000,3349000,7588000,785000,2592000,0,0.031,0.51,5970000,8562000,0.067,8562000,5970000,5664000,1.43,1.42,1.43,38242000,36622500,38242000,49147177,8,5.74,5084000,1.906,1.0,23708000,0.184,0,306000,52254000,53520000,15626000,0,0,0,33853000,20950000,12903000,44886177,2178000,0,479000,-1559000,-1361000,-3404000,-1478000,0,7271000,-211000,3802000,3802000,3802000,0,75000,0.03,18010000,5698000,11722000,0.357,1.174,11.806,11.692,14118000,0,16.72,0.349,0.347,27835000,36826000,128626000,128626000,0,0.053,0.104,0.112,0.046,192000,18010000,1.0,2684580,2667000,2687000,48.229,72405000,3392000,1862000,0,26.966,30007000
KEQU,MRY,2017-12-31,2017-04-30,2017-04-30,2018-03-10,-6319000,80916000,77630750,59812000,21104000,1.785,15.818,-2611000,13941000,13941000,111951000,4620000,2.221,0.878,6940000,4509000,2431000,6940000,5806000,2702000,0,0.025,0.58,6933000,9635000,0.07,9635000,6933000,6641000,1.67,1.66,1.67,42883000,40720000,42883000,60544723,8,6.284,9051000,3.346,1.0,26607000,0.192,0,292000,46988000,51810000,14935000,0,0,0,37659000,26927000,10732000,62103723,7284000,0,190000,-648000,-1570000,-2084000,-2479000,0,11662000,185000,4515000,4515000,4515000,0,105000,0.033,20065000,6542000,11995000,0.347,1.448,13.755,13.713,14027000,0,22.9,0.448,0.447,29889000,39771000,138558000,138558000,0,0.058,0.111,0.134,0.05,199000,20065000,1.0,2711953,2705000,2726000,51.223,80916000,3158000,2126000,0,29.847,32885000
