ticker,dimension,calendardate,datekey,reportperiod,lastupdated,accoci,assets,assetsavg,assetsc,assetsnc,assetturnover,bvps,capex,cashneq,cashnequsd,cor,consolinc,currentratio,de,debt,debtc,debtnc,debtusd,deferredrev,depamor,deposits,divyield,dps,ebit,ebitda,ebitdamargin,ebitdausd,ebitusd,ebt,eps,epsdil,epsusd,equity,equityavg,equityusd,ev,evebit,evebitda,fcf,fcfps,fxusd,gp,grossmargin,intangibles,intexp,invcap,invcapavg,inventory,investments,investmentsc,investmentsnc,liabilities,liabilitiesc,liabilitiesnc,marketcap,ncf,ncfbus,ncfcommon,ncfdebt,ncfdiv,ncff,ncfi,ncfinv,ncfo,ncfx,netinc,netinccmn,netinccmnusd,netincdis,netincnci,netmargin,opex,opinc,payables,payoutratio,pb,pe,pe1,ppnenet,prefdivis,price,ps,ps1,receivables,retearn,revenue,revenueusd,rnd,roa,roe,roic,ros,sbcomp,sgna,sharefactor,sharesbas,shareswa,shareswadil,sps,tangibles,taxassets,taxexp,taxliabilities,tbvps,workingcapital
KIRK,MRY,2011-12-31,2012-01-28,2012-01-28,2018-04-03,0,202589000,196955750,139870000,62719000,2.185,6.18,-26652000,83123000,83123000,261091000,19115000,3.005,0.722,0,0,0,0,0,12410000,0,0.0,0.0,30671000,43081000,0.1,43081000,30671000,30570000,0.97,0.95,0.97,117662000,119972250,117662000,217611504,7,5.051,15113000,0.767,1.0,169194000,0.393,0,101000,72923000,76771000,47306000,0,0,0,84927000,46543000,38384000,277954504,-8099000,0,-23378000,0,0,-23212000,-26652000,0,41765000,0,19115000,19115000,19115000,0,0,0.044,138689000,30505000,21592000,0.0,2.362,14.541,14.732,60315000,0,14.29,0.646,0.654,0,-32690000,430285000,430285000,0,0.097,0.159,0.4,0.071,1936000,126279000,1.0,19450980,19707000,20227000,21.834,202589000,2765000,11455000,3146000,10.641,93327000
KIRK,MRY,2012-12-31,2013-02-02,2013-02-02,2018-04-03,0,209236000,195677500,129178000,80058000,2.291,6.915,-31373000,67797000,67797000,279749000,13795000,2.936,0.775,0,0,0,0,0,13175000,0,0.0,0.0,21781000,34956000,0.078,34956000,21781000,21494000,0.79,0.77,0.79,117875000,110208500,117875000,159070365,7,4.551,974000,0.056,1.0,168616000,0.376,0,287000,97436000,96038750,49577000,0,0,0,91361000,44003000,47358000,193409365,-15326000,0,-16622000,0,0,-16300000,-31373000,0,32347000,0,13795000,13795000,13795000,0,0,0.031,147088000,21528000,21642000,0.0,1.641,14.02,14.342,78499000,0,11.33,0.431,0.441,0,-35494000,448365000,448365000,0,0.07,0.125,0.227,0.049,2666000,133913000,1.0,17070553,17463000,17856000,25.675,209236000,1602000,7699000,4480000,12.275,85175000
KIRK,MRY,2013-12-31,2014-02-01,2014-02-01,2018-04-03,0,235448000,218773000,153281000,82167000,2.105,7.817,-17954000,89050000,89050000,279747000,14530000,2.911,0.741,0,0,0,0,0,15947000,0,0.0,0.0,24233000,40180000,0.087,40180000,24233000,23959000,0.84,0.82,0.84,135229000,124959500,135229000,271063030,11,6.746,21259000,1.235,1.0,180816000,0.393,0,274000,93751000,101740000,52637000,0,0,0,100219000,52647000,47572000,325697030,21253000,0,267000,0,0,-6000,-17954000,0,39213000,0,14530000,14530000,14530000,0,0,0.032,156824000,23992000,23102000,0.0,2.408,22.415,22.417,80329000,0,18.83,0.707,0.704,0,-20964000,460563000,460563000,0,0.066,0.116,0.238,0.053,2421000,140877000,1.0,17296709,17207000,17685000,26.766,235448000,2777000,9429000,9212000,13.61,100634000
KIRK,MRY,2014-12-31,2015-01-31,2015-01-31,2018-04-03,0,260487000,240434750,167329000,93158000,2.111,8.809,-29647000,99138000,99138000,304724000,17814000,2.916,0.724,0,0,0,0,0,18639000,0,0.0,0.0,29095000,47734000,0.094,47734000,29095000,28820000,1.03,1.0,1.03,151062000,140273750,151062000,342357566,11,7.172,14841000,0.86,1.0,202897000,0.4,0,275000,103969000,113068250,55775000,0,0,0,109425000,57380000,52045000,398999566,10088000,0,-4505000,0,0,-4753000,-29647000,0,44488000,0,17814000,17814000,17814000,0,0,0.035,174256000,28641000,24705000,0.0,2.641,22.398,22.592,90992000,0,23.27,0.786,0.791,0,-7953000,507621000,507621000,0,0.074,0.127,0.257,0.057,2673000,155617000,1.0,17146522,17262000,17793000,29.407,260487000,3538000,11006000,9786000,15.191,109949000
KIRK,MRY,2015-12-31,2016-01-30,2016-01-30,2018-04-03,0,235256000,242003750,127780000,107476000,2.321,7.138,-35114000,44352000,44352000,359306000,16573000,2.148,0.965,0,0,0,0,0,22182000,0,0.127,1.5,26443000,48625000,0.087,48625000,26443000,26097000,0.97,0.94,0.97,119695000,129460750,119695000,169042982,6,3.476,-1964000,-0.115,1.0,202501000,0.36,0,346000,131409000,126042500,68222000,0,0,0,115561000,59495000,56066000,201400982,-54786000,0,-24842000,0,-25951000,-52822000,-35114000,0,33150000,0,16573000,16573000,16573000,0,0,0.029,176310000,26191000,28689000,1.546,1.683,12.152,12.196,105542000,0,11.83,0.358,0.361,0,-42478000,561807000,561807000,0,0.068,0.128,0.21,0.047,3773000,170421000,1.0,17024597,17131000,17569000,32.795,235256000,0,9524000,6205000,14.03,68285000
KIRK,MRY,2016-12-31,2017-01-28,2017-01-28,2018-04-03,0,270146000,251537500,153040000,117106000,2.363,8.414,-32176000,63937000,63937000,391836000,11046000,2.056,1.019,0,0,0,0,0,25322000,0,0.0,0.0,17251000,42573000,0.072,42573000,17251000,16975000,0.7,0.68,0.7,133813000,123130000,133813000,188772816,10,4.434,19750000,1.245,1.0,202492000,0.341,0,276000,131768000,144527750,73191000,0,0,0,136333000,74441000,61892000,217032816,19585000,0,369000,0,0,-165000,-32176000,0,51926000,0,11046000,11046000,11046000,0,0,0.019,185493000,16999000,37898000,0.0,1.622,19.648,19.5,110870000,0,13.65,0.365,0.364,0,-31432000,594328000,594328000,0,0.044,0.09,0.119,0.029,3194000,179150000,1.0,15899840,15859000,16145000,37.476,270146000,1198000,5929000,6752000,16.986,78599000
KIRK,MRY,2017-12-31,2018-02-03,2018-02-03,2018-04-03,0,299197000,275754250,177399000,121798000,2.3,8.745,-28424000,80156000,80156000,426581000,5296000,1.83,1.126,0,0,0,0,0,27150000,0,0.0,0.0,10091000,37241000,0.059,37241000,10091000,9816000,0.33,0.33,0.33,140761000,132909250,140761000,146454581,14,3.933,16701000,1.046,1.0,207536000,0.327,0,275000,122101000,142971250,81255000,0,0,0,158436000,96940000,61496000,174339581,16219000,0,-276000,0,0,-482000,-28424000,0,45125000,0,5296000,5296000,5296000,0,0,0.008,198184000,9352000,53125000,0.0,1.239,32.919,33.03,113039000,0,10.9,0.275,0.275,0,-26740000,634117000,634117000,0,0.019,0.04,0.071,0.016,2134000,191194000,1.0,15994457,15973000,16166000,39.699,299197000,2216000,4520000,4943000,18.588,80459000
