ticker,dimension,calendardate,datekey,reportperiod,lastupdated,accoci,assets,assetsavg,assetsc,assetsnc,assetturnover,bvps,capex,cashneq,cashnequsd,cor,consolinc,currentratio,de,debt,debtc,debtnc,debtusd,deferredrev,depamor,deposits,divyield,dps,ebit,ebitda,ebitdamargin,ebitdausd,ebitusd,ebt,eps,epsdil,epsusd,equity,equityavg,equityusd,ev,evebit,evebitda,fcf,fcfps,fxusd,gp,grossmargin,intangibles,intexp,invcap,invcapavg,inventory,investments,investmentsc,investmentsnc,liabilities,liabilitiesc,liabilitiesnc,marketcap,ncf,ncfbus,ncfcommon,ncfdebt,ncfdiv,ncff,ncfi,ncfinv,ncfo,ncfx,netinc,netinccmn,netinccmnusd,netincdis,netincnci,netmargin,opex,opinc,payables,payoutratio,pb,pe,pe1,ppnenet,prefdivis,price,ps,ps1,receivables,retearn,revenue,revenueusd,rnd,roa,roe,roic,ros,sbcomp,sgna,sharefactor,sharesbas,shareswa,shareswadil,sps,tangibles,taxassets,taxexp,taxliabilities,tbvps,workingcapital
KMPR,MRY,2011-12-31,2011-12-31,2011-12-31,2018-04-30,258000000,7934700000,8136800000,,,0.307,35.008,-6100000,251200000,251200000,2329300000,74500000,,2.749,610600000,,,610600000,666200000,10900000,0,0.033,0.96,165000000,175900000,0.071,175900000,165000000,81100000,1.23,1.23,1.23,2116600000,2147350000,2116600000,1970448342,11,11.202,-31100000,-0.514,1.0,165700000,0.066,311800000,83900000,7982300000,8220675000,0,6222700000,,,5818100000,,,1766048342,134000000,0,-27200000,0,-58200000,-405600000,564600000,594400000,-25000000,0,74500000,74500000,74500000,-12800000,0,0.03,13500000,152200000,0,0.78,0.834,23.705,23.748,0,0,29.21,0.708,0.708,597900000,1108700000,2495000000,2495000000,0,0.009,0.035,0.02,0.066,0,0,1.0,60460402,60460402,,41.267,7622900000,6400000,6600000,6200000,126.081,
KMPR,MRY,2012-12-31,2012-12-31,2012-12-31,2018-04-30,312700000,8009100000,8026775000,,,0.307,37.045,500000,96300000,96300000,2254400000,103400000,,2.705,611400000,,,611400000,650900000,15300000,0,0.033,0.96,219500000,234800000,0.095,234800000,219500000,134000000,1.75,1.74,1.75,2161700000,2161675000,2161700000,2013920285,9,8.577,66200000,1.134,1.0,207900000,0.084,311800000,85500000,8212400000,8127775000,0,6460100000,,,5847400000,,,1721420285,-154900000,0,-59400000,0,-56900000,-114400000,-106200000,-73800000,65700000,0,103400000,103400000,103400000,-11600000,0,0.042,0,207900000,0,0.549,0.796,16.648,16.857,0,0,29.5,0.699,0.699,575400000,1118200000,2462300000,2462300000,0,0.013,0.048,0.027,0.089,0,0,1.0,58353230,58353230,,42.196,7697300000,5400000,30600000,21500000,131.909,
KMPR,MRY,2013-12-31,2013-12-31,2013-12-31,2018-04-30,135300000,7656400000,7819825000,,,0.31,36.843,97300000,66500000,66500000,2011600000,217700000,,2.732,606900000,,,606900000,598900000,17400000,0,0.023,0.96,418100000,435500000,0.179,435500000,418100000,317600000,3.81,3.8,3.81,2051500000,2059500000,2051500000,2806919200,6,6.445,219400000,3.94,1.0,414900000,0.171,311800000,100500000,7885000000,8039900000,0,6151300000,,,5604900000,,,2276319200,-29800000,3800000,-98700000,-5500000,-54900000,-156700000,4800000,-67900000,122100000,0,217700000,217700000,217700000,-3200000,0,0.09,0,414900000,0,0.252,1.11,10.456,10.73,0,0,40.88,0.938,0.938,524700000,1215800000,2426500000,2426500000,0,0.028,0.106,0.052,0.172,0,0,1.0,55682955,55682955,,43.577,7344600000,31800000,99900000,8300000,131.9,
KMPR,MRY,2014-12-31,2014-12-31,2014-12-31,2018-04-30,222700000,7833400000,7913175000,,,0.278,39.698,-1200000,76100000,76100000,1890100000,114500000,,2.747,752100000,,,752100000,536900000,16000000,0,0.027,0.96,253800000,269800000,0.123,269800000,253800000,162100000,2.12,2.12,2.12,2090700000,2119625000,2090700000,2560555357,10,9.491,132400000,2.514,1.0,306500000,0.14,311800000,91700000,8197600000,8279150000,0,6439700000,,,5742700000,,,1901755357,9600000,8900000,-113500000,144000000,-51800000,-19700000,-104300000,-68200000,133600000,0,114500000,114500000,114500000,-1900000,0,0.052,54600000,251900000,0,0.453,0.91,16.609,17.033,0,0,36.11,0.866,0.866,482300000,1202700000,2196600000,2196600000,0,0.014,0.054,0.031,0.116,0,0,1.0,52665615,52665615,,41.708,7521600000,0,47600000,36500000,142.818,
KMPR,MRY,2015-12-31,2015-12-31,2015-12-31,2018-04-30,124300000,8036100000,8012950000,,,0.292,38.873,5900000,161700000,161700000,2112700000,85700000,,3.033,750600000,,,750600000,613100000,13500000,0,0.026,0.96,213400000,226900000,0.097,226900000,213400000,105800000,1.65,1.65,1.65,1992400000,2034800000,1992400000,2512517944,11,11.073,220900000,4.31,1.0,228100000,0.097,323000000,107600000,8302000000,8321600000,0,6429500000,,,6043700000,,,1909217944,85600000,-57600000,-41100000,-11500000,-49700000,-100800000,-28600000,42100000,215000000,0,85700000,85700000,85700000,-5500000,0,0.037,11100000,217000000,0,0.582,0.958,22.278,22.576,0,0,37.25,0.816,0.816,525600000,1209000000,2340800000,2340800000,0,0.011,0.042,0.026,0.091,0,0,1.0,51254173,51254173,,45.67,7713100000,41400000,20100000,3800000,150.487,
KMPR,MRY,2016-12-31,2016-12-31,2016-12-31,2018-04-30,137000000,8210500000,8269100000,,,0.305,38.588,5300000,115700000,115700000,2428100000,16800000,,3.157,751600000,,,751600000,618700000,13600000,0,0.022,0.96,97900000,111500000,0.044,111500000,97900000,7600000,0.33,0.33,0.33,1975200000,2048775000,1975200000,2847785473,29,25.541,245800000,4.802,1.0,93800000,0.037,323000000,90300000,8523400000,8545575000,0,6607500000,,,6235300000,,,2267585473,-46000000,0,-300000,0,-49200000,-48400000,-238100000,-287500000,240500000,0,16800000,16800000,16800000,-4100000,0,0.007,0,93800000,0,2.909,1.148,134.975,134.242,0,0,44.3,0.899,0.899,535100000,1172800000,2521900000,2521900000,0,0.002,0.008,0.011,0.039,0,0,1.0,51187031,51187031,,49.268,7887500000,41300000,-9200000,5100000,154.092,
KMPR,MRY,2017-12-31,2017-12-31,2017-12-31,2018-04-30,194400000,8376200000,8298850000,,,0.328,41.118,25200000,45700000,45700000,2481700000,120900000,,2.959,592300000,,,592300000,653900000,13100000,0,0.014,0.96,242700000,255800000,0.094,255800000,242700000,162100000,2.34,2.33,2.34,2115600000,2053750000,2115600000,3999598635,16,15.636,265800000,5.166,1.0,241700000,0.089,323000000,80600000,8599800000,8491900000,0,6804900000,,,6260600000,,,3544998635,-70000000,0,4000000,-159800000,-49500000,-205200000,-105400000,-134500000,240600000,0,120900000,120900000,120900000,-1000000,0,0.044,0,241700000,0,0.41,1.676,29.322,29.444,0,0,68.9,1.302,1.302,560300000,1243000000,2723400000,2723400000,0,0.015,0.059,0.029,0.089,0,0,1.0,51451359,51451359,,52.932,8053200000,6100000,41200000,22900000,156.521,
