ticker,dimension,calendardate,datekey,reportperiod,lastupdated,accoci,assets,assetsavg,assetsc,assetsnc,assetturnover,bvps,capex,cashneq,cashnequsd,cor,consolinc,currentratio,de,debt,debtc,debtnc,debtusd,deferredrev,depamor,deposits,divyield,dps,ebit,ebitda,ebitdamargin,ebitdausd,ebitusd,ebt,eps,epsdil,epsusd,equity,equityavg,equityusd,ev,evebit,evebitda,fcf,fcfps,fxusd,gp,grossmargin,intangibles,intexp,invcap,invcapavg,inventory,investments,investmentsc,investmentsnc,liabilities,liabilitiesc,liabilitiesnc,marketcap,ncf,ncfbus,ncfcommon,ncfdebt,ncfdiv,ncff,ncfi,ncfinv,ncfo,ncfx,netinc,netinccmn,netinccmnusd,netincdis,netincnci,netmargin,opex,opinc,payables,payoutratio,pb,pe,pe1,ppnenet,prefdivis,price,ps,ps1,receivables,retearn,revenue,revenueusd,rnd,roa,roe,roic,ros,sbcomp,sgna,sharefactor,sharesbas,shareswa,shareswadil,sps,tangibles,taxassets,taxexp,taxliabilities,tbvps,workingcapital
KONE,MRY,2011-12-31,2011-09-30,2011-09-30,2018-02-09,2389000,36519000,37296000,20465000,16054000,0.17,23.29,-75000,8749000,8749000,3408000,-1037000,5.39,0.116,0,0,0,0,0,530000,0,0.0,0.0,-1005000,-475000,-0.075,-475000,-1005000,-1005000,-0.74,-0.74,-0.74,32722000,32744500,32722000,71000,0,-0.149,-5179000,-3.686,1.0,2929000,0.462,629000,0,23344000,20286000,230000,1420000,724000,696000,3797000,3797000,0,14980000,-6160000,0,0,-1190000,0,-1190000,-75000,0,-5104000,209000,-1037000,-1037000,-1037000,0,0,-0.164,4216000,-1287000,1467000,0.0,0.458,-14.446,-14.459,13482000,0,10.7,2.364,2.372,10952000,8088000,6337000,6337000,311000,-0.028,-0.032,-0.05,-0.159,316000,3905000,1.0,1400000,1405000,1405000,4.51,35890000,0,32000,1542000,25.544,16668000
KONE,MRY,2012-12-31,2012-09-30,2012-09-30,2018-02-09,3583000,29892000,33205500,15385000,14507000,0.044,17.744,-97000,6439000,6439000,1689000,-8988000,3.101,0.199,0,0,0,0,0,548000,0,0.0,0.0,-8988000,-8440000,-5.817,-8440000,-8988000,-8988000,-6.4,-6.4,-6.4,24930000,28826000,24930000,-5812550,0,0.689,-2530000,-1.801,1.0,-238000,-0.164,633000,0,17858000,20601000,628000,1543000,1210000,333000,4962000,4962000,0,2936450,-2310000,0,0,9000,0,9000,-97000,0,-2433000,211000,-8988000,-8988000,-8988000,0,0,-6.194,9164000,-9402000,2472000,0.0,0.118,-0.327,-0.327,13541000,0,2.09,2.024,2.024,5336000,-900000,1451000,1451000,201000,-0.271,-0.312,-0.436,-6.194,2000,8963000,1.0,1405000,1405000,1405000,1.033,29259000,0,0,1673000,20.825,10423000
KONE,MRY,2013-12-31,2013-09-30,2013-09-30,2018-02-09,4199000,33581000,31736500,19591000,13990000,0.364,14.529,7000,6132000,6132000,10544000,-5133000,1.488,0.645,0,0,0,0,0,592000,0,0.0,0.0,-5133000,-4541000,-0.393,-4541000,-5133000,-5133000,-3.65,-3.65,-3.65,20413000,22671500,20413000,-2589300,0,0.57,-384000,-0.273,1.0,1018000,0.088,632000,0,13649000,15753500,688000,0,0,0,13168000,13168000,0,3849700,-307000,0,0,-14000,0,-14000,7000,0,-391000,91000,-5133000,-5133000,-5133000,0,0,-0.444,3611000,-2593000,10781000,0.0,0.189,-0.75,-0.751,13358000,0,2.74,0.333,0.333,10666000,-6033000,11562000,11562000,249000,-0.162,-0.226,-0.326,-0.444,0,3362000,1.0,1405000,1405000,1405000,8.229,32949000,0,0,1545000,23.451,6423000
KONE,MRY,2014-12-31,2014-09-30,2014-09-30,2018-02-09,4163000,32894000,33237500,17177000,15717000,0.186,14.502,-137000,4166000,4166000,4222000,-1000,1.372,0.614,0,0,0,0,0,600000,0,0.0,0.0,-1000,599000,0.097,599000,-1000,-1000,0.0,0.0,0.0,20376000,20394500,20376000,-1846750,1846,-3.083,121000,0.086,1.0,1964000,0.317,611000,0,15599000,14624000,2142000,0,0,0,12518000,12518000,0,4285250,-1965000,0,0,-2077000,0,-2077000,-137000,0,258000,-9000,-1000,-1000,-1000,0,0,0.0,2506000,-542000,10405000,,0.21,-4285.25,,12890000,0,3.05,0.693,0.693,12001000,-6034000,6186000,6186000,202000,0.0,0.0,0.0,0.0,0,2304000,1.0,1405000,1405000,1405000,4.403,32283000,0,0,1273000,22.977,4659000
KONE,MRY,2015-12-31,2015-09-30,2015-09-30,2018-02-09,3477000,25694000,29294000,7489000,18205000,0.301,14.745,1000,2743000,2743000,5618000,1027000,1.505,0.24,0,0,0,0,0,608000,0,0.0,0.0,1027000,1635000,0.185,1635000,1027000,1027000,0.73,0.73,0.73,20717000,20546500,20717000,1060600,1,0.649,2367000,1.685,1.0,3201000,0.363,571000,0,17403000,16501000,166000,0,0,0,4977000,4977000,0,5226600,-1423000,0,0,-3714000,0,-3714000,1000,0,2366000,-76000,1027000,1027000,1027000,0,0,0.116,3796000,-595000,2614000,0.0,0.252,5.089,5.096,11895000,0,3.72,0.593,0.593,10167000,-5007000,8819000,8819000,288000,0.035,0.05,0.062,0.116,0,3508000,1.0,1405000,1405000,1405000,6.277,25123000,0,0,1551000,17.881,2512000
KONE,MRY,2016-12-31,2016-09-30,2016-09-30,2018-02-09,2610000,23724000,24709000,12334000,11390000,0.048,14.014,-22000,1239000,1239000,988000,-160000,3.058,0.205,0,0,0,0,0,538000,0,0.0,0.0,-160000,378000,0.317,378000,-160000,-160000,-0.11,-0.11,-0.11,19690000,20203500,19690000,5771300,-36,15.268,-802000,-0.571,1.0,204000,0.171,527000,0,17924000,17663500,90000,0,0,0,4034000,4034000,0,8514300,-1504000,0,0,-690000,0,-690000,-22000,0,-780000,-12000,-160000,-160000,-160000,0,0,-0.134,2106000,-1902000,1853000,0.0,0.432,-53.214,-55.091,10863000,0,6.06,7.143,7.143,10395000,-5167000,1192000,1192000,55000,-0.006,-0.008,-0.009,-0.134,0,2051000,1.0,1405000,1405000,1405000,0.848,23197000,0,0,1406000,16.51,8300000
KONE,MRY,2017-12-31,2017-09-30,2017-09-30,2018-02-09,2658000,23001000,23362500,5568000,17433000,0.007,13.893,-29000,902000,902000,349000,-219000,1.599,0.178,0,0,0,0,0,577000,0,0.0,0.0,-219000,358000,2.069,358000,-219000,-219000,-0.16,-0.16,-0.16,19519000,19604500,19519000,2835640,-12,7.921,487000,0.347,1.0,-176000,-1.017,509000,0,18108000,18016000,45000,0,0,0,3482000,3482000,0,4074640,-337000,0,0,-800000,0,-800000,-29000,0,516000,-24000,-219000,-219000,-219000,0,0,-1.266,1572000,-1748000,1427000,0.0,0.209,-18.606,-18.126,10370000,0,2.9,23.553,23.553,10385000,-5386000,173000,173000,0,-0.009,-0.011,-0.012,-1.266,0,1572000,1.0,1405000,1405000,1405000,0.123,22492000,0,0,1278000,16.009,2086000
