ticker,dimension,calendardate,datekey,reportperiod,lastupdated,accoci,assets,assetsavg,assetsc,assetsnc,assetturnover,bvps,capex,cashneq,cashnequsd,cor,consolinc,currentratio,de,debt,debtc,debtnc,debtusd,deferredrev,depamor,deposits,divyield,dps,ebit,ebitda,ebitdamargin,ebitdausd,ebitusd,ebt,eps,epsdil,epsusd,equity,equityavg,equityusd,ev,evebit,evebitda,fcf,fcfps,fxusd,gp,grossmargin,intangibles,intexp,invcap,invcapavg,inventory,investments,investmentsc,investmentsnc,liabilities,liabilitiesc,liabilitiesnc,marketcap,ncf,ncfbus,ncfcommon,ncfdebt,ncfdiv,ncff,ncfi,ncfinv,ncfo,ncfx,netinc,netinccmn,netinccmnusd,netincdis,netincnci,netmargin,opex,opinc,payables,payoutratio,pb,pe,pe1,ppnenet,prefdivis,price,ps,ps1,receivables,retearn,revenue,revenueusd,rnd,roa,roe,roic,ros,sbcomp,sgna,sharefactor,sharesbas,shareswa,shareswadil,sps,tangibles,taxassets,taxexp,taxliabilities,tbvps,workingcapital
KOOL,MRY,2011-12-31,2011-06-30,2011-06-30,2018-05-14,0,24399000,24254250,23040000,1359000,0.965,24.584,-249000,12309000,12309000,14563000,-2567000,5.669,0.214,0,0,0,0,477000,466000,0,0.0,0.0,-2567000,-2101000,-0.09,-2101000,-2567000,-2567000,-3.4,-3.4,-3.4,20093000,19226250,20093000,19311195,-7,-9.191,-2341000,-3.16,1.0,8837000,0.378,0,0,8026000,8247750,6348000,0,0,0,4306000,4064000,242000,32856195,1578000,0,3921000,-2000,0,3919000,-249000,0,-2092000,0,-2567000,-2567000,-2567000,0,0,-0.11,11672000,-2835000,1791000,0.0,1.635,-12.799,-11.824,1310000,0,40.2,1.404,1.273,3963000,-106119000,23400000,23400000,3003000,-0.106,-0.134,-0.311,-0.11,960000,8669000,1.0,817318,740808,740808,31.587,24399000,0,0,0,29.853,18976000
KOOL,MRY,2012-12-31,2012-06-30,2012-06-30,2018-05-14,0,21080000,22181000,19065000,2015000,0.858,19.378,-545000,7879000,7879000,12690000,-4986000,3.79,0.326,0,0,0,0,479000,604000,0,0.0,0.0,-4986000,-4382000,-0.23,-4382000,-4986000,-4986000,-6.0,-6.0,-6.0,15898000,17468250,15898000,7075047,-1,-1.615,-4430000,-5.406,1.0,6333000,0.333,315000,0,7855000,8570750,6290000,0,0,0,5182000,5031000,151000,15586047,-4430000,0,0,0,0,0,-545000,0,-3885000,0,-4986000,-4986000,-4986000,0,0,-0.262,11712000,-5379000,2772000,0.0,0.98,-3.126,-3.167,1652000,0,19.0,0.819,0.818,4558000,-111105000,19023000,19023000,3729000,-0.225,-0.285,-0.582,-0.262,791000,7983000,1.0,820318,819450,819450,23.214,20765000,0,0,0,25.31,14034000
KOOL,MRY,2013-12-31,2013-06-30,2013-06-30,2018-05-14,0,18529000,19840250,16273000,2256000,0.905,16.102,-391000,6884000,6884000,11598000,-3086000,3.161,0.391,0,0,0,0,377000,538000,0,0.0,0.0,-3086000,-2548000,-0.142,-2548000,-3086000,-3086000,-3.8,-3.8,-3.8,13318000,15603250,13318000,14800001,-4,-5.808,-3473000,-4.203,1.0,6365000,0.354,0,0,6497000,7851250,4259000,0,0,0,5211000,5148000,63000,22321001,-995000,2535000,-57000,0,0,-57000,2144000,0,-3082000,0,-3086000,-3086000,-3086000,0,0,-0.172,11591000,-5226000,3106000,0.0,1.676,-7.233,-7.105,2208000,0,27.0,1.243,1.242,4898000,-114191000,17963000,17963000,2991000,-0.156,-0.198,-0.393,-0.172,563000,8600000,1.0,826703,826328,826328,21.738,18529000,0,0,0,22.402,11125000
KOOL,MRY,2014-12-31,2014-06-30,2014-06-30,2018-05-14,58000,62888000,35215750,25327000,37561000,0.454,40.189,-402000,14811000,14811000,10101000,-8631000,3.97,0.291,0,0,0,0,638000,993000,0,0.0,0.0,-9034000,-8041000,-0.503,-8041000,-9034000,-9034000,-7.2,-7.2,-7.2,48698000,27671000,48698000,38796516,-4,-4.825,-8238000,-6.799,1.0,5886000,0.368,35182000,0,6515000,6823000,5606000,0,0,0,14190000,6380000,7810000,45371516,7927000,351000,15957000,-150000,0,15807000,-51000,0,-7836000,7000,-8631000,-8631000,-8631000,0,0,-0.54,14926000,-9040000,3590000,0.0,0.932,-5.257,-3.861,2298000,0,27.8,2.838,2.107,4693000,-122822000,15987000,15987000,3468000,-0.245,-0.312,-1.324,-0.565,679000,11458000,1.0,1632068,1211717,1211717,13.194,27706000,0,-403000,7641000,22.865,18947000
KOOL,MRY,2015-12-31,2015-06-30,2015-06-30,2018-05-14,-5000,50757000,54834250,13251000,37506000,0.293,17.253,-587000,3357000,3357000,11293000,-14852000,1.668,0.454,0,0,0,0,635000,1351000,0,0.0,0.0,-14838000,-13487000,-0.841,-13487000,-14838000,-14852000,-7.36,-7.36,-7.36,34902000,39774750,34902000,29593416,-1,-2.194,-11236000,-5.569,1.0,4749000,0.296,34490000,14000,4964000,6125500,4598000,0,0,0,15855000,7946000,7909000,34385416,-11454000,0,-129000,-60000,0,-189000,-587000,0,-10649000,-29000,-14852000,-14852000,-14852000,0,0,-0.926,19608000,-14859000,5079000,0.0,0.985,-2.315,-2.31,2937000,0,17.0,2.143,2.138,5133000,-137674000,16042000,16042000,5939000,-0.271,-0.373,-2.422,-0.925,1247000,13669000,1.0,2022671,2017597,2017597,7.951,16267000,0,0,7641000,8.041,5305000
KOOL,MRY,2016-12-31,2016-06-30,2016-06-30,2018-05-14,-37000,49899000,50599750,12843000,37056000,0.236,13.143,-710000,5835000,5835000,9185000,-18588000,2.317,0.546,2489000,0,2489000,2489000,783000,1168000,0,0.0,0.0,-16724000,-15556000,-1.304,-15556000,-16724000,-18588000,-7.57,-7.57,-7.57,32273000,33126000,32273000,3103341,0,-0.199,-10335000,-4.209,1.0,2744000,0.23,34016000,1864000,6995000,4860750,3593000,0,0,0,17626000,5542000,12084000,8815341,2478000,0,2463000,11489000,0,12824000,-710000,0,-9625000,-11000,-18588000,-18588000,-18588000,0,0,-1.558,13609000,-10865000,2648000,0.0,0.273,-0.474,-0.387,2962000,0,2.93,0.739,0.603,3169000,-156262000,11929000,11929000,3230000,-0.367,-0.561,-3.441,-1.402,742000,10379000,1.0,3008649,2455548,2455548,4.858,15883000,0,0,7641000,6.468,7301000
KOOL,MRY,2017-12-31,2017-06-30,2017-06-30,2018-05-14,-38000,46932000,47691500,11178000,35754000,0.305,3.115,-375000,3623000,3623000,8686000,-29095000,2.473,0.522,3500000,0,3500000,3500000,597000,830000,0,0.0,0.0,-19100000,-18270000,-1.258,-18270000,-19100000,-29768000,-3.27,-3.27,-3.27,30837000,33159000,30837000,29100663,-1,-1.593,-7590000,-0.852,1.0,5839000,0.402,33360000,10668000,8929000,6096500,3617000,0,0,0,16095000,4520000,11575000,31391663,-2212000,0,2092000,3416000,0,5374000,-375000,0,-7215000,4000,-29095000,-29095000,-29095000,0,0,-2.003,15079000,-9240000,2207000,0.0,1.018,-1.079,-0.969,2330000,0,3.17,2.161,1.943,3701000,-185357000,14525000,14525000,2497000,-0.61,-0.877,-3.133,-1.315,1461000,12582000,1.0,9902733,8904508,8904508,1.631,13572000,0,-673000,6968000,1.371,6658000
