ticker,dimension,calendardate,datekey,reportperiod,lastupdated,accoci,assets,assetsavg,assetsc,assetsnc,assetturnover,bvps,capex,cashneq,cashnequsd,cor,consolinc,currentratio,de,debt,debtc,debtnc,debtusd,deferredrev,depamor,deposits,divyield,dps,ebit,ebitda,ebitdamargin,ebitdausd,ebitusd,ebt,eps,epsdil,epsusd,equity,equityavg,equityusd,ev,evebit,evebitda,fcf,fcfps,fxusd,gp,grossmargin,intangibles,intexp,invcap,invcapavg,inventory,investments,investmentsc,investmentsnc,liabilities,liabilitiesc,liabilitiesnc,marketcap,ncf,ncfbus,ncfcommon,ncfdebt,ncfdiv,ncff,ncfi,ncfinv,ncfo,ncfx,netinc,netinccmn,netinccmnusd,netincdis,netincnci,netmargin,opex,opinc,payables,payoutratio,pb,pe,pe1,ppnenet,prefdivis,price,ps,ps1,receivables,retearn,revenue,revenueusd,rnd,roa,roe,roic,ros,sbcomp,sgna,sharefactor,sharesbas,shareswa,shareswadil,sps,tangibles,taxassets,taxexp,taxliabilities,tbvps,workingcapital
KWR,MRY,2011-12-31,2011-12-31,2011-12-31,2018-04-30,-28967000,511152000,494457750,259549000,251603000,1.382,19.757,-12117000,16909000,16909000,460581000,48223000,2.434,0.982,47337000,636000,46701000,47337000,0,13793000,0,0.024,0.95,64814000,78607000,0.115,78607000,64814000,60148000,3.71,3.66,3.71,254380000,238220250,254380000,524285144,8,6.67,7549000,0.586,1.0,222650000,0.326,89935000,4666000,344996000,334595750,74758000,14073000,0,14073000,249795000,106649000,143146000,500713144,-8857000,-25477000,49248000,-27618000,-11586000,9153000,-35361000,0,19666000,-2315000,45892000,45892000,45892000,0,2331000,0.067,164738000,57912000,65026000,0.256,1.968,10.911,10.482,82916000,0,38.89,0.733,0.733,150676000,180710000,683231000,683231000,0,0.093,0.193,0.194,0.095,3513000,164738000,1.0,12875113,12875113,,53.066,421217000,36161000,14256000,7332000,32.716,152900000
KWR,MRY,2012-12-31,2012-12-31,2012-12-31,2018-04-30,-41855000,536634000,527283250,277810000,258824000,1.343,21.488,-12735000,32547000,32547000,469515000,50240000,2.577,0.879,31468000,1468000,30000000,31468000,0,15358000,0,0.018,0.97,67263000,82621000,0.117,82621000,67263000,62980000,3.64,3.63,3.64,281100000,271273250,281100000,712976049,10,8.629,50158000,3.834,1.0,238711000,0.337,91978000,4283000,335785000,341451250,72471000,16603000,0,16603000,246958000,107792000,139166000,704592049,15638000,-5635000,-924000,-17947000,-12616000,-30541000,-16734000,0,62893000,20000,47405000,47405000,47405000,0,2835000,0.067,175487000,63224000,67586000,0.266,2.507,14.863,14.797,85112000,0,53.86,0.995,0.995,154197000,215390000,708226000,708226000,0,0.09,0.175,0.197,0.095,3807000,175487000,1.0,13081917,13081917,,54.138,444656000,37074000,15575000,6636000,33.99,170018000
KWR,MRY,2013-12-31,2013-12-31,2013-12-31,2018-04-30,-34700000,584146000,561053250,328847000,255299000,1.3,25.465,-11439000,68492000,68492000,468320000,58851000,2.513,0.713,18716000,1395000,17321000,18716000,0,15784000,0,0.013,0.99,79750000,95534000,0.131,95534000,79750000,76828000,4.28,4.27,4.28,335819000,311989000,335819000,981598752,12,10.275,62362000,4.729,1.0,261075000,0.358,89423000,2922000,314091000,322215500,71557000,19397000,0,19397000,239450000,130856000,108594000,1016346752,35945000,-2478000,-307000,-12791000,-13018000,-26206000,-12416000,0,73801000,766000,56339000,56339000,56339000,0,2512000,0.077,189832000,71243000,72281000,0.231,3.026,18.04,18.007,85488000,0,77.07,1.393,1.393,165629000,258285000,729395000,729395000,0,0.1,0.181,0.248,0.109,4161000,189832000,1.0,13187320,13187320,,55.31,494723000,32550000,20489000,7786000,37.515,197991000
KWR,MRY,2014-12-31,2014-12-31,2014-12-31,2018-04-30,-54406000,665526000,624020000,351518000,314008000,1.227,26.94,-13052000,64731000,64731000,492654000,58297000,2.814,0.84,75731000,403000,75328000,75731000,0,16631000,0,0.012,1.1,82402000,99033000,0.129,99033000,82402000,80031000,4.27,4.26,4.27,357475000,355399000,357475000,1219662242,14,12.316,41638000,3.138,1.0,273206000,0.357,148341000,2371000,403284000,367343500,77708000,21751000,0,21751000,300391000,124901000,175490000,1221303242,-3761000,-73527000,804000,57403000,-14562000,30161000,-84471000,0,54690000,-4141000,56492000,56492000,56492000,0,1805000,0.074,195850000,77356000,74987000,0.258,3.416,21.619,21.555,85763000,0,92.04,1.595,1.595,189484000,299524000,765860000,765860000,0,0.091,0.159,0.224,0.108,5309000,195850000,1.0,13269266,13269266,,57.717,517185000,32778000,23539000,9316000,38.976,226617000
KWR,MRY,2015-12-31,2015-12-31,2015-12-31,2018-04-30,-73316000,680727000,668202750,358031000,322696000,1.104,28.037,-11033000,81053000,81053000,459810000,52706000,2.875,0.803,82101000,662000,81439000,82101000,0,19206000,0,0.016,1.24,71550000,90756000,0.123,90756000,71550000,68965000,3.84,3.84,3.84,373045000,367299750,373045000,1040145896,14,11.461,62399000,4.69,1.0,277745000,0.377,152398000,2585000,404863000,407571000,75099000,20354000,0,20354000,299484000,124514000,174970000,1027992896,16322000,-24058000,-6228000,5686000,-16513000,-16897000,-34196000,0,73432000,-6017000,51180000,51180000,51180000,0,1526000,0.069,203177000,74568000,67291000,0.323,2.756,20.086,20.12,87619000,0,77.26,1.394,1.394,188297000,326740000,737555000,737555000,0,0.077,0.139,0.176,0.097,5919000,196387000,1.0,13305629,13305629,,55.432,528329000,30107000,17785000,10258000,39.707,233517000
KWR,MRY,2016-12-31,2016-12-31,2016-12-31,2018-04-30,-87407000,692028000,694090250,376468000,315560000,1.076,30.381,-9954000,88818000,88818000,466555000,63039000,2.955,0.694,66476000,707000,65769000,66476000,0,19566000,0,0.01,1.33,87518000,107084000,0.143,107084000,87518000,84629000,4.64,4.63,4.64,402760000,395302250,402760000,1673422024,19,15.627,63799000,4.812,1.0,280110000,0.375,153875000,2889000,388400000,407518000,77082000,22817000,0,22817000,279422000,127411000,152011000,1696109024,7765000,-15024000,-6670000,-14513000,-17625000,-38130000,-23769000,0,73753000,-4089000,61403000,61403000,61403000,0,1636000,0.082,194757000,85353000,77583000,0.287,4.211,27.623,27.573,85734000,0,127.94,2.272,2.272,195225000,364414000,746665000,746665000,0,0.088,0.155,0.215,0.117,6349000,193665000,1.0,13257066,13257066,,56.322,538153000,24382000,23226000,12008000,40.594,249057000
KWR,MRY,2017-12-31,2017-12-31,2017-12-31,2018-04-30,-65100000,722327000,731530000,406586000,315741000,1.121,30.597,-10872000,89879000,89879000,528587000,22300000,2.611,0.77,66804000,5736000,61068000,66804000,0,19966000,0,0.009,1.4,65823000,85789000,0.105,85789000,65823000,61931000,1.53,1.52,1.53,406918000,421550250,406918000,1969386542,29,22.956,53890000,4.052,1.0,291495000,0.355,157637000,3892000,385917000,400890250,87221000,25690000,0,25690000,313463000,155698000,157765000,2005400542,1061000,-5363000,-1956000,-2853000,-18613000,-55209000,-13896000,0,64762000,5404000,20278000,20278000,20278000,0,2022000,0.025,228751000,62744000,97732000,0.915,4.928,98.895,98.556,86704000,0,150.79,2.445,2.445,208358000,365182000,820082000,820082000,0,0.028,0.048,0.164,0.08,4190000,198813000,1.0,13299294,13299294,,61.664,564690000,15661000,41653000,9653000,42.46,250888000
