ticker,dimension,calendardate,datekey,reportperiod,lastupdated,accoci,assets,assetsavg,assetsc,assetsnc,assetturnover,bvps,capex,cashneq,cashnequsd,cor,consolinc,currentratio,de,debt,debtc,debtnc,debtusd,deferredrev,depamor,deposits,divyield,dps,ebit,ebitda,ebitdamargin,ebitdausd,ebitusd,ebt,eps,epsdil,epsusd,equity,equityavg,equityusd,ev,evebit,evebitda,fcf,fcfps,fxusd,gp,grossmargin,intangibles,intexp,invcap,invcapavg,inventory,investments,investmentsc,investmentsnc,liabilities,liabilitiesc,liabilitiesnc,marketcap,ncf,ncfbus,ncfcommon,ncfdebt,ncfdiv,ncff,ncfi,ncfinv,ncfo,ncfx,netinc,netinccmn,netinccmnusd,netincdis,netincnci,netmargin,opex,opinc,payables,payoutratio,pb,pe,pe1,ppnenet,prefdivis,price,ps,ps1,receivables,retearn,revenue,revenueusd,rnd,roa,roe,roic,ros,sbcomp,sgna,sharefactor,sharesbas,shareswa,shareswadil,sps,tangibles,taxassets,taxexp,taxliabilities,tbvps,workingcapital
LANC,MRY,2011-12-31,2011-06-30,2011-06-30,2018-05-01,-7043000,622089000,605077750,333196000,288893000,1.801,18.894,-35324000,132266000,132266000,847517000,106364000,4.375,0.202,0,0,0,0,0,18940000,0,0.021,1.29,161506000,180446000,0.166,180446000,161506000,161506000,3.84,3.84,3.84,517539000,501277000,517539000,1561259620,9,8.652,112130000,4.053,1.0,242429000,0.222,98190000,0,315477000,316985500,111885000,0,0,0,104550000,76156000,28394000,1668961620,31376000,0,-43103000,-2000000,-35696000,-80320000,-35758000,0,147454000,0,106364000,106364000,106364000,0,0,0.098,95425000,147004000,42570000,0.336,3.225,15.691,15.839,185282000,0,60.82,1.531,1.544,63762000,1150683000,1089946000,1089946000,0,0.176,0.212,0.51,0.148,2297000,95425000,1.0,27441000,27664000,27689000,39.399,523899000,25283000,55142000,14748000,19.127,257040000
LANC,MRY,2012-12-31,2012-06-30,2012-06-30,2018-05-01,-12162000,682635000,657844250,391739000,290896000,1.503,20.729,-15452000,191636000,191636000,765509000,95808000,5.391,0.21,0,0,0,0,0,20266000,0,0.02,1.41,144675000,164941000,0.167,164941000,144675000,144675000,3.51,3.51,3.51,564267000,545676500,564267000,1774791220,12,10.76,106995000,3.929,1.0,223428000,0.226,97107000,0,321221000,320948500,109704000,0,0,0,118368000,72671000,45697000,1942751220,59370000,0,-8315000,0,-38464000,-46478000,-16599000,0,122447000,0,95808000,95808000,95808000,-3459000,0,0.097,82246000,141182000,40708000,0.402,3.443,20.278,20.288,184130000,0,71.21,1.964,1.961,73326000,1208027000,988937000,988937000,0,0.146,0.176,0.451,0.146,2922000,82246000,1.0,27282000,27233000,27265000,36.314,585528000,17073000,48867000,14070000,21.51,319068000
LANC,MRY,2013-12-31,2013-06-30,2013-06-30,2018-05-01,-8391000,619964000,634914250,326058000,293906000,1.597,18.376,-21311000,123385000,123385000,769096000,109249000,4.225,0.237,0,0,0,0,0,20114000,0,0.084,6.52,159207000,179321000,0.177,179321000,159207000,159207000,4.0,3.99,4.0,501222000,509260000,501222000,2029763840,12,11.319,110371000,4.05,1.0,244707000,0.241,96162000,0,323240000,329616000,67809000,0,0,0,118742000,77177000,41565000,2130374840,-68250000,0,-609000,324000,-178063000,-177554000,-22378000,0,131682000,0,109249000,109249000,109249000,-5389000,0,0.108,90784000,153923000,36459000,1.63,4.25,19.5,19.497,168074000,0,77.99,2.101,2.096,56337000,1139213000,1013803000,1013803000,0,0.172,0.215,0.483,0.157,2107000,90784000,1.0,27316000,27252000,27285000,37.201,523802000,22550000,49958000,18274000,19.204,248881000
LANC,MRY,2014-12-31,2014-06-30,2014-06-30,2018-05-01,-8061000,638630000,642015750,367291000,271339000,1.622,19.375,-15955000,211539000,211539000,792507000,74986000,5.318,0.208,0,0,0,0,0,20407000,0,0.018,1.72,127279000,147686000,0.142,147686000,127279000,127279000,2.75,2.74,2.75,528597000,525169500,528597000,2400156080,18,16.252,113136000,4.15,1.0,248568000,0.239,95216000,0,262803000,290544000,74516000,0,0,0,110033000,69072000,40961000,2601484080,88154000,25610000,-3120000,-324000,-46988000,-49412000,8475000,0,129091000,0,74986000,74986000,74986000,26000000,0,0.072,94801000,153767000,37907000,0.625,4.921,34.693,34.604,168674000,0,95.16,2.499,2.492,57808000,1167211000,1041075000,1041075000,0,0.117,0.143,0.438,0.122,1452000,94801000,1.0,27338000,27264000,27308000,38.185,543414000,23428000,52293000,18753000,19.918,298219000
LANC,MRY,2015-12-31,2015-06-30,2015-06-30,2018-05-01,-10057000,702156000,681695250,330210000,371946000,1.62,21.265,-18298000,182202000,182202000,846822000,101686000,4.424,0.209,0,0,0,0,0,21111000,0,0.02,1.82,154552000,175663000,0.159,175663000,154552000,154552000,3.72,3.72,3.72,580918000,562921750,580918000,2323966450,15,13.23,114474000,4.193,1.0,257692000,0.233,191559000,0,253751000,259201250,77899000,0,0,0,121238000,74644000,46594000,2485383450,-29337000,-92217000,-569000,0,-49778000,-49784000,-112325000,0,132772000,0,101686000,101686000,101686000,0,0,0.092,102831000,154861000,38823000,0.489,4.278,24.442,24.422,172311000,0,90.85,2.25,2.246,62437000,1219119000,1104514000,1104514000,0,0.149,0.181,0.596,0.14,2477000,102831000,1.0,27357000,27300000,27327000,40.458,510597000,0,52866000,22940000,18.691,255566000
LANC,MRY,2016-12-31,2016-06-30,2016-06-30,2018-05-01,-11350000,634732000,651510000,267827000,366905000,1.828,18.774,-16671000,118080000,118080000,891480000,121764000,3.669,0.236,0,0,0,0,0,24147000,0,0.055,6.96,184633000,208780000,0.175,208780000,184633000,184633000,4.45,4.44,4.45,513598000,522854250,513598000,3403302485,18,16.301,125914000,4.606,1.0,299629000,0.252,188654000,0,254995000,257668750,76097000,0,0,0,121134000,73003000,48131000,3497729485,-64122000,-12000,-155000,0,-190546000,-189284000,-17423000,0,142585000,0,121764000,121764000,121764000,0,0,0.102,115059000,184570000,39931000,1.564,6.81,28.725,28.676,169595000,0,127.61,2.937,2.929,66006000,1150337000,1191109000,1191109000,0,0.187,0.233,0.717,0.155,1909000,115059000,1.0,27409525,27336000,27373000,43.573,446078000,0,62869000,21433000,16.306,194824000
LANC,MRY,2017-12-31,2017-06-30,2017-06-30,2018-05-01,-8936000,716405000,698560000,301146000,415259000,1.72,21.023,-25530000,143104000,143104000,883078000,115314000,3.93,0.244,0,0,0,0,0,24906000,0,0.018,2.15,175516000,200422000,0.167,200422000,175516000,175516000,4.21,4.2,4.21,575977000,557286250,575977000,3240320818,18,16.167,118825000,4.34,1.0,318764000,0.265,228192000,0,268486000,263990250,76376000,0,0,0,140428000,76623000,63805000,3365071818,25024000,-35169000,-866000,0,-58980000,-58723000,-60608000,0,144355000,0,115314000,115314000,115314000,0,0,0.096,144016000,174748000,41353000,0.511,5.842,29.182,29.126,180671000,0,122.62,2.8,2.793,69922000,1206671000,1201842000,1201842000,0,0.165,0.207,0.665,0.146,3125000,126381000,1.0,27443091,27376000,27440000,43.901,488213000,0,60202000,25207000,17.82,224523000
