ticker,dimension,calendardate,datekey,reportperiod,lastupdated,accoci,assets,assetsavg,assetsc,assetsnc,assetturnover,bvps,capex,cashneq,cashnequsd,cor,consolinc,currentratio,de,debt,debtc,debtnc,debtusd,deferredrev,depamor,deposits,divyield,dps,ebit,ebitda,ebitdamargin,ebitdausd,ebitusd,ebt,eps,epsdil,epsusd,equity,equityavg,equityusd,ev,evebit,evebitda,fcf,fcfps,fxusd,gp,grossmargin,intangibles,intexp,invcap,invcapavg,inventory,investments,investmentsc,investmentsnc,liabilities,liabilitiesc,liabilitiesnc,marketcap,ncf,ncfbus,ncfcommon,ncfdebt,ncfdiv,ncff,ncfi,ncfinv,ncfo,ncfx,netinc,netinccmn,netinccmnusd,netincdis,netincnci,netmargin,opex,opinc,payables,payoutratio,pb,pe,pe1,ppnenet,prefdivis,price,ps,ps1,receivables,retearn,revenue,revenueusd,rnd,roa,roe,roic,ros,sbcomp,sgna,sharefactor,sharesbas,shareswa,shareswadil,sps,tangibles,taxassets,taxexp,taxliabilities,tbvps,workingcapital
LAYN,MRY,2011-12-31,2012-01-31,2012-01-31,2018-04-11,-6223000,805836000,866200000,392789000,413047000,1.277,23.051,-56771000,41916000,41916000,869074000,-53182000,1.532,0.789,60166000,7450000,52716000,60166000,31914000,63566000,0,0.0,0.0,-45084000,18482000,0.017,18482000,-45084000,-47441000,-2.88,-2.88,-2.88,448665000,508063000,448665000,479940723,-10,25.968,-41059000,-2.11,1.0,236944000,0.214,31802000,2357000,535899000,529068500,35392000,88297000,0,88297000,353955000,256385000,97570000,459122723,-3069000,-12685000,70000,48483000,0,46370000,-65626000,0,15712000,475000,-56075000,-56075000,-56075000,-1491000,2893000,-0.051,314958000,-78014000,104261000,0.0,1.023,-8.188,-8.069,277357000,0,23.24,0.415,0.409,269338000,103634000,1106018000,1106018000,0,-0.065,-0.11,-0.085,-0.041,3780000,162739000,1.0,19755711,19455000,19455000,56.85,774034000,26032000,8634000,29211000,39.767,136404000
LAYN,MRY,2012-12-31,2013-01-31,2013-01-31,2018-04-11,-6492000,812226000,829186500,381823000,430403000,1.223,21.156,-71345000,27242000,27242000,836394000,-36023000,1.487,0.962,109328000,12789000,96539000,109328000,34869000,65883000,0,0.0,0.0,-43379000,22504000,0.022,22504000,-43379000,-46680000,-1.88,-1.88,-1.88,412737000,431872000,412737000,537983612,-12,23.906,-46594000,-2.391,1.0,177530000,0.175,32401000,3301000,605167000,618774500,49913000,91785000,0,91785000,397155000,256744000,140411000,450638612,-14674000,-8041000,1004000,40927000,0,37765000,-76242000,0,24751000,-948000,-36651000,-36651000,-36651000,21041000,628000,-0.036,218110000,-40580000,86329000,0.0,1.092,-12.295,-12.059,266540000,0,22.67,0.444,0.436,247850000,66983000,1013924000,1013924000,0,-0.044,-0.085,-0.07,-0.043,2924000,152108000,1.0,19878192,19485000,19485000,52.036,779825000,56539000,-10029000,9616000,39.973,125079000
LAYN,MRY,2013-12-31,2014-01-31,2014-01-31,2018-04-11,-16540000,646618000,706068500,316857000,329761000,1.094,14.75,-25676000,30909000,30909000,645078000,-128051000,1.621,1.23,107246000,128000,107118000,107246000,31255000,61091000,0,0.0,0.0,-64623000,-3532000,-0.005,-3532000,-64623000,-71755000,-6.56,-6.56,-6.56,289464000,324968500,289464000,426866727,-6,-120.857,-26807000,-1.368,1.0,127024000,0.165,14065000,7132000,513363000,541596000,31481000,77944000,10651000,67293000,355915000,195527000,160388000,337289727,7771000,12064000,1049000,25743000,0,25109000,-15011000,0,-1131000,-1196000,-128639000,-128639000,-128639000,19674000,588000,-0.167,175107000,-48083000,60922000,0.0,1.165,-2.622,-2.585,191393000,0,16.96,0.437,0.43,176961000,-61656000,772102000,772102000,0,-0.182,-0.396,-0.119,-0.084,3237000,126315000,1.0,19887366,19598000,19598000,39.397,632553000,13714000,56884000,18681000,32.232,121330000
LAYN,MRY,2014-12-31,2015-01-31,2015-01-31,2018-04-11,-17227000,541942000,601468250,284528000,257414000,1.198,9.23,-10314000,21661000,21661000,610844000,-109327000,1.583,1.988,128708000,142000,128566000,128708000,29911000,51841000,0,0.0,0.0,-100389000,-48548000,-0.067,-48548000,-100389000,-114096000,-5.61,-5.61,-5.61,181215000,215685250,181215000,255288226,-2,-5.258,-33416000,-1.702,1.0,109724000,0.152,11582000,13707000,457711000,502960500,29092000,61828000,0,61828000,360283000,179696000,180587000,159693226,-13352000,-3367000,-28000,16593000,0,14946000,-3585000,500000,-23102000,-1611000,-110151000,-110151000,-110151000,46878000,824000,-0.153,161761000,-52037000,79554000,0.0,0.881,-1.45,-1.442,135529000,0,8.09,0.222,0.22,188765000,-171807000,720568000,720568000,0,-0.183,-0.511,-0.2,-0.139,2617000,117085000,1.0,19739583,19630000,19630000,36.707,530360000,13496000,-3945000,14237000,27.014,104832000
LAYN,MRY,2015-12-31,2016-01-31,2016-01-31,2018-04-11,-20575000,488657000,521980250,286294000,202363000,0.993,6.502,-19163000,65569000,65569000,419867000,-44805000,1.847,2.798,158986000,0,158986000,158986000,24158000,35925000,0,0.0,0.0,-26029000,9896000,0.019,9896000,-26029000,-44040000,-2.27,-2.27,-2.27,128658000,146963000,128658000,194392014,-7,19.643,-20949000,-1.062,1.0,98238000,0.19,11134000,18011000,415926000,451926250,19540000,57364000,0,57364000,359951000,155014000,204937000,101367014,43250000,42348000,-345000,22271000,0,21926000,23185000,0,-1786000,-75000,-44777000,-44777000,-44777000,-3547000,-28000,-0.086,132548000,-34310000,68548000,0.0,0.788,-2.264,-2.256,113497000,0,5.12,0.196,0.195,180799000,-216584000,518105000,518105000,0,-0.086,-0.305,-0.058,-0.05,3919000,89176000,1.0,19798245,19730000,19730000,26.26,477523000,0,737000,5483000,24.133,131280000
LAYN,MRY,2016-12-31,2017-01-31,2017-01-31,2018-04-11,-18318000,436151000,466766500,250483000,185668000,0.996,4.153,-11856000,69000000,69000000,382101000,-52236000,1.728,4.304,162355000,9000,162346000,162355000,19160000,26911000,0,0.0,0.0,-33933000,-7022000,-0.015,-7022000,-33933000,-50816000,-2.64,-2.64,-2.64,82220000,109500000,82220000,295325206,-8,-42.057,1919000,0.097,1.0,82682000,0.178,10694000,16883000,373874000,410389250,18697000,55290000,0,55290000,353883000,144938000,208945000,206561206,768000,0,-3000,-74000,0,-77000,-11856000,0,13775000,-1074000,-52236000,-52236000,-52236000,5187000,0,-0.112,114926000,-32244000,41146000,0.0,2.512,-3.954,-3.951,96985000,0,10.43,0.444,0.444,105875000,-268820000,464783000,464783000,0,-0.112,-0.477,-0.083,-0.073,3544000,76586000,1.0,19804526,19786000,19786000,23.49,425457000,0,1420000,4199000,21.49,105545000
LAYN,MRY,2017-12-31,2018-01-31,2018-01-31,2018-04-11,-18612000,370189000,385950000,168521000,201668000,1.232,2.891,-45888000,32041000,32041000,374761000,-27311000,0.973,5.437,166062000,67293000,98769000,166062000,10563000,26988000,0,0.0,0.0,-20566000,6422000,0.014,6422000,-20566000,-37686000,-1.37,-1.37,-1.37,57505000,56767000,57505000,407192117,-19,63.406,-38878000,-1.958,1.0,100756000,0.212,12759000,17120000,318221000,364425500,20020000,53325000,0,53325000,312636000,173230000,139406000,268213117,-35442000,3443000,-200000,-30000,0,-230000,-42445000,0,7010000,223000,-27311000,-27311000,-27311000,22447000,0,-0.057,102291000,-1535000,42330000,0.0,4.664,-9.821,-9.847,120604000,0,13.49,0.564,0.563,104545000,-296131000,475517000,475517000,0,-0.071,-0.481,-0.056,-0.043,3090000,74428000,1.0,19882366,19858000,19858000,23.946,357430000,0,-10375000,769000,17.967,-4709000
