ticker,dimension,calendardate,datekey,reportperiod,lastupdated,accoci,assets,assetsavg,assetsc,assetsnc,assetturnover,bvps,capex,cashneq,cashnequsd,cor,consolinc,currentratio,de,debt,debtc,debtnc,debtusd,deferredrev,depamor,deposits,divyield,dps,ebit,ebitda,ebitdamargin,ebitdausd,ebitusd,ebt,eps,epsdil,epsusd,equity,equityavg,equityusd,ev,evebit,evebitda,fcf,fcfps,fxusd,gp,grossmargin,intangibles,intexp,invcap,invcapavg,inventory,investments,investmentsc,investmentsnc,liabilities,liabilitiesc,liabilitiesnc,marketcap,ncf,ncfbus,ncfcommon,ncfdebt,ncfdiv,ncff,ncfi,ncfinv,ncfo,ncfx,netinc,netinccmn,netinccmnusd,netincdis,netincnci,netmargin,opex,opinc,payables,payoutratio,pb,pe,pe1,ppnenet,prefdivis,price,ps,ps1,receivables,retearn,revenue,revenueusd,rnd,roa,roe,roic,ros,sbcomp,sgna,sharefactor,sharesbas,shareswa,shareswadil,sps,tangibles,taxassets,taxexp,taxliabilities,tbvps,workingcapital
LEE,MRY,2011-12-31,2011-09-25,2011-09-25,2018-05-04,-6086000,1158248000,1295883750,135741000,1022507000,0.558,-2.254,-7430000,28527000,28527000,0,-146681000,0.124,-12.424,994550000,994550000,0,994550000,35365000,69496000,0,0.0,0.0,-114338000,-44842000,-0.062,-44842000,-114338000,-167034000,-3.27,-3.27,-3.27,-101346000,-4587750,-101346000,1013555384,-8,-22.603,95170000,2.117,1.0,723221000,1.0,740860000,52696000,289172000,777476750,7060000,58228000,0,58228000,1259142000,1094239000,164903000,37764384,4133000,1818000,-205000,-87330000,0,-99136000,669000,0,102600000,0,-146868000,-146868000,-146868000,1525000,187000,-0.203,818377000,-95156000,26796000,0.0,-0.373,-0.257,-0.257,202041000,0,0.84,0.052,0.052,69307000,-326062000,723221000,723221000,0,-0.113,32.013,-0.147,-0.158,1287000,556809000,1.0,44957601,44957601,,16.087,417388000,2302000,-20166000,74792000,9.284,-958498000
LEE,MRY,2012-12-31,2012-09-30,2012-09-30,2018-05-04,-13435000,1061136000,1105065250,122338000,938798000,0.64,-2.192,-7843000,13920000,13920000,0,-16299000,1.109,-10.252,926226000,11982000,914244000,926226000,34850000,65139000,0,0.0,0.0,57219000,122358000,0.173,122358000,57219000,-25859000,-0.34,-0.34,-0.34,-114633000,-102005000,-114633000,993229036,17,8.117,72855000,1.393,1.0,706921000,1.0,690746000,83078000,1172385000,954712750,7271000,52234000,0,52234000,1175192000,110311000,1064881000,77391036,-9635000,1156000,0,-60660000,0,-93068000,2735000,0,80698000,0,-16698000,-16698000,-16698000,2918000,399000,-0.024,610731000,96190000,22434000,0.0,-0.675,-4.635,-4.353,184370000,0,1.48,0.109,0.109,67925000,-342760000,706921000,706921000,0,-0.015,0.164,0.06,0.081,1080000,539564000,1.0,52291241,52291241,,13.519,370390000,8676000,-9161000,66202000,7.083,12027000
LEE,MRY,2013-12-31,2013-09-29,2013-09-29,2018-05-04,7666000,827705000,967765500,104325000,723380000,0.697,-3.25,-9740000,17562000,17562000,0,-77724000,0.975,-5.855,834558000,14371000,820187000,834558000,32605000,55637000,0,0.0,0.0,-51615000,4022000,0.006,4022000,-51615000,-141062000,-1.51,-1.51,-1.51,-170350000,-119728250,-170350000,989274950,-19,245.966,79775000,1.522,1.0,674740000,1.0,485913000,89447000,1051797000,1086445250,6409000,50047000,0,50047000,997395000,106991000,890404000,141531950,3642000,972000,103000,-98350000,0,-99318000,13445000,0,89515000,0,-78317000,-78317000,-78317000,1246000,593000,-0.116,740744000,-66004000,22448000,0.0,-0.831,-1.807,-1.788,168913000,0,2.7,0.21,0.21,63215000,-421077000,674740000,674740000,0,-0.081,0.654,-0.048,-0.076,1261000,511333000,1.0,52419241,52419241,,12.872,341792000,8651000,-62745000,26481000,6.52,-2666000
LEE,MRY,2014-12-31,2014-09-28,2014-09-28,2018-05-04,-9831000,811275000,814240750,96135000,715140000,0.812,-3.318,-13661000,16704000,16704000,0,7671000,0.81,-5.547,804750000,31400000,773350000,804750000,30903000,47173000,0,0.0,0.0,92809000,139982000,0.212,139982000,92809000,13085000,0.13,0.13,0.13,-178253000,-164591750,-178253000,977190569,10,6.981,68414000,1.274,1.0,660877000,1.0,456386000,79724000,1024227000,1033873000,6655000,48451000,0,48451000,988819000,118708000,870111000,179948569,-858000,333000,688000,-42750000,0,-73649000,-9284000,0,82075000,0,6795000,6795000,6795000,0,876000,0.01,555975000,104902000,27245000,0.0,-1.01,26.482,25.769,157371000,0,3.35,0.272,0.272,62343000,-414282000,660877000,660877000,0,0.008,-0.041,0.09,0.14,1481000,504557000,1.0,53715991,53715991,,12.303,354889000,1848000,6290000,19863000,6.607,-22573000
LEE,MRY,2015-12-31,2015-09-27,2015-09-27,2018-05-04,-16276000,747825000,777346750,82664000,665161000,0.834,-2.922,-9707000,11134000,11134000,0,24318000,0.785,-5.687,725872000,25000000,700872000,725872000,28929000,45563000,0,0.0,0.0,109319000,154882000,0.239,154882000,109319000,36910000,0.44,0.43,0.44,-159393000,-164201250,-159393000,822652448,7,5.311,64769000,1.187,1.0,648543000,1.0,429691000,72409000,927591000,966540000,3914000,44152000,0,44152000,906408000,105281000,801127000,96556448,-5570000,637000,-227000,-78878000,0,-79838000,-208000,0,74476000,0,23316000,23316000,23316000,0,1002000,0.036,547429000,101114000,20113000,0.0,-0.606,4.141,4.023,143769000,0,1.77,0.149,0.149,58899000,-390966000,648543000,648543000,0,0.03,-0.142,0.113,0.169,1971000,498456000,1.0,54551666,54551666,,11.889,318134000,413000,13594000,26993000,5.832,-22617000
LEE,MRY,2016-12-31,2016-09-25,2016-09-25,2018-05-04,-22778000,662855000,709851750,77253000,585602000,0.865,-2.304,-7091000,16984000,16984000,0,36019000,0.78,-6.152,590896000,25070000,565826000,590896000,28361000,43441000,0,0.0,0.0,121370000,164811000,0.268,164811000,121370000,57137000,0.66,0.64,0.66,-128485000,-131747250,-128485000,825879939,6,5.011,72099000,1.293,1.0,614364000,1.0,402083000,64233000,735666000,822751500,4252000,39204000,0,39204000,790396000,99018000,691378000,207469939,5850000,1575000,29000,-107455000,0,-107848000,34508000,0,79190000,0,34961000,34961000,34961000,0,1058000,0.057,518900000,95464000,18143000,0.0,-1.615,5.934,5.636,128562000,0,3.72,0.338,0.338,51334000,-356005000,614364000,614364000,0,0.049,-0.265,0.148,0.198,2306000,474588000,1.0,55771489,55771489,,11.016,260772000,0,22176000,43989000,4.676,-21765000
LEE,MRY,2017-12-31,2017-09-24,2017-09-24,2018-05-04,-16068000,620850000,641121000,67838000,553012000,0.884,-1.626,-4078000,10621000,10621000,0,28605000,0.691,-7.72,526561000,30182000,496379000,526561000,26881000,41282000,0,0.0,0.0,96665000,137947000,0.243,137947000,96665000,39092000,0.51,0.5,0.51,-92235000,-104581000,-92235000,639490512,6,4.636,68203000,1.203,1.0,566943000,1.0,382728000,57573000,655854000,686120250,3616000,39130000,0,39130000,712063000,98208000,613855000,119106512,-6363000,-7461000,-34000,-68782000,0,-69189000,-9455000,0,72281000,0,27481000,27481000,27481000,0,1124000,0.048,482005000,84938000,17027000,0.0,-1.291,4.334,4.118,114196000,0,2.1,0.21,0.21,49469000,-328524000,566943000,566943000,0,0.043,-0.263,0.141,0.171,2088000,434350000,1.0,56717387,56717387,,9.996,238122000,0,11611000,59077000,4.198,-30370000
