ticker,dimension,calendardate,datekey,reportperiod,lastupdated,accoci,assets,assetsavg,assetsc,assetsnc,assetturnover,bvps,capex,cashneq,cashnequsd,cor,consolinc,currentratio,de,debt,debtc,debtnc,debtusd,deferredrev,depamor,deposits,divyield,dps,ebit,ebitda,ebitdamargin,ebitdausd,ebitusd,ebt,eps,epsdil,epsusd,equity,equityavg,equityusd,ev,evebit,evebitda,fcf,fcfps,fxusd,gp,grossmargin,intangibles,intexp,invcap,invcapavg,inventory,investments,investmentsc,investmentsnc,liabilities,liabilitiesc,liabilitiesnc,marketcap,ncf,ncfbus,ncfcommon,ncfdebt,ncfdiv,ncff,ncfi,ncfinv,ncfo,ncfx,netinc,netinccmn,netinccmnusd,netincdis,netincnci,netmargin,opex,opinc,payables,payoutratio,pb,pe,pe1,ppnenet,prefdivis,price,ps,ps1,receivables,retearn,revenue,revenueusd,rnd,roa,roe,roic,ros,sbcomp,sgna,sharefactor,sharesbas,shareswa,shareswadil,sps,tangibles,taxassets,taxexp,taxliabilities,tbvps,workingcapital
LM,MRY,2011-12-31,2011-03-31,2011-03-31,2018-02-05,93361000,8707756000,8532902250,2446556000,6261200000,0.326,37.904,-32904000,1422324000,1422324000,0,245763000,2.525,0.503,1730188000,250792000,1479396000,1730188000,0,102748000,0,0.006,0.2,465514000,568262000,0.204,568262000,465514000,373357000,1.63,1.63,1.63,5770384000,5705567000,5770384000,5891419862,12,10.367,379236000,2.491,1.0,2784317000,1.0,5188427000,92157000,2858221000,2846197250,0,796104000,483339000,312765000,2900660000,968972000,1931688000,5494239862,-89970000,0,-431025000,-10540000,-26813000,-468466000,-44471000,-11567000,412140000,10827000,253923000,253923000,253923000,0,-8160000,0.091,2397509000,386808000,207870000,0.123,0.952,21.637,22.141,286705000,0,36.09,1.973,1.973,366571000,1550906000,2784317000,2784317000,0,0.03,0.045,0.164,0.167,56245000,2152974000,1.0,152237181,152237181,,18.289,3519329000,314568000,119434000,266193000,23.117,1477584000
LM,MRY,2012-12-31,2012-03-31,2012-03-31,2018-02-05,71472000,8555747000,8444724500,2457794000,6097953000,0.315,40.631,-31822000,1410569000,1410569000,0,231031000,2.519,0.503,1658599000,251278000,1407321000,1658599000,0,93795000,0,0.011,0.32,380453000,474248000,0.178,474248000,380453000,292869000,1.54,1.54,1.54,5677291000,5644099500,5677291000,4278952188,11,9.023,464947000,3.327,1.0,2662574000,1.0,5131911000,87584000,2696084000,2774018250,0,738547000,443694000,294853000,2854425000,975782000,1878643000,3902625188,6345000,3060000,-401797000,-19323000,-43602000,-481780000,2330000,19871000,496769000,-10974000,220817000,220817000,220817000,0,10214000,0.083,2323821000,338753000,195808000,0.208,0.687,17.674,18.136,239411000,0,27.93,1.466,1.466,333777000,1727616000,2662574000,2662574000,0,0.026,0.039,0.137,0.143,48735000,2078938000,1.0,139728793,139728793,,19.055,3423836000,260097000,72052000,242567000,24.503,1482012000
LM,MRY,2013-12-31,2013-03-31,2013-03-31,2018-02-05,47539000,7269660000,7514656500,1942862000,5326798000,0.348,37.364,-38351000,988389000,988389000,0,-359748000,2.766,0.504,1363109000,60758000,1302351000,1363109000,0,87848000,0,0.014,0.44,-441267000,-353419000,-0.135,-353419000,-441267000,-504186000,-2.65,-2.65,-2.65,4818351000,5162387500,4818351000,4596384227,-10,-13.005,264981000,2.055,1.0,2612650000,1.0,4446727000,62919000,2495187000,2667174250,0,606425000,395872000,210553000,2430300000,702466000,1727834000,4145929227,-449227000,-55277000,-425516000,-241822000,-55250000,-735897000,-11023000,89850000,303332000,-5639000,-353327000,-353327000,-353327000,0,-6421000,-0.135,3047149000,-434499000,214803000,-0.166,0.86,-11.734,-12.132,201819000,0,32.15,1.587,1.587,350726000,1309088000,2612650000,2612650000,0,-0.047,-0.068,-0.165,-0.169,58983000,2110700000,1.0,128955808,128955808,,20.26,2822933000,364618000,-150859000,161298000,21.891,1240396000
LM,MRY,2014-12-31,2014-03-31,2014-03-31,2018-02-05,37949000,7111349000,6986172250,2128591000,4982758000,0.392,39.669,-40452000,927849000,927849000,0,281836000,2.592,0.496,1128200000,89374000,1038826000,1128200000,0,62845000,0,0.011,0.52,475500000,538345000,0.196,538345000,475500000,422589000,2.34,2.33,2.34,4724724000,4744621250,4724724000,6188414539,13,11.495,396872000,3.332,1.0,2741757000,1.0,4412296000,52911000,2078159000,2273959250,0,549999000,518189000,31810000,2341481000,821245000,1520236000,5840876539,-75014000,1351000,-359996000,-243686000,-61966000,-639071000,137627000,182529000,437324000,-10894000,284784000,284784000,284784000,0,-2948000,0.104,2114877000,626880000,214819000,0.222,1.236,20.51,20.957,189241000,0,49.04,2.13,2.13,348633000,1526662000,2741757000,2741757000,0,0.041,0.06,0.209,0.173,66488000,2100402000,1.0,119104334,119104334,,23.02,2699053000,351852000,137805000,265583000,22.661,1307346000
LM,MRY,2015-12-31,2015-03-31,2015-03-31,2018-02-05,-60742000,7064834000,7077757500,1921287000,5143547000,0.398,39.81,-45773000,704474000,704474000,0,242709000,2.357,0.565,1048946000,0,1048946000,1048946000,0,55086000,0,0.012,0.64,420638000,475724000,0.169,475724000,420638000,362364000,2.06,2.04,2.06,4484901000,4577123500,4484901000,6595540984,15,13.864,522345000,4.637,1.0,2819106000,1.0,4652844000,58274000,1941416000,2101476000,0,502735000,502735000,0,2534413000,815046000,1719367000,6218635984,-188470000,-136746000,-356522000,-71440000,-70815000,-507062000,-208043000,47000,568118000,-41483000,237080000,237080000,237080000,0,5629000,0.084,2320887000,498219000,208210000,0.311,1.387,26.23,26.796,179606000,0,55.2,2.206,2.206,368399000,1690055000,2819106000,2819106000,0,0.033,0.052,0.2,0.149,66245000,2095148000,1.0,112656449,112656449,,25.024,2411990000,331684000,125284000,362209000,21.41,1106241000
LM,MRY,2016-12-31,2016-03-31,2016-03-31,2018-02-05,-66493000,7520446000,7016565250,2385044000,5135402000,0.379,39.12,-40330000,1349003000,1349003000,0,-32910000,2.834,0.738,1780985000,40000000,1740985000,1780985000,0,60297000,0,0.029,1.0,31123000,91420000,0.034,91420000,31123000,-17340000,-0.25,-0.25,-0.25,4213563000,4369634750,4213563000,4250689838,136,46.496,414121000,3.845,1.0,2660844000,1.0,4626001000,48463000,2484874000,2191315500,0,564050000,564050000,0,3108896000,841553000,2267343000,3735316838,659574000,-234053000,-209632000,726254000,-84093000,465772000,-244569000,8749000,454451000,-16080000,-25032000,-25032000,-25032000,0,-7878000,-0.009,2610013000,50831000,201572000,-4.0,0.886,-149.222,-138.72,163305000,0,34.68,1.404,1.404,334922000,1576242000,2660844000,2660844000,0,-0.004,-0.006,0.014,0.012,92927000,2038822000,1.0,107708098,107708098,,24.704,2894445000,206797000,7692000,260386000,26.873,1543491000
LM,MRY,2017-12-31,2017-03-31,2017-03-31,2018-02-05,-106784000,8290415000,8275357500,1801747000,6488668000,0.349,40.877,-39977000,750406000,750406000,0,286703000,2.226,0.904,2221867000,0,2221867000,2221867000,0,80213000,0,0.024,0.88,424604000,504817000,0.175,504817000,424604000,311431000,2.19,2.18,2.19,3983374000,4028681500,3983374000,5035431931,11,9.975,499795000,5.129,1.0,2886902000,1.0,5959269000,113173000,2993220000,3020790500,0,473520000,473520000,0,3601471000,809387000,2792084000,3518808931,-595417000,-990959000,-381672000,442361000,-87897000,-116877000,-1019665000,8289000,539772000,1353000,227256000,227256000,227256000,0,59447000,0.079,2464659000,422243000,181793000,0.402,0.883,15.484,16.489,159662000,0,36.11,1.219,1.219,433192000,1694859000,2886902000,2886902000,0,0.027,0.056,0.141,0.147,93008000,2196058000,1.0,97446938,97446938,,29.625,2331146000,202843000,84175000,329229000,23.922,992360000
