ticker,dimension,calendardate,datekey,reportperiod,lastupdated,accoci,assets,assetsavg,assetsc,assetsnc,assetturnover,bvps,capex,cashneq,cashnequsd,cor,consolinc,currentratio,de,debt,debtc,debtnc,debtusd,deferredrev,depamor,deposits,divyield,dps,ebit,ebitda,ebitdamargin,ebitdausd,ebitusd,ebt,eps,epsdil,epsusd,equity,equityavg,equityusd,ev,evebit,evebitda,fcf,fcfps,fxusd,gp,grossmargin,intangibles,intexp,invcap,invcapavg,inventory,investments,investmentsc,investmentsnc,liabilities,liabilitiesc,liabilitiesnc,marketcap,ncf,ncfbus,ncfcommon,ncfdebt,ncfdiv,ncff,ncfi,ncfinv,ncfo,ncfx,netinc,netinccmn,netinccmnusd,netincdis,netincnci,netmargin,opex,opinc,payables,payoutratio,pb,pe,pe1,ppnenet,prefdivis,price,ps,ps1,receivables,retearn,revenue,revenueusd,rnd,roa,roe,roic,ros,sbcomp,sgna,sharefactor,sharesbas,shareswa,shareswadil,sps,tangibles,taxassets,taxexp,taxliabilities,tbvps,workingcapital
LNN,MRY,2011-12-31,2011-08-31,2011-08-31,2018-03-29,6462000,381144000,356993250,257693000,123451000,1.341,21.833,-8325000,108167000,108167000,349105000,36802000,3.249,0.383,8571000,4286000,4285000,8571000,0,11734000,0,0.006,0.345,57276000,69010000,0.144,69010000,57276000,56514000,2.93,2.9,2.93,275665000,256197500,275665000,690935282,12,10.012,34730000,2.765,1.0,129785000,0.271,59582000,762000,142647000,143117500,49524000,0,0,0,105479000,79319000,26160000,781860282,24749000,-6180000,3579000,-4286000,-4342000,-3405000,-15624000,-1119000,43055000,723000,36802000,36802000,36802000,0,0,0.077,73199000,56586000,32153000,0.118,2.836,21.245,21.229,58465000,0,62.2,1.633,1.631,79006000,302732000,478890000,478890000,10403000,0.103,0.144,0.4,0.12,3474000,61501000,1.0,12570101,12560000,12692000,38.128,321562000,8598000,19712000,12550000,25.468,178374000
LNN,MRY,2012-12-31,2012-08-31,2012-08-31,2018-03-29,-877000,415531000,402540250,298865000,116666000,1.369,24.445,-9774000,143444000,143444000,402737000,43277000,3.715,0.337,4285000,4285000,0,4285000,0,12468000,0,0.006,0.385,65600000,78068000,0.142,78068000,65600000,65108000,3.41,3.38,3.41,310838000,293752750,310838000,716626883,10,9.18,42665000,3.358,1.0,148518000,0.269,55031000,492000,140903000,150639250,52873000,0,0,0,104693000,80438000,24255000,831054883,35277000,0,567000,-4286000,-4894000,-8803000,-6849000,2925000,52439000,-1510000,43277000,43277000,43277000,0,0,0.079,83008000,65510000,31372000,0.113,2.674,19.203,19.167,56180000,0,65.36,1.508,1.506,82565000,341115000,551255000,551255000,9481000,0.108,0.147,0.435,0.119,3939000,73527000,1.0,12715038,12704000,12810000,43.392,360500000,9505000,21831000,9984000,28.35,218427000
LNN,MRY,2013-12-31,2013-08-31,2013-08-31,2018-03-29,-2316000,512296000,488944250,368791000,143505000,1.413,29.592,-11136000,151927000,151927000,496014000,70570000,3.612,0.346,0,0,0,0,0,12600000,0,0.006,0.48,107611000,120211000,0.174,120211000,107611000,107307000,5.5,5.47,5.5,380638000,356407500,380638000,808591107,7,6.726,46369000,3.614,1.0,194834000,0.282,73421000,304000,184856000,165869500,68607000,0,0,0,131658000,102092000,29566000,977735107,8483000,-29007000,2036000,-4285000,-6105000,-7995000,-41081000,-960000,57505000,54000,70570000,70570000,70570000,0,0,0.102,87773000,107061000,42276000,0.087,2.569,13.855,13.822,65064000,0,76.02,1.415,1.412,120291000,405580000,690848000,690848000,11395000,0.144,0.198,0.649,0.156,4573000,76378000,1.0,12861551,12830000,12901000,53.846,438875000,12705000,36737000,15415000,34.119,266699000
LNN,MRY,2014-12-31,2014-08-31,2014-08-31,2018-03-29,-2201000,526551000,529361000,374058000,152493000,1.167,30.165,-17715000,171842000,171842000,446938000,51512000,3.214,0.376,0,0,0,0,0,14793000,0,0.012,0.92,78842000,93635000,0.152,93635000,78842000,78655000,4.01,4.0,4.01,382647000,391261750,382647000,808088011,10,8.63,74083000,5.773,1.0,170995000,0.277,69001000,187000,169341000,180823750,71696000,0,0,0,143904000,116367000,27537000,990139011,19915000,0,-40604000,0,-11726000,-53595000,-18476000,-795000,91798000,188000,51512000,51512000,51512000,0,0,0.083,92637000,78358000,42424000,0.229,2.588,19.222,19.397,72457000,0,77.78,1.602,1.615,94135000,445366000,617933000,617933000,11125000,0.097,0.132,0.436,0.128,4207000,81512000,1.0,12729995,12832000,12882000,48.156,457550000,17714000,27143000,12992000,36.07,257691000
LNN,MRY,2015-12-31,2015-08-31,2015-08-31,2018-03-29,-15308000,536468000,550804750,322167000,214301000,1.017,25.363,-15244000,141119000,141119000,403860000,26309000,3.387,0.859,117366000,193000,117173000,117366000,0,16412000,0,0.014,1.09,49377000,65789000,0.117,65789000,49377000,46751000,2.23,2.22,2.23,288560000,323007500,288560000,835672625,16,12.702,34049000,2.881,1.0,156321000,0.279,128721000,2626000,288882000,269152750,74930000,0,0,0,247908000,95112000,152796000,872286625,-32749000,-69521000,-96489000,114888000,-12772000,3301000,-79585000,6271000,49293000,-5758000,26309000,26309000,26309000,0,0,0.047,105626000,50695000,38814000,0.489,3.023,33.155,34.184,78656000,0,76.23,1.557,1.608,74063000,458903000,560181000,560181000,12849000,0.048,0.081,0.183,0.088,3332000,92777000,1.0,11442826,11818000,11855000,47.401,407747000,15807000,20442000,18971000,35.84,227055000
LNN,MRY,2016-12-31,2016-08-31,2016-08-31,2018-03-29,-14172000,487515000,492903500,276775000,210740000,1.048,23.659,-11496000,103276000,103276000,367798000,20267000,3.15,0.938,117173000,197000,116976000,117173000,0,16881000,0,0.016,1.13,34039000,50920000,0.099,50920000,34039000,29288000,1.86,1.85,1.86,251567000,257453500,251567000,790666723,23,15.528,21629000,1.983,1.0,148613000,0.288,124003000,4751000,289549000,290501750,74750000,0,0,0,235948000,87860000,148088000,764943723,-37847000,0,-48222000,-193000,-12244000,-61371000,-9898000,457000,33125000,297000,20267000,20267000,20267000,0,0,0.039,114238000,34375000,32268000,0.608,3.041,37.743,38.688,77627000,0,71.96,1.481,1.52,80610000,466926000,516411000,516411000,15846000,0.041,0.079,0.117,0.066,3060000,98392000,1.0,10630124,10906000,10930000,47.351,363512000,4225000,9021000,1223000,34.187,188915000
LNN,MRY,2017-12-31,2017-08-31,2017-08-31,2018-03-29,-12108000,506032000,497219500,292934000,213098000,1.042,25.255,-8863000,121620000,121620000,372973000,23179000,3.183,0.874,116976000,201000,116775000,116976000,0,16678000,0,0.014,1.17,40472000,57150000,0.11,57150000,40472000,35715000,2.17,2.17,2.17,270055000,258876000,270055000,929216827,22,16.259,30586000,2.868,1.0,145012000,0.28,119939000,4757000,289412000,290321750,86155000,0,0,0,235977000,92037000,143940000,925402827,20374000,0,3020000,-197000,-12490000,-10302000,-9979000,-1349000,39449000,1206000,23179000,23179000,23179000,0,0,0.045,104811000,40201000,36717000,0.539,3.427,39.924,39.894,74498000,0,86.57,1.787,1.783,73850000,477615000,517985000,517985000,17147000,0.047,0.09,0.139,0.078,3598000,87664000,1.0,10689648,10666000,10694000,48.564,386093000,5311000,12536000,1191000,36.107,200897000
