ticker,dimension,calendardate,datekey,reportperiod,lastupdated,accoci,assets,assetsavg,assetsc,assetsnc,assetturnover,bvps,capex,cashneq,cashnequsd,cor,consolinc,currentratio,de,debt,debtc,debtnc,debtusd,deferredrev,depamor,deposits,divyield,dps,ebit,ebitda,ebitdamargin,ebitdausd,ebitusd,ebt,eps,epsdil,epsusd,equity,equityavg,equityusd,ev,evebit,evebitda,fcf,fcfps,fxusd,gp,grossmargin,intangibles,intexp,invcap,invcapavg,inventory,investments,investmentsc,investmentsnc,liabilities,liabilitiesc,liabilitiesnc,marketcap,ncf,ncfbus,ncfcommon,ncfdebt,ncfdiv,ncff,ncfi,ncfinv,ncfo,ncfx,netinc,netinccmn,netinccmnusd,netincdis,netincnci,netmargin,opex,opinc,payables,payoutratio,pb,pe,pe1,ppnenet,prefdivis,price,ps,ps1,receivables,retearn,revenue,revenueusd,rnd,roa,roe,roic,ros,sbcomp,sgna,sharefactor,sharesbas,shareswa,shareswadil,sps,tangibles,taxassets,taxexp,taxliabilities,tbvps,workingcapital
LRN,MRY,2011-12-31,2011-06-30,2011-06-30,2018-04-25,28000,582095000,478969500,348099000,233996000,1.091,13.022,-47649000,194600000,194600000,307111000,11665000,4.161,0.25,24208000,13357000,10851000,24208000,21907000,42934000,0,0.0,0.0,25341000,68275000,0.131,68275000,25341000,24134000,0.37,0.37,0.37,448621000,307505250,448621000,1166700435,46,17.088,19564000,0.62,1.0,215323000,0.412,173923000,1207000,154128000,174727250,30554000,10000000,0,10000000,112148000,83652000,28496000,1183240435,111348000,-35382000,138983000,-15172000,0,127138000,-83031000,0,67213000,28000,12792000,12792000,12792000,0,-1127000,0.024,191109000,24214000,21176000,0.0,2.638,92.498,89.568,46625000,0,33.14,2.265,2.003,96235000,-126704000,522434000,522434000,16347000,0.027,0.042,0.145,0.049,4512000,174762000,1.0,35704298,31577758,34635594,16.544,408172000,7175000,11342000,0,11.848,264447000
LRN,MRY,2012-12-31,2012-06-30,2012-06-30,2018-04-25,100000,648835000,652627750,386839000,261996000,1.085,13.17,-48600000,146153000,146153000,408560000,16109000,3.963,0.325,32996000,17095000,15901000,32996000,25410000,58033000,0,0.0,0.0,30414000,88447000,0.125,88447000,30414000,29425000,0.46,0.45,0.46,473494000,467140000,473494000,760443907,25,8.598,-15609000,-0.436,1.0,299847000,0.423,193409000,989000,244656000,244682000,37853000,10000000,0,10000000,153987000,97613000,56374000,849186907,-48447000,-12641000,2088000,-18420000,0,-19767000,-61241000,0,32991000,-430000,17543000,17543000,17543000,0,-1434000,0.025,270867000,28980000,23951000,0.0,1.793,48.406,50.652,55903000,0,23.3,1.199,1.178,160922000,-109161000,708407000,708407000,25593000,0.027,0.038,0.124,0.043,13189000,245274000,1.0,36445790,35802678,38740863,19.786,455426000,16140000,11882000,0,12.668,289226000
LRN,MRY,2013-12-31,2013-06-30,2013-06-30,2018-04-25,-294000,718896000,724255250,457949000,260947000,1.171,14.469,-50345000,181480000,181480000,498398000,26534000,4.194,0.321,35892000,19785000,16107000,35892000,28567000,65737000,0,0.0,0.0,47283000,113020000,0.133,113020000,47283000,48134000,0.72,0.72,0.72,530162000,505112750,530162000,862162878,18,7.628,44042000,1.214,1.0,349822000,0.412,201655000,-851000,262466000,284471500,44395000,0,0,0,169938000,109187000,60751000,977313878,36828000,0,4707000,-21808000,0,-7306000,-50345000,0,94387000,92000,28111000,28111000,28111000,0,-1577000,0.033,304116000,45706000,21838000,0.0,1.843,34.766,36.486,56142000,0,26.27,1.152,1.123,186459000,-81050000,848220000,848220000,21084000,0.039,0.056,0.166,0.056,4579000,283032000,1.0,37202660,36267345,39017345,23.388,517241000,11368000,20023000,0,14.116,348762000
LRN,MRY,2014-12-31,2014-06-30,2014-06-30,2018-04-25,-112000,711667000,749026500,465201000,246466000,1.228,13.724,-49369000,196109000,196109000,569219000,18116000,4.089,0.314,36939000,20492000,16447000,36939000,24353000,86267000,0,0.0,0.0,30744000,117011000,0.127,117011000,30744000,30675000,0.5,0.5,0.5,528930000,531162000,528930000,804314889,26,6.874,73504000,1.885,1.0,350334000,0.381,192498000,69000,246239000,277356000,33830000,0,0,0,165936000,113760000,52176000,952041889,14629000,0,-43272000,-23084000,0,-63402000,-45804000,-2100000,122873000,962000,19600000,19600000,19600000,0,-1484000,0.021,321074000,29260000,30976000,0.0,1.8,48.574,48.14,48581000,0,24.07,1.035,1.021,194676000,-61450000,919553000,919553000,14220000,0.026,0.037,0.111,0.033,21149000,313258000,1.0,39553049,38987470,39230516,23.586,519169000,7732000,11075000,0,13.471,351441000
LRN,MRY,2015-12-31,2015-06-30,2015-06-30,2018-04-25,-1065000,708599000,724700250,458963000,249636000,1.309,14.388,-61740000,195852000,195852000,607756000,9326000,4.148,0.302,29657000,16635000,13022000,29657000,24927000,80282000,0,0.0,0.0,16889000,97171000,0.102,97171000,16889000,16798000,0.29,0.29,0.29,536938000,520830250,536938000,374790648,22,3.857,58345000,1.563,1.0,340538000,0.359,208734000,91000,223013000,274211250,29571000,0,0,0,162060000,110657000,51403000,485346648,-257000,-6512000,-28571000,-21939000,0,-50392000,-68252000,0,120085000,-1698000,10988000,10988000,10988000,0,-1662000,0.012,322111000,18427000,29819000,0.0,0.904,44.171,43.621,34407000,0,12.65,0.512,0.498,188246000,-50462000,948294000,948294000,14381000,0.015,0.021,0.062,0.018,21181000,307730000,1.0,38367324,37330569,37625425,25.403,499865000,8989000,5810000,0,13.395,348306000
LRN,MRY,2016-12-31,2016-06-30,2016-06-30,2018-04-25,-293000,734055000,730090750,445855000,288200000,1.195,14.793,-62900000,213989000,213989000,546510000,8551000,3.624,0.3,23132000,13210000,9922000,23132000,25964000,68225000,0,0.0,0.0,14398000,82623000,0.095,82623000,14398000,13781000,0.24,0.23,0.24,558720000,542554500,558720000,311767332,21,3.773,58878000,1.565,1.0,326190000,0.374,243809000,617000,176377000,224158000,30631000,0,0,0,167833000,123012000,44821000,488162332,18137000,-19953000,-3380000,-17402000,0,-20776000,-82853000,0,121778000,-12000,9035000,9035000,9035000,0,-484000,0.01,312276000,13914000,25919000,0.0,0.874,54.03,52.042,28447000,0,12.49,0.559,0.538,169554000,-41427000,872700000,872700000,10071000,0.012,0.017,0.064,0.016,18610000,302205000,1.0,39084254,37613782,38850388,23.202,490246000,0,4746000,0,12.98,322843000
LRN,MRY,2017-12-31,2017-06-30,2017-06-30,2018-04-25,-170000,735284000,744788250,473582000,261702000,1.193,14.819,-48224000,230864000,230864000,557316000,-459000,4.022,0.279,21905000,11880000,10025000,21905000,24830000,74280000,0,0.0,0.0,4039000,78319000,0.088,78319000,4039000,5847000,0.01,0.01,0.01,574346000,562429500,574346000,557451594,138,7.118,40504000,1.058,1.0,331203000,0.373,229348000,-1808000,179226000,219400250,30503000,0,0,0,160238000,117751000,42487000,726937594,16875000,71000,762000,-15697000,0,-14644000,-57198000,-9134000,88728000,-11000,451000,451000,451000,0,-910000,0.001,318074000,13129000,30052000,0.0,1.266,1611.835,1792.0,26297000,0,17.92,0.818,0.772,192205000,-40976000,888519000,888519000,12457000,0.001,0.001,0.018,0.005,22307000,305617000,1.0,40565714,38298581,39500934,23.2,505936000,0,5396000,0,13.054,355831000
