ticker,dimension,calendardate,datekey,reportperiod,lastupdated,accoci,assets,assetsavg,assetsc,assetsnc,assetturnover,bvps,capex,cashneq,cashnequsd,cor,consolinc,currentratio,de,debt,debtc,debtnc,debtusd,deferredrev,depamor,deposits,divyield,dps,ebit,ebitda,ebitdamargin,ebitdausd,ebitusd,ebt,eps,epsdil,epsusd,equity,equityavg,equityusd,ev,evebit,evebitda,fcf,fcfps,fxusd,gp,grossmargin,intangibles,intexp,invcap,invcapavg,inventory,investments,investmentsc,investmentsnc,liabilities,liabilitiesc,liabilitiesnc,marketcap,ncf,ncfbus,ncfcommon,ncfdebt,ncfdiv,ncff,ncfi,ncfinv,ncfo,ncfx,netinc,netinccmn,netinccmnusd,netincdis,netincnci,netmargin,opex,opinc,payables,payoutratio,pb,pe,pe1,ppnenet,prefdivis,price,ps,ps1,receivables,retearn,revenue,revenueusd,rnd,roa,roe,roic,ros,sbcomp,sgna,sharefactor,sharesbas,shareswa,shareswadil,sps,tangibles,taxassets,taxexp,taxliabilities,tbvps,workingcapital
LTRX,MRY,2011-12-31,2011-06-30,2011-06-30,2018-04-28,399000,31192000,33933250,19714000,11478000,1.453,1.401,-413000,5836000,5836000,24907000,-5271000,1.36,1.121,1545000,667000,878000,1545000,0,1143000,0,0.0,0.0,-5092000,-3949000,-0.08,-3949000,-5092000,-5215000,-0.51,-0.51,-0.51,14703000,17220750,14703000,19791525,-3,-5.012,-4525000,-0.434,1.0,24414000,0.495,9542000,123000,2867000,2869500,9160000,0,0,0,16489000,14492000,1997000,26531525,-4239000,0,93000,414000,0,212000,-413000,0,-4112000,74000,-5271000,-5271000,-5271000,0,0,-0.107,29478000,-5064000,8358000,0.0,1.804,-5.033,-4.961,1761000,0,2.53,0.538,0.535,3544000,-178477000,49321000,49321000,7033000,-0.155,-0.306,-1.775,-0.103,1603000,22373000,1.0,10486769,10434000,10434000,4.727,21650000,569000,56000,569000,2.063,5222000
LTRX,MRY,2012-12-31,2012-06-30,2012-06-30,2018-04-28,399000,32645000,27716500,21174000,11471000,1.637,1.651,-639000,11374000,11374000,23236000,-3040000,2.077,0.488,882000,667000,215000,882000,0,988000,0,0.0,0.0,-2870000,-1882000,-0.041,-1882000,-2870000,-2967000,-0.27,-0.27,-0.27,21932000,14974250,21932000,28559875,-9,-15.175,-3162000,-0.281,1.0,22146000,0.488,9488000,97000,2470000,2699000,5955000,0,0,0,10713000,10195000,518000,29364875,5538000,0,9554000,-824000,0,8700000,-639000,0,-2523000,0,-3040000,-3040000,-3040000,0,0,-0.067,24934000,-2788000,3563000,0.0,1.339,-9.659,-7.556,1605000,0,2.04,0.647,0.506,3296000,-181517000,45382000,45382000,6910000,-0.11,-0.203,-1.063,-0.063,745000,17684000,1.0,14394547,11253000,11253000,4.033,23157000,291000,73000,291000,1.743,10979000
LTRX,MRY,2013-12-31,2013-06-30,2013-06-30,2018-04-28,371000,29359000,32108000,17621000,11738000,1.453,1.369,-866000,5243000,5243000,24555000,-2769000,1.937,0.471,221000,167000,54000,221000,0,852000,0,0.0,0.0,-2656000,-1804000,-0.039,-1804000,-2656000,-2715000,-0.19,-0.19,-0.19,19957000,21010000,19957000,16281027,-6,-9.025,-5345000,-0.367,1.0,22100000,0.474,9488000,59000,5750000,4982750,8741000,0,0,0,9402000,9099000,303000,23036027,-6131000,0,0,-760000,0,-786000,-866000,0,-4479000,0,-2769000,-2769000,-2769000,0,0,-0.059,24738000,-2638000,2870000,0.0,1.154,-8.319,-8.316,1687000,0,1.58,0.494,0.494,3206000,-184286000,46655000,46655000,6748000,-0.086,-0.132,-0.533,-0.057,848000,17990000,1.0,14579764,14574000,14574000,3.201,19871000,476000,54000,476000,1.363,8522000
LTRX,MRY,2014-12-31,2014-06-30,2014-06-30,2018-04-28,371000,30682000,29892750,19182000,11500000,1.49,1.368,-595000,6264000,6264000,22261000,-933000,1.848,0.521,7000,0,7000,7000,0,895000,0,0.0,0.0,-844000,51000,0.001,51000,-844000,-872000,-0.06,-0.06,-0.06,20166000,20015250,20166000,23084926,-27,452.646,962000,0.066,1.0,22285000,0.5,9488000,28000,4559000,4737750,8404000,0,0,0,10516000,10378000,138000,28944926,1021000,0,273000,-214000,0,59000,-595000,0,1557000,0,-933000,-933000,-933000,0,0,-0.021,23101000,-816000,4547000,0.0,1.435,-31.024,-32.833,1487000,0,1.97,0.65,0.648,3990000,-185219000,44546000,44546000,6746000,-0.031,-0.047,-0.178,-0.019,869000,16355000,1.0,14692856,14657000,14657000,3.039,21194000,400000,61000,400000,1.438,8804000
LTRX,MRY,2015-12-31,2015-06-30,2015-06-30,2018-04-28,371000,28971000,29686750,17919000,11052000,1.447,1.246,-577000,4989000,4989000,22648000,-2771000,1.787,0.549,852000,700000,152000,852000,0,878000,0,0.0,0.0,-2696000,-1818000,-0.042,-1818000,-2696000,-2713000,-0.19,-0.19,-0.19,18709000,19518250,18709000,19064638,-7,-10.487,-2217000,-0.149,1.0,20298000,0.473,9488000,17000,5316000,4802500,9503000,0,0,0,10262000,10030000,232000,24654638,-1275000,0,352000,643000,0,942000,-577000,0,-1640000,0,-2771000,-2771000,-2771000,0,0,-0.065,22964000,-2666000,3633000,0.0,1.318,-8.897,-8.684,1471000,0,1.65,0.574,0.573,3027000,-187990000,42946000,42946000,6923000,-0.093,-0.142,-0.561,-0.063,1015000,16041000,1.0,14942205,14904000,14904000,2.882,19483000,0,58000,0,1.298,7889000
LTRX,MRY,2016-12-31,2016-06-30,2016-06-30,2018-04-28,371000,27779000,27544500,16659000,11120000,1.474,1.268,-570000,5962000,5962000,21214000,-1962000,2.193,0.409,116000,0,116000,116000,0,759000,0,0.0,0.0,-1867000,-1108000,-0.027,-1108000,-1867000,-1899000,-0.13,-0.13,-0.13,19718000,18502750,19718000,11546449,-6,-10.421,-357000,-0.023,1.0,19378000,0.477,9488000,32000,4847000,5306500,6584000,0,0,0,8061000,7598000,463000,14768449,973000,0,2149000,-771000,0,1330000,-570000,0,213000,0,-1962000,-1962000,-1962000,0,0,-0.048,21306000,-1928000,2721000,0.0,0.749,-7.527,-7.462,1569000,0,0.97,0.364,0.365,3533000,-189952000,40592000,40592000,6910000,-0.071,-0.106,-0.352,-0.046,870000,14396000,1.0,15225206,15260000,15260000,2.66,18291000,0,63000,0,1.176,9061000
LTRX,MRY,2017-12-31,2017-06-30,2017-06-30,2018-04-28,371000,30132000,29298250,19380000,10752000,1.527,1.17,-236000,8073000,8073000,21150000,-277000,2.156,0.456,59000,0,59000,59000,0,594000,0,0.0,0.0,-186000,408000,0.009,408000,-186000,-209000,-0.02,-0.02,-0.02,20688000,20225750,20688000,35418128,-190,86.809,1836000,0.105,1.0,23580000,0.527,9488000,23000,3641000,4201000,6959000,0,0,0,9444000,8989000,455000,42736128,2111000,0,529000,-60000,0,275000,-236000,0,2072000,0,-277000,-277000,-277000,0,0,-0.006,23763000,-183000,2717000,0.0,2.066,-154.282,-121.5,1218000,0,2.43,0.955,0.948,3908000,-190235000,44730000,44730000,7960000,-0.009,-0.014,-0.044,-0.004,912000,15803000,1.0,17586884,17451000,17451000,2.563,20644000,0,68000,0,1.168,10391000
