ticker,dimension,calendardate,datekey,reportperiod,lastupdated,accoci,assets,assetsavg,assetsc,assetsnc,assetturnover,bvps,capex,cashneq,cashnequsd,cor,consolinc,currentratio,de,debt,debtc,debtnc,debtusd,deferredrev,depamor,deposits,divyield,dps,ebit,ebitda,ebitdamargin,ebitdausd,ebitusd,ebt,eps,epsdil,epsusd,equity,equityavg,equityusd,ev,evebit,evebitda,fcf,fcfps,fxusd,gp,grossmargin,intangibles,intexp,invcap,invcapavg,inventory,investments,investmentsc,investmentsnc,liabilities,liabilitiesc,liabilitiesnc,marketcap,ncf,ncfbus,ncfcommon,ncfdebt,ncfdiv,ncff,ncfi,ncfinv,ncfo,ncfx,netinc,netinccmn,netinccmnusd,netincdis,netincnci,netmargin,opex,opinc,payables,payoutratio,pb,pe,pe1,ppnenet,prefdivis,price,ps,ps1,receivables,retearn,revenue,revenueusd,rnd,roa,roe,roic,ros,sbcomp,sgna,sharefactor,sharesbas,shareswa,shareswadil,sps,tangibles,taxassets,taxexp,taxliabilities,tbvps,workingcapital
LULU,MRY,2011-12-31,2012-01-29,2012-01-29,2018-03-27,21549000,734634000,623406250,527093000,207541000,1.605,4.191,-116657000,409437000,409437000,431488000,184964000,5.096,0.222,0,0,0,0,0,30259000,0,0.0,0.0,288557000,318816000,0.319,318816000,288557000,288557000,1.29,1.27,1.29,601376000,518308250,601376000,6735171033,23,21.126,86958000,0.607,1.0,569351000,0.569,31872000,0,189886000,212579000,104097000,0,0,0,133258000,103439000,29819000,7012117033,93151000,-5654000,9614000,0,0,15364000,-122311000,0,203615000,-3517000,184063000,184063000,184063000,0,901000,0.184,282393000,286958000,14536000,0.0,11.66,38.096,49.705,162941000,0,64.12,7.006,9.174,5202000,373719000,1000839000,1000839000,0,0.295,0.355,1.357,0.288,4590000,282393000,1.0,109359280,143196000,145278000,6.989,702762000,8587000,104494000,8720000,4.897,423654000
LULU,MRY,2012-12-31,2013-02-03,2013-02-03,2018-03-27,21090000,1051078000,884904000,787053000,264025000,1.549,6.149,-93229000,590179000,590179000,607532000,271431000,5.902,0.185,0,0,0,0,0,43000000,0,0.0,0.0,380521000,423521000,0.309,423521000,380521000,380521000,1.88,1.85,1.88,887299000,761028750,887299000,7145767070,18,16.872,186884000,1.298,1.0,762826000,0.557,30201000,0,297341000,286974000,155222000,0,0,0,163779000,133357000,30422000,7585190070,180742000,0,11014000,0,0,-5491000,-93229000,0,280113000,-651000,270556000,270556000,270556000,0,875000,0.197,386387000,376439000,1045000,0.0,8.549,28.036,36.096,214639000,0,67.86,5.535,7.131,6351000,644275000,1370358000,1370358000,0,0.306,0.356,1.326,0.278,5736000,386387000,1.0,111777042,144000000,145806000,9.516,1020877000,15033000,109965000,39637000,7.075,653696000
LULU,MRY,2013-12-31,2014-02-02,2014-02-02,2018-03-27,-68068000,1252388000,1148635000,945539000,306849000,1.385,7.551,-106408000,698649000,698649000,751112000,279547000,8.136,0.142,0,0,0,0,0,49068000,0,0.0,0.0,397126000,446194000,0.28,446194000,397126000,397126000,1.93,1.91,1.93,1096682000,1012197500,1096682000,4663825259,11,10.452,171931000,1.186,1.0,840076000,0.528,28201000,0,409324000,394033500,188790000,0,0,0,155706000,116214000,39492000,5264570259,108470000,0,8171000,0,0,8907000,-106408000,0,278339000,-72368000,279547000,279547000,279547000,0,0,0.176,448718000,391358000,12647000,0.0,4.8,18.833,23.674,255603000,0,45.69,3.309,4.161,11903000,923822000,1591188000,1591188000,0,0.243,0.276,1.008,0.25,3630000,448718000,1.0,115223687,144913000,146043000,10.98,1224187000,18300000,117579000,4746000,8.429,829325000
LULU,MRY,2014-12-31,2015-02-01,2015-02-01,2018-03-27,-173407000,1296213000,1292394250,951012000,345201000,1.391,7.673,-119733000,664479000,664479000,883033000,239033000,5.948,0.19,0,0,0,0,0,58364000,0,0.0,0.0,383135000,441499000,0.246,441499000,383135000,383135000,1.66,1.66,1.66,1089568000,1107469250,1089568000,8120691630,21,18.393,194716000,1.353,1.0,914180000,0.509,26163000,0,445690000,439199500,208116000,0,0,0,206645000,159881000,46764000,8754273630,-34170000,0,-144518000,0,0,-149077000,-119733000,0,314449000,-79809000,239033000,239033000,239033000,0,0,0.133,538147000,376033000,9339000,0.0,8.035,36.624,39.904,296008000,0,66.24,4.871,5.305,13746000,1020619000,1797213000,1797213000,0,0.185,0.216,0.872,0.213,7856000,538147000,1.0,132159928,143935000,144298000,12.486,1270050000,56565000,144102000,23706000,8.944,791131000
LULU,MRY,2015-12-31,2016-01-31,2016-01-31,2018-03-27,-238203000,1314077000,1316893250,917039000,397038000,1.565,7.453,-143487000,501482000,501482000,1063357000,266047000,4.067,0.279,0,0,0,0,0,73383000,0,0.0,0.0,368495000,441878000,0.214,441878000,368495000,368495000,1.9,1.89,1.9,1027482000,1081980000,1027482000,7588053092,20,17.172,154051000,1.098,1.0,997166000,0.484,24777000,0,562314000,584502250,284009000,0,0,0,286595000,225504000,61091000,7991499092,-162997000,0,-269489000,0,0,-272491000,-143487000,0,297538000,-44557000,266047000,266047000,266047000,0,0,0.129,628090000,369076000,10381000,0.0,7.778,30.038,32.668,349605000,0,62.07,3.878,4.228,13108000,1019515000,2060523000,2060523000,0,0.202,0.246,0.63,0.179,10356000,628090000,1.0,128749784,140365000,140610000,14.68,1289300000,103255000,102448000,48495000,9.352,691535000
LULU,MRY,2016-12-31,2017-01-29,2017-01-29,2018-03-27,-201500000,1657541000,1488409250,1162737000,494804000,1.575,9.923,-149511000,734846000,734846000,1144775000,303381000,4.805,0.219,0,0,0,0,0,87697000,0,0.0,0.0,422729000,510426000,0.218,510426000,422729000,422729000,2.21,2.21,2.21,1359973000,1214217250,1359973000,8025527374,18,15.723,236881000,1.728,1.0,1199617000,0.512,24557000,0,656148000,674776000,298432000,0,0,0,297568000,241990000,55578000,8505913374,233364000,0,-22420000,0,0,-26611000,-149511000,0,386392000,23094000,303381000,303381000,303381000,0,0,0.129,778465000,421152000,24846000,0.0,6.254,28.037,30.235,423499000,0,66.82,3.628,3.907,9200000,1294214000,2344392000,2344392000,0,0.204,0.25,0.626,0.18,16822000,778465000,1.0,127295920,137086000,137302000,17.102,1632984000,107446000,119348000,37552000,11.914,920747000
LULU,MRY,2017-12-31,2018-01-28,2018-01-28,2018-03-27,-142923000,1998483000,1753797250,1436282000,562201000,1.511,11.796,-157864000,990501000,990501000,1250391000,258662000,4.909,0.251,0,0,0,0,0,108235000,0,0.0,0.0,459998000,568233000,0.214,568233000,459998000,459998000,1.9,1.9,1.9,1596960000,1440933000,1596960000,9282320139,20,16.335,331473000,2.438,1.0,1398790000,0.528,24679000,0,690705000,723385500,329562000,0,0,0,401523000,292598000,108925000,9932374139,255655000,0,-94633000,0,0,-97862000,-173392000,-7203000,489337000,37572000,258662000,258662000,258662000,0,0,0.098,942789000,456001000,24646000,0.0,6.22,38.399,41.621,473642000,0,79.08,3.749,4.059,19173000,1455002000,2649181000,2649181000,0,0.147,0.18,0.636,0.174,17610000,904264000,1.0,125599066,135988000,136198000,19.481,1973804000,81439000,201336000,65304000,14.58,1143684000
