ticker,dimension,calendardate,datekey,reportperiod,lastupdated,accoci,assets,assetsavg,assetsc,assetsnc,assetturnover,bvps,capex,cashneq,cashnequsd,cor,consolinc,currentratio,de,debt,debtc,debtnc,debtusd,deferredrev,depamor,deposits,divyield,dps,ebit,ebitda,ebitdamargin,ebitdausd,ebitusd,ebt,eps,epsdil,epsusd,equity,equityavg,equityusd,ev,evebit,evebitda,fcf,fcfps,fxusd,gp,grossmargin,intangibles,intexp,invcap,invcapavg,inventory,investments,investmentsc,investmentsnc,liabilities,liabilitiesc,liabilitiesnc,marketcap,ncf,ncfbus,ncfcommon,ncfdebt,ncfdiv,ncff,ncfi,ncfinv,ncfo,ncfx,netinc,netinccmn,netinccmnusd,netincdis,netincnci,netmargin,opex,opinc,payables,payoutratio,pb,pe,pe1,ppnenet,prefdivis,price,ps,ps1,receivables,retearn,revenue,revenueusd,rnd,roa,roe,roic,ros,sbcomp,sgna,sharefactor,sharesbas,shareswa,shareswadil,sps,tangibles,taxassets,taxexp,taxliabilities,tbvps,workingcapital
LZB,MRY,2011-12-31,2011-04-30,2011-04-30,2018-02-20,-18804000,593455000,587490000,432223000,161232000,2.021,6.969,-10540000,115262000,115262000,832799000,17373000,3.272,0.635,35057000,5120000,29937000,35057000,0,24302000,0,0.0,0.0,34986000,59288000,0.05,59288000,34986000,32640000,0.46,0.45,0.46,361316000,352746000,361316000,545427118,15,9.2,17306000,0.334,1.0,354344000,0.298,3100000,2346000,378046000,397656000,138444000,0,0,0,229315000,132104000,97211000,609930118,6835000,-632000,270000,-11033000,0,-10763000,-10260000,455000,27846000,12000,24047000,24047000,24047000,0,-6674000,0.02,328435000,25909000,49537000,0.0,1.688,25.364,25.565,120603000,0,11.76,0.514,0.514,161299000,105872000,1187143000,1187143000,0,0.041,0.068,0.088,0.029,3720000,323964000,1.0,51864806,51849000,52279000,22.896,590355000,2883000,8593000,0,11.386,300119000
LZB,MRY,2012-12-31,2012-04-28,2012-04-28,2018-02-20,-31281000,685739000,654845000,500000000,185739000,1.782,8.507,-15663000,155231000,155231000,795970000,88908000,3.339,0.538,9760000,1829000,7931000,9760000,0,23486000,0,0.0,0.0,64298000,87784000,0.075,87784000,64298000,62914000,1.66,1.64,1.66,441904000,423825750,441904000,675234091,10,7.692,67185000,1.293,1.0,370735000,0.318,3028000,1384000,387481000,408791250,143787000,0,0,0,237924000,149759000,88165000,793475091,37108000,-971000,-236000,-26504000,0,-26517000,-19094000,705000,82848000,-129000,87966000,87966000,87966000,-4906000,942000,0.075,322038000,48697000,56630000,0.0,1.796,9.02,9.241,114366000,0,15.34,0.68,0.683,167232000,189609000,1166705000,1166705000,0,0.134,0.208,0.157,0.055,5718000,321770000,1.0,51725886,51944000,52478000,22.461,682711000,52730000,-25052000,0,13.143,350241000
LZB,MRY,2013-12-31,2013-04-27,2013-04-27,2018-02-20,-35496000,720371000,696153500,500880000,219491000,1.83,9.261,-25912000,143771000,143771000,857022000,47182000,3.336,0.471,8089000,513000,7576000,8089000,0,23140000,0,0.005,0.08,70655000,93795000,0.074,93795000,70655000,69909000,0.87,0.85,0.87,484828000,465346750,484828000,811992949,11,8.657,42528000,0.812,1.0,416855000,0.327,17675000,746000,416851000,429924250,146343000,0,0,0,228403000,150163000,78240000,926142949,-21285000,-15832000,-7432000,-2511000,-4236000,-11616000,-78041000,-30927000,68440000,-68000,46389000,46389000,46389000,-17000,793000,0.036,349252000,67603000,50542000,0.092,1.91,19.965,20.333,118060000,0,17.69,0.727,0.727,160005000,226044000,1273877000,1273877000,0,0.067,0.1,0.164,0.055,11458000,349101000,1.0,52354039,52351000,53685000,24.333,702696000,51212000,23520000,0,13.423,350717000
LZB,MRY,2014-12-31,2014-04-26,2014-04-26,2018-02-20,-31380000,771295000,749750500,522673000,248622000,1.81,9.962,-33730000,162233000,162233000,892864000,56380000,3.123,0.463,7774000,7497000,277000,7774000,0,23182000,0,0.008,0.2,86987000,110169000,0.081,110169000,86987000,86439000,1.04,1.02,1.04,521886000,506141500,521886000,1140139685,13,10.349,57102000,1.09,1.0,464454000,0.342,18467000,548000,430987000,425856000,147009000,0,0,0,241577000,167382000,74195000,1284898685,18576000,6043000,-28532000,-579000,-10514000,-26690000,-45016000,-19676000,90832000,-550000,55056000,55056000,55056000,3796000,1324000,0.041,375158000,89296000,56177000,0.192,2.462,23.338,23.606,127535000,0,24.55,0.947,0.948,152614000,238384000,1357318000,1357318000,0,0.073,0.109,0.204,0.064,8739000,375158000,1.0,52338032,52386000,53829000,25.91,752828000,47467000,31383000,0,14.371,355291000
LZB,MRY,2015-12-31,2015-04-25,2015-04-25,2018-02-20,-32139000,774604000,766817000,476451000,298153000,1.859,10.125,-70319000,107938000,107938000,920903000,71971000,3.076,0.461,830000,397000,433000,830000,0,22283000,0,0.01,0.28,108250000,130533000,0.092,130533000,108250000,107727000,1.36,1.34,1.36,524146000,522325750,524146000,1299498947,12,9.955,16432000,0.317,1.0,504492000,0.354,20622000,523000,491983000,478605000,156789000,0,0,0,241504000,154891000,86613000,1407163947,-51359000,-1774000,-50456000,-7779000,-14513000,-71156000,-66673000,-6577000,86751000,-281000,70773000,70773000,70773000,-3297000,1198000,0.05,401327000,103165000,46168000,0.206,2.685,19.883,20.213,174036000,0,27.49,0.987,0.998,158548000,235506000,1425395000,1425395000,0,0.092,0.135,0.226,0.076,6780000,401327000,1.0,51188212,51767000,52346000,27.535,753982000,46327000,36954000,0,14.565,321560000
LZB,MRY,2016-12-31,2016-04-30,2016-04-30,2018-02-20,-34000000,800029000,783713000,481972000,318057000,1.946,10.901,-24684000,121335000,121335000,943362000,80963000,3.062,0.444,803000,290000,513000,803000,0,26517000,0,0.014,0.36,123818000,150335000,0.099,150335000,123818000,123332000,1.57,1.55,1.57,547142000,536675000,547142000,1184889859,9,7.882,87677000,1.747,1.0,582036000,0.382,45751000,486000,476319000,491202750,175589000,0,0,0,242817000,157427000,85390000,1290708859,14056000,-23311000,-43662000,-508000,-18141000,-61047000,-36570000,7712000,112361000,-688000,79252000,79252000,79252000,0,1711000,0.052,459647000,122389000,44661000,0.229,2.359,16.286,16.478,171590000,0,25.87,0.846,0.851,146545000,252472000,1525398000,1525398000,0,0.101,0.148,0.252,0.081,8292000,459647000,1.0,49892109,50194000,50765000,30.39,754278000,41683000,44080000,0,15.027,324545000
LZB,MRY,2017-12-31,2017-04-29,2017-04-29,2018-02-20,-32883000,888855000,843642000,517422000,371433000,1.802,12.048,-20304000,150859000,150859000,913518000,86984000,2.604,0.488,515000,219000,296000,515000,0,29131000,0,0.015,0.42,130751000,159882000,0.105,159882000,130751000,129678000,1.75,1.73,1.75,589919000,568955500,589919000,1243268681,9,7.776,125870000,2.571,1.0,606542000,0.399,92734000,1073000,447101000,466836250,175114000,0,0,0,287750000,198676000,89074000,1361992681,29502000,-35878000,-32391000,-288000,-20655000,-51597000,-65253000,-9809000,146174000,178000,85922000,85922000,85922000,0,1062000,0.057,475961000,130581000,51282000,0.24,2.309,15.852,15.943,169132000,0,27.9,0.896,0.899,150846000,284698000,1520060000,1520060000,0,0.102,0.151,0.28,0.086,8864000,475961000,1.0,48816942,48963000,49470000,31.045,796121000,40131000,43756000,0,16.26,318746000
