ticker,dimension,calendardate,datekey,reportperiod,lastupdated,accoci,assets,assetsavg,assetsc,assetsnc,assetturnover,bvps,capex,cashneq,cashnequsd,cor,consolinc,currentratio,de,debt,debtc,debtnc,debtusd,deferredrev,depamor,deposits,divyield,dps,ebit,ebitda,ebitdamargin,ebitdausd,ebitusd,ebt,eps,epsdil,epsusd,equity,equityavg,equityusd,ev,evebit,evebitda,fcf,fcfps,fxusd,gp,grossmargin,intangibles,intexp,invcap,invcapavg,inventory,investments,investmentsc,investmentsnc,liabilities,liabilitiesc,liabilitiesnc,marketcap,ncf,ncfbus,ncfcommon,ncfdebt,ncfdiv,ncff,ncfi,ncfinv,ncfo,ncfx,netinc,netinccmn,netinccmnusd,netincdis,netincnci,netmargin,opex,opinc,payables,payoutratio,pb,pe,pe1,ppnenet,prefdivis,price,ps,ps1,receivables,retearn,revenue,revenueusd,rnd,roa,roe,roic,ros,sbcomp,sgna,sharefactor,sharesbas,shareswa,shareswadil,sps,tangibles,taxassets,taxexp,taxliabilities,tbvps,workingcapital
MANH,MRY,2011-12-31,2011-12-31,2011-12-31,2018-04-28,-5113000,259600000,265484250,174514000,85086000,1.24,2.031,-5074000,92180000,92180000,139101000,44907000,1.98,0.602,0,0,0,0,49882000,7284000,0,0.0,0.0,63227000,70511000,0.214,70511000,63227000,63227000,0.55,0.52,0.55,162080000,168178000,162080000,743427666,11,10.543,50750000,0.62,1.0,190152000,0.578,62261000,0,17036000,14880250,0,6934000,6079000,855000,97520000,88123000,9397000,837580666,-28564000,0,-80423000,0,0,-77949000,-4609000,465000,55824000,-1830000,44907000,44907000,44907000,0,0,0.136,131308000,58844000,8090000,0.0,5.168,18.651,18.4,13321000,0,10.12,2.544,2.515,56264000,166989000,329253000,329253000,42372000,0.169,0.267,4.249,0.192,15379000,81652000,1.0,82764888,81820000,85968000,4.024,197339000,18154000,18320000,0,2.473,86391000
MANH,MRY,2012-12-31,2012-12-31,2012-12-31,2018-04-28,-4703000,261813000,264466000,181507000,80306000,1.423,2.081,-7873000,96737000,96737000,161737000,51853000,1.991,0.621,0,0,0,0,47935000,5638000,0,0.0,0.0,81038000,86676000,0.23,86676000,81038000,81038000,0.66,0.64,0.66,161509000,164435000,161509000,1099904176,13,12.69,67398000,0.857,1.0,214511000,0.57,62265000,0,11670000,15403500,0,6310000,6310000,0,100304000,91141000,9163000,1198994176,4557000,0,-71073000,0,0,-63542000,-7009000,864000,75271000,-163000,51853000,51853000,51853000,0,0,0.138,134438000,80073000,10229000,0.0,7.424,23.123,22.856,15650000,0,15.085,3.187,3.153,62102000,165427000,376248000,376248000,44704000,0.196,0.315,5.261,0.215,10708000,84096000,1.0,79482544,78640000,81084000,4.784,199548000,8519000,29185000,4680000,2.571,90366000
MANH,MRY,2013-12-31,2013-12-31,2013-12-31,2018-04-28,-7782000,297828000,279663500,218738000,79090000,1.482,2.389,-4740000,124375000,124375000,181151000,67296000,2.099,0.64,0,0,0,0,53812000,5825000,0,0.0,0.0,103109000,108934000,0.263,108934000,103109000,103109000,0.88,0.86,0.88,181586000,172232000,181586000,2138223798,20,19.629,84647000,1.104,1.0,233367000,0.563,62272000,0,6993000,10499250,0,8581000,8581000,0,116242000,104188000,12054000,2256460798,27638000,0,-58445000,0,0,-51808000,-7805000,-3065000,89387000,-2136000,67296000,67296000,67296000,0,0,0.162,132080000,101287000,11555000,0.0,12.426,33.53,33.375,14342000,0,29.37,5.444,5.432,71136000,188604000,414518000,414518000,44549000,0.241,0.391,9.821,0.249,7668000,81706000,1.0,76828764,76664000,77932000,5.407,235556000,7727000,35813000,10307000,3.099,114550000
MANH,MRY,2014-12-31,2014-12-31,2014-12-31,2018-04-28,-10023000,318170000,300537000,229861000,88309000,1.637,2.453,-9415000,115708000,115708000,212578000,82000000,1.872,0.748,0,0,0,0,58968000,6377000,0,0.0,0.0,127998000,134375000,0.273,134375000,127998000,127998000,1.09,1.08,1.09,182023000,180128250,182023000,2937886905,22,21.863,84747000,1.13,1.0,279526000,0.568,62250000,0,17397000,24041500,0,8730000,8730000,0,136147000,122815000,13332000,3039002905,-8667000,-2773000,-97633000,0,0,-89071000,-12667000,-479000,94162000,-1091000,82000000,82000000,82000000,0,0,0.167,152402000,127124000,12483000,0.0,16.696,37.061,37.358,17265000,0,40.72,6.176,6.206,86828000,191305000,492104000,492104000,48953000,0.273,0.455,5.324,0.26,9749000,97072000,1.0,74631702,74995000,75841000,6.562,255920000,10170000,45998000,11934000,3.448,107046000
MANH,MRY,2015-12-31,2015-12-31,2015-12-31,2018-04-28,-12306000,332243000,313902750,236911000,95332000,1.772,2.681,-11492000,118416000,118416000,235428000,103475000,1.863,0.7,0,0,0,0,68757000,7764000,0,0.0,0.0,162841000,170605000,0.307,170605000,162841000,162841000,1.41,1.4,1.41,195492000,187133000,195492000,4725634606,29,27.699,108661000,1.48,1.0,320943000,0.577,62233000,0,24409000,31322000,0,10344000,10344000,0,136751000,127185000,9566000,4834663606,2708000,0,-111421000,0,0,-102274000,-13543000,-2051000,120153000,-1628000,103475000,103475000,103475000,0,0,0.186,159497000,161446000,11219000,0.0,24.731,46.723,46.929,21176000,0,66.17,8.69,8.735,97379000,207070000,556371000,556371000,53859000,0.33,0.553,5.199,0.293,14551000,97874000,1.0,73064283,73443000,74038000,7.576,270010000,4648000,59366000,4107000,3.703,109726000
MANH,MRY,2016-12-31,2016-12-31,2016-12-31,2018-04-28,-15894000,297140000,302567250,207018000,90122000,1.998,2.394,-6843000,95615000,95615000,249879000,124234000,1.76,0.754,0,0,0,0,63457000,9090000,0,0.0,0.0,196107000,205197000,0.339,205197000,196107000,196107000,1.73,1.72,1.73,169366000,176587000,169366000,3664342669,18,17.858,132503000,1.849,1.0,354678000,0.587,62228000,0,21654000,22449000,0,0,0,0,127774000,117643000,10131000,3775173669,-22801000,0,-167915000,0,0,-162701000,3358000,10201000,139346000,-2804000,124234000,124234000,124234000,0,0,0.205,160371000,194307000,12052000,0.0,22.29,30.388,30.653,17424000,0,53.03,6.245,6.287,100285000,184558000,604557000,604557000,54736000,0.411,0.704,8.736,0.324,15929000,96545000,1.0,71189396,71674000,72060000,8.435,234912000,2867000,71873000,8977000,3.32,89375000
MANH,MRY,2017-12-31,2017-12-31,2017-12-31,2018-04-28,-11839000,314995000,303330250,228073000,86922000,1.96,2.553,-6199000,125522000,125522000,245733000,116481000,1.836,0.8,0,0,0,0,75068000,9060000,0,0.0,0.0,184833000,193893000,0.326,193893000,184833000,184833000,1.68,1.68,1.68,174956000,168716000,174956000,3290130151,17,16.969,157867000,2.282,1.0,348866000,0.587,62248000,0,2970000,13434500,0,0,0,0,140039000,124255000,15784000,3414948151,29907000,0,-131707000,0,0,-131707000,-5770000,429000,164066000,3318000,116481000,116481000,116481000,0,0,0.196,163221000,185645000,14028000,0.0,19.519,29.318,29.488,15493000,0,49.54,5.743,5.763,92231000,186117000,594599000,594599000,57704000,0.384,0.69,13.758,0.311,16229000,93536000,1.0,68933148,69175000,69424000,8.596,252747000,1877000,68352000,7228000,3.688,103818000
