ticker,dimension,calendardate,datekey,reportperiod,lastupdated,accoci,assets,assetsavg,assetsc,assetsnc,assetturnover,bvps,capex,cashneq,cashnequsd,cor,consolinc,currentratio,de,debt,debtc,debtnc,debtusd,deferredrev,depamor,deposits,divyield,dps,ebit,ebitda,ebitdamargin,ebitdausd,ebitusd,ebt,eps,epsdil,epsusd,equity,equityavg,equityusd,ev,evebit,evebitda,fcf,fcfps,fxusd,gp,grossmargin,intangibles,intexp,invcap,invcapavg,inventory,investments,investmentsc,investmentsnc,liabilities,liabilitiesc,liabilitiesnc,marketcap,ncf,ncfbus,ncfcommon,ncfdebt,ncfdiv,ncff,ncfi,ncfinv,ncfo,ncfx,netinc,netinccmn,netinccmnusd,netincdis,netincnci,netmargin,opex,opinc,payables,payoutratio,pb,pe,pe1,ppnenet,prefdivis,price,ps,ps1,receivables,retearn,revenue,revenueusd,rnd,roa,roe,roic,ros,sbcomp,sgna,sharefactor,sharesbas,shareswa,shareswadil,sps,tangibles,taxassets,taxexp,taxliabilities,tbvps,workingcapital
MCF,MRY,2011-12-31,2011-06-30,2011-06-30,2018-05-05,0,636930000,603173867,204878000,432052000,0.334,27.234,-69993000,150007000,150007000,25691000,65033000,2.619,0.493,0,0,0,0,0,59337000,0,0.0,0.0,100528000,159865000,0.793,159865000,100528000,100371000,4.15,4.14,4.15,426623000,405910394,426623000,835382374,8,5.226,70565000,4.505,1.0,176030000,0.873,0,157000,408699000,457644346,0,935000,0,935000,210307000,78224000,132083000,915443081,97538000,-3959000,-9769000,-494000,-6000,-9767000,-33253000,2028000,140558000,0,65033000,65033000,65033000,-574000,0,0.322,76076000,99954000,11857000,0.0,2.146,14.077,14.082,430706000,0,58.44,4.538,4.538,51763000,438328000,201721000,201721000,9751000,0.108,0.16,0.22,0.498,774000,12341000,1.0,15664666,15665000,15713000,12.877,636930000,94000,35338000,6942000,40.659,126654000
MCF,MRY,2012-12-31,2012-06-30,2012-06-30,2018-05-05,0,624654000,620718750,175213000,449441000,0.289,30.284,-20847000,129983000,129983000,25183000,58389000,5.106,0.345,0,0,0,0,0,49052000,0,0.0,0.0,92813000,141865000,0.791,141865000,92813000,92688000,3.79,3.79,3.79,464339000,448690000,464339000,749242227,8,5.281,52724000,3.419,1.0,154089000,0.86,0,125000,460359000,433819000,260000,52827000,0,52827000,160315000,34312000,126003000,909144227,-20024000,-52583000,-20419000,0,0,-20165000,-73430000,0,73571000,0,58389000,58389000,58389000,824000,0,0.326,59816000,94273000,34312000,0.0,1.958,15.57,15.62,396330000,0,59.2,5.071,5.093,39208000,496717000,179272000,179272000,346000,0.094,0.13,0.214,0.518,-251000,10418000,1.0,15357166,15423000,15425000,11.624,624654000,0,34299000,0,40.739,140901000
MCF,MRY,2013-12-31,2013-06-30,2013-06-30,2018-05-05,0,576461000,582228750,144238000,432223000,0.218,27.585,-80418000,101485000,101485000,31907000,-9720000,4.54,0.375,0,0,0,0,0,41060000,0,0.059,2.0,-15930000,25130000,0.198,25130000,-15930000,-15817000,-0.64,-0.64,-0.64,419154000,416917750,419154000,430223630,-27,17.12,15237000,1.001,1.0,95294000,0.749,0,-113000,443204000,441003750,2147000,63123000,0,63123000,157307000,31772000,125535000,512829630,-28498000,-8270000,-4955000,0,-30510000,-35465000,-88688000,0,95655000,0,-9720000,-9720000,-9720000,0,0,-0.076,122017000,-26723000,31772000,-3.125,1.223,-52.76,-52.734,368938000,0,33.75,4.032,4.039,36460000,456487000,127201000,127201000,51748000,-0.017,-0.023,-0.036,-0.125,0,14364000,1.0,15194952,15221000,15221000,8.357,576461000,0,-6097000,0,37.938,112466000
MCF,MRY,2014-12-31,2014-12-31,2014-12-31,2018-05-05,0,843415000,870860500,31040000,812375000,0.317,29.845,-180422000,0,0,47236000,-21874000,0.32,0.486,63359000,0,63359000,63359000,0,156117000,0,0.0,0.0,-35126000,120991000,0.438,120991000,-35126000,-37784000,-1.15,-1.15,-1.15,567466000,583908250,567466000,620945029,-17,5.132,29538000,1.55,1.0,229222000,0.829,0,2658000,809759000,827904750,2166000,62085000,0,62085000,275949000,97015000,178934000,566530029,0,5365000,-8224000,-26679000,0,-34903000,-175057000,0,209960000,0,-21874000,-21874000,-21874000,0,0,-0.079,271242000,-42020000,92892000,0.0,0.998,-25.9,-25.426,748623000,0,29.24,2.049,2.016,25309000,460750000,276458000,276458000,33387000,-0.025,-0.037,-0.042,-0.127,4515000,34045000,1.0,19375172,19059000,19059000,14.505,843415000,1624000,-15910000,0,44.358,-65975000
MCF,MRY,2015-12-31,2015-12-31,2015-12-31,2018-05-05,0,416756000,648568500,22272000,394484000,0.18,12.508,-77820000,0,0,37840000,-335048000,0.544,0.752,115446000,0,115446000,115446000,0,133380000,0,0.0,0.0,-407110000,-273730000,-2.35,-273730000,-407110000,-410274000,-17.67,-17.67,-17.67,237843000,417112750,237843000,238942742,0,-0.873,-52865000,-2.788,1.0,78665000,0.675,0,3164000,491241000,700605000,540000,14222000,0,14222000,178913000,40961000,137952000,124373742,0,1014000,-235000,52086000,0,51851000,-76806000,0,24955000,0,-335048000,-335048000,-335048000,0,0,-2.876,457638000,-378973000,36358000,0.0,0.523,-0.371,-0.363,379205000,0,6.41,1.068,1.043,20504000,125105000,116505000,116505000,11979000,-0.517,-0.803,-0.581,-3.494,6516000,26402000,1.0,19403080,18965000,18965000,6.143,416756000,0,-75226000,0,21.916,-18689000
MCF,MRY,2016-12-31,2016-12-31,2016-12-31,2018-05-05,0,376514000,384217000,19054000,357460000,0.203,9.615,-19798000,0,0,29111000,-58029000,0.303,0.593,54354000,0,54354000,54354000,0,63323000,0,0.0,0.0,-53885000,9438000,0.121,9438000,-53885000,-57687000,-2.71,-2.71,-2.71,236405000,231834500,236405000,298411499,-5,31.618,12213000,0.57,1.0,49072000,0.628,0,3802000,367979000,424976250,540000,15767000,0,15767000,140109000,62889000,77220000,235948499,0,0,49874000,-62087000,0,-12213000,-19798000,0,32011000,0,-58029000,-58029000,-58029000,0,0,-0.742,102513000,-53441000,55135000,0.0,0.998,-4.066,-3.446,340382000,0,9.34,3.018,2.559,16727000,67076000,78183000,78183000,1816000,-0.151,-0.25,-0.127,-0.689,6457000,26802000,1.0,25262152,21424000,21424000,3.649,376514000,0,342000,0,15.314,-43835000
MCF,MRY,2017-12-31,2017-12-31,2017-12-31,2018-05-05,0,381453000,377723250,15773000,365680000,0.208,9.072,-65450000,0,0,27183000,-17643000,0.312,0.698,85380000,0,85380000,85380000,0,47215000,0,0.0,0.0,-13938000,33277000,0.424,33277000,-13938000,-18038000,-0.71,-0.71,-0.71,224600000,231546000,224600000,199377120,-14,5.991,-30764000,-1.246,1.0,51362000,0.654,0,4100000,416296000,398943750,0,19286000,822000,18464000,156853000,50537000,106316000,120151120,0,0,-262000,31026000,0,30764000,-65450000,0,34686000,0,-17643000,-17643000,-17643000,0,0,-0.225,74877000,-23515000,46755000,0.0,0.535,-6.81,-6.634,345957000,0,4.71,1.53,1.48,13059000,49433000,78545000,78545000,1106000,-0.047,-0.076,-0.035,-0.177,6100000,24161000,1.0,25509792,24686000,24686000,3.182,381453000,424000,-395000,0,15.407,-34764000
