ticker,dimension,calendardate,datekey,reportperiod,lastupdated,accoci,assets,assetsavg,assetsc,assetsnc,assetturnover,bvps,capex,cashneq,cashnequsd,cor,consolinc,currentratio,de,debt,debtc,debtnc,debtusd,deferredrev,depamor,deposits,divyield,dps,ebit,ebitda,ebitdamargin,ebitdausd,ebitusd,ebt,eps,epsdil,epsusd,equity,equityavg,equityusd,ev,evebit,evebitda,fcf,fcfps,fxusd,gp,grossmargin,intangibles,intexp,invcap,invcapavg,inventory,investments,investmentsc,investmentsnc,liabilities,liabilitiesc,liabilitiesnc,marketcap,ncf,ncfbus,ncfcommon,ncfdebt,ncfdiv,ncff,ncfi,ncfinv,ncfo,ncfx,netinc,netinccmn,netinccmnusd,netincdis,netincnci,netmargin,opex,opinc,payables,payoutratio,pb,pe,pe1,ppnenet,prefdivis,price,ps,ps1,receivables,retearn,revenue,revenueusd,rnd,roa,roe,roic,ros,sbcomp,sgna,sharefactor,sharesbas,shareswa,shareswadil,sps,tangibles,taxassets,taxexp,taxliabilities,tbvps,workingcapital
MCS,MRY,2011-12-31,2011-05-26,2011-05-26,2018-05-08,-2565000,694446000,697130000,32157000,662289000,0.541,11.421,-16034000,8890000,8890000,200451000,13558000,0.387,1.046,215223000,17991000,197232000,215223000,0,33523000,0,0.04,0.425,32175000,65698000,0.174,65698000,32175000,21813000,0.47,0.46,0.47,339480000,339608500,339480000,525259579,16,7.995,45468000,1.53,1.0,176553000,0.468,44274000,10362000,773311000,768219500,0,2921000,0,2921000,354966000,83194000,271772000,312097579,-5552000,-10153000,-2940000,-21441000,-9810000,-34191000,-32863000,0,61502000,0,13558000,13558000,13558000,0,0,0.036,143056000,33497000,20721000,0.904,0.919,23.019,22.34,577697000,0,10.5,0.828,0.828,8083000,283617000,377004000,377004000,0,0.019,0.04,0.042,0.085,1795000,59347000,1.0,29723579,29723579,,12.684,650172000,5141000,8255000,56365000,21.874,-51037000
MCS,MRY,2012-12-31,2012-05-31,2012-05-31,2018-05-08,-4139000,733011000,719554500,33636000,699375000,0.575,11.725,-27648000,12402000,12402000,214374000,22734000,0.196,1.132,239872000,102107000,137765000,239872000,0,34525000,0,0.026,0.34,46711000,81236000,0.196,81236000,46711000,37439000,0.8,0.78,0.8,343789000,345718750,343789000,620151820,13,7.634,41380000,1.411,1.0,199524000,0.482,44135000,9272000,745082000,785990250,0,2621000,0,2621000,389222000,171264000,217958000,390861820,2440000,-6237000,-9905000,-11029000,-9707000,-30641000,-35947000,785000,69028000,0,22734000,22734000,22734000,0,0,0.055,153009000,46515000,18945000,0.425,1.137,17.193,16.663,614645000,0,13.33,0.944,0.944,8467000,296644000,413898000,413898000,0,0.032,0.066,0.059,0.113,2010000,66376000,1.0,29321967,29321967,,14.116,688876000,5747000,14705000,57482000,23.494,-137628000
MCS,MRY,2013-12-31,2013-05-30,2013-05-30,2018-05-08,-3828000,746696000,746042000,36137000,710559000,0.553,11.316,-18829000,18053000,18053000,216216000,23331000,0.396,1.402,275576000,15755000,259821000,275576000,0,33827000,0,0.1,1.34,38165000,71992000,0.174,71992000,38165000,28856000,0.68,0.63,0.68,306702000,325337000,306702000,636022022,16,8.835,44373000,1.637,1.0,196620000,0.476,43997000,9309000,869014000,844889500,0,2713000,0,2713000,430000000,91208000,338792000,364556022,4138000,-545000,-21949000,21060000,-35614000,-36503000,-22561000,0,63202000,0,17506000,17506000,17506000,0,5825000,0.042,158416000,38204000,25330000,1.971,1.189,20.825,19.779,625757000,0,13.45,0.883,0.883,8568000,278536000,412836000,412836000,0,0.023,0.054,0.045,0.092,1772000,68837000,1.0,27104537,27104537,,15.231,702699000,3132000,11350000,57516000,25.926,-55071000
MCS,MRY,2014-12-31,2014-05-29,2014-05-29,2018-05-08,-4558000,768923000,753020000,36665000,732258000,0.595,12.062,-54747000,14812000,14812000,237950000,20899000,0.359,1.346,268828000,11901000,256927000,268828000,0,33354000,0,0.021,0.35,52362000,85716000,0.191,85716000,52362000,41811000,0.95,0.92,0.95,326211000,321075750,326211000,705705884,13,8.233,11693000,0.432,1.0,209989000,0.469,43858000,10551000,877067000,846068750,0,2025000,0,2025000,438944000,102014000,336930000,455437884,-3378000,-1597000,1719000,-2502000,-9203000,-12110000,-57708000,0,66440000,0,25001000,25001000,25001000,0,-4102000,0.056,161116000,48873000,30954000,0.368,1.396,18.217,17.726,651580000,0,16.84,1.017,1.017,9472000,294334000,447939000,447939000,0,0.033,0.078,0.062,0.117,1781000,71802000,1.0,27045005,27045005,,16.563,725065000,6014000,16810000,56894000,26.81,-65349000
MCS,MRY,2015-12-31,2015-05-28,2015-05-28,2018-05-08,-5312000,809042000,788982500,45573000,763469000,0.619,12.501,-74762000,15483000,15483000,259772000,23642000,0.364,1.346,270781000,22795000,247986000,270781000,0,38361000,0,0.02,0.39,49599000,87960000,0.18,87960000,49599000,39673000,0.9,0.87,0.9,343779000,334995000,343779000,791397349,15,8.997,5690000,0.207,1.0,228295000,0.468,43720000,9926000,895376000,886221500,0,5643000,0,5643000,462807000,125244000,337563000,540364349,-57000,-1899000,2191000,6824000,-10390000,-2334000,-78175000,0,80452000,0,23995000,23995000,23995000,0,-353000,0.049,177652000,50643000,36776000,0.433,1.572,22.52,21.833,680117000,0,19.65,1.107,1.107,16339000,307939000,488067000,488067000,0,0.03,0.072,0.056,0.102,1499000,78512000,1.0,27499458,27499458,,17.748,765322000,7019000,15678000,62601000,27.83,-79671000
MCS,MRY,2016-12-31,2016-12-29,2016-12-29,2018-05-08,-5066000,911266000,837729250,36143000,875123000,0.649,14.118,-82046000,8705000,8705000,288875000,37539000,0.277,1.332,316087000,18638000,297449000,316087000,0,41832000,0,0.014,0.452,70072000,111904000,0.206,111904000,70072000,60896000,1.41,1.36,1.41,390112000,376552250,390112000,1109823674,15,9.918,609000,0.022,1.0,254989000,0.469,43735000,9176000,1044240000,915369500,0,6096000,0,6096000,519619000,130673000,388946000,871777674,-3433000,-62666000,-2103000,57087000,-12037000,42499000,-128587000,0,82655000,0,37902000,37902000,37902000,0,-363000,0.07,185035000,69954000,31206000,0.321,2.235,23.001,22.376,789198000,0,31.55,1.603,1.603,14761000,351220000,543864000,543864000,0,0.045,0.101,0.077,0.129,1899000,85202000,1.0,27631622,27631622,,19.683,867531000,1672000,22994000,63694000,31.396,-94530000
MCS,MRY,2017-12-31,2017-12-28,2017-12-28,2018-05-08,-7425000,1017797000,974544250,76721000,941076000,0.639,15.986,-110280000,20747000,20747000,340565000,64485000,0.48,1.287,337681000,19586000,318095000,337681000,0,51719000,0,0.018,0.5,80721000,132440000,0.213,132440000,80721000,68621000,2.42,2.29,2.42,445024000,416248750,445024000,1100299508,13,8.308,-1244000,-0.045,1.0,282149000,0.453,43492000,12100000,1131556000,1114595000,0,4239000,0,4239000,572673000,159683000,412990000,757217508,13009000,6618000,1850000,16296000,-13504000,4212000,-100239000,0,109036000,0,64996000,64996000,64996000,0,-511000,0.104,206554000,75595000,51541000,0.207,1.702,11.65,11.24,860064000,0,27.2,1.216,1.216,27230000,403206000,622714000,622714000,0,0.067,0.156,0.072,0.13,2411000,92626000,1.0,27838879,27838879,,22.369,974305000,15335000,3625000,57871000,34.998,-82962000
