ticker,dimension,calendardate,datekey,reportperiod,lastupdated,accoci,assets,assetsavg,assetsc,assetsnc,assetturnover,bvps,capex,cashneq,cashnequsd,cor,consolinc,currentratio,de,debt,debtc,debtnc,debtusd,deferredrev,depamor,deposits,divyield,dps,ebit,ebitda,ebitdamargin,ebitdausd,ebitusd,ebt,eps,epsdil,epsusd,equity,equityavg,equityusd,ev,evebit,evebitda,fcf,fcfps,fxusd,gp,grossmargin,intangibles,intexp,invcap,invcapavg,inventory,investments,investmentsc,investmentsnc,liabilities,liabilitiesc,liabilitiesnc,marketcap,ncf,ncfbus,ncfcommon,ncfdebt,ncfdiv,ncff,ncfi,ncfinv,ncfo,ncfx,netinc,netinccmn,netinccmnusd,netincdis,netincnci,netmargin,opex,opinc,payables,payoutratio,pb,pe,pe1,ppnenet,prefdivis,price,ps,ps1,receivables,retearn,revenue,revenueusd,rnd,roa,roe,roic,ros,sbcomp,sgna,sharefactor,sharesbas,shareswa,shareswadil,sps,tangibles,taxassets,taxexp,taxliabilities,tbvps,workingcapital
MDCI,MRY,2011-12-31,2011-03-31,2011-03-31,2017-05-26,-437000,303542000,280042000,96773000,206769000,1.294,9.064,-3638000,1691000,1691000,298615000,4354000,1.736,1.048,89018000,16452000,72566000,89018000,0,8881000,0,0.0,0.0,11063000,19944000,0.055,19944000,11063000,8175000,0.27,0.27,0.27,148227000,145640250,148227000,229735825,20,11.519,1536000,0.094,1.0,63879000,0.176,149549000,2888000,185564000,164581500,54674000,0,0,0,155315000,55756000,99559000,137566825,-3950000,-62525000,173000,56866000,0,57039000,-66163000,0,5174000,0,4354000,4354000,4354000,0,0,0.012,51978000,11901000,17069000,0.0,0.928,31.596,31.111,53901000,0,8.4,0.38,0.379,32330000,114849000,362494000,362494000,0,0.016,0.03,0.067,0.031,1181000,51978000,1.0,16377003,16354000,16390000,22.165,153993000,4739000,3821000,26993000,9.416,41017000
MDCI,MRY,2012-12-31,2012-03-31,2012-03-31,2017-05-26,-717000,297144000,300856000,98183000,198961000,0.907,9.079,-904000,5384000,5384000,228609000,181000,2.614,0.997,89457000,8132000,81325000,89457000,0,10009000,0,0.0,0.0,5035000,15044000,0.055,15044000,5035000,464000,0.01,0.01,0.01,148807000,149579500,148807000,178032392,35,11.834,3109000,0.19,1.0,44125000,0.162,147024000,4571000,196631000,189913750,53825000,0,0,0,148337000,37562000,110775000,93754392,3693000,125000,20000,439000,0,459000,-779000,0,4013000,0,181000,181000,181000,-1643000,0,0.001,41188000,2937000,11295000,0.0,0.63,517.98,572.0,49085000,0,5.72,0.344,0.344,30845000,115030000,272734000,272734000,0,0.001,0.001,0.027,0.018,359000,41188000,1.0,16390628,16391000,16391000,16.639,150120000,4418000,283000,29450000,9.159,60621000
MDCI,MRY,2013-12-31,2013-03-31,2013-03-31,2017-05-26,-773000,206899000,250235250,92338000,114561000,1.138,5.79,-1468000,558000,558000,233866000,-54856000,2.298,1.18,66351000,1546000,64805000,66351000,0,8990000,0,0.0,0.0,-71840000,-62850000,-0.221,-62850000,-71840000,-76607000,-3.35,-3.35,-3.35,94909000,121758750,94909000,166171768,-2,-2.644,18280000,1.115,1.0,50897000,0.179,66607000,4767000,165910000,169381250,53014000,0,0,0,111990000,40175000,71815000,98343768,-4826000,0,0,-23106000,0,-23106000,-1468000,0,19748000,0,-54856000,-54856000,-54856000,-3198000,0,-0.193,125935000,-75038000,13523000,0.0,1.036,-1.793,-1.791,44960000,0,6.0,0.345,0.345,32615000,60174000,284763000,284763000,0,-0.219,-0.451,-0.424,-0.252,1014000,48155000,1.0,16390628,16391000,16391000,17.373,140292000,2432000,-21751000,6415000,8.559,52163000
MDCI,MRY,2014-12-31,2014-03-31,2014-03-31,2017-05-26,-651000,203944000,205659750,131990000,71954000,1.4,6.118,-3237000,97000,97000,232833000,4192000,1.592,1.034,53583000,40338000,13245000,53583000,0,8889000,0,0.0,0.0,9357000,18246000,0.063,18246000,9357000,5354000,0.26,0.25,0.26,100287000,97913000,100287000,169116677,18,9.269,13444000,0.82,1.0,55016000,0.191,42881000,4003000,131631000,152711750,32718000,0,0,0,103657000,82918000,20739000,114242677,-461000,0,0,-12768000,0,-13905000,-3237000,0,16681000,0,4192000,4192000,4192000,-3085000,0,0.015,48744000,6272000,16456000,0.0,1.139,27.253,26.808,26161000,0,6.97,0.397,0.397,32890000,64366000,287849000,287849000,0,0.02,0.043,0.061,0.033,1064000,48744000,1.0,16390628,16391000,16466000,17.561,161063000,1610000,1162000,6482000,9.826,49072000
