ticker,dimension,calendardate,datekey,reportperiod,lastupdated,accoci,assets,assetsavg,assetsc,assetsnc,assetturnover,bvps,capex,cashneq,cashnequsd,cor,consolinc,currentratio,de,debt,debtc,debtnc,debtusd,deferredrev,depamor,deposits,divyield,dps,ebit,ebitda,ebitdamargin,ebitdausd,ebitusd,ebt,eps,epsdil,epsusd,equity,equityavg,equityusd,ev,evebit,evebitda,fcf,fcfps,fxusd,gp,grossmargin,intangibles,intexp,invcap,invcapavg,inventory,investments,investmentsc,investmentsnc,liabilities,liabilitiesc,liabilitiesnc,marketcap,ncf,ncfbus,ncfcommon,ncfdebt,ncfdiv,ncff,ncfi,ncfinv,ncfo,ncfx,netinc,netinccmn,netinccmnusd,netincdis,netincnci,netmargin,opex,opinc,payables,payoutratio,pb,pe,pe1,ppnenet,prefdivis,price,ps,ps1,receivables,retearn,revenue,revenueusd,rnd,roa,roe,roic,ros,sbcomp,sgna,sharefactor,sharesbas,shareswa,shareswadil,sps,tangibles,taxassets,taxexp,taxliabilities,tbvps,workingcapital
MDP,MRY,2011-12-31,2011-06-30,2011-06-30,2018-05-15,-16163000,1712829000,1713330250,333738000,1379091000,0.817,17.093,-29906000,27721000,27721000,554101000,127432000,0.816,1.21,195000000,50000000,145000000,195000000,271855000,56653000,0,0.031,0.98,221144000,277797000,0.198,277797000,221144000,208175000,2.8,2.78,2.8,774985000,745119750,774985000,1621823709,7,5.838,184629000,4.058,1.0,846379000,0.604,1075401000,12969000,395715000,447074500,21529000,0,0,0,937844000,408992000,528852000,1417503709,-20853000,-40141000,-16219000,-105000000,-44240000,-165341000,-70047000,0,214535000,0,127432000,127432000,127432000,4178000,0,0.091,621088000,225291000,82878000,0.35,1.829,11.124,11.118,186438000,0,31.13,1.012,1.011,212365000,687816000,1400480000,1400480000,0,0.074,0.171,0.495,0.158,8431000,581543000,1.0,45534973,45497000,45832000,30.782,637428000,0,80743000,160709000,14.059,-75254000
MDP,MRY,2012-12-31,2012-06-30,2012-06-30,2018-05-15,-23115000,2016299000,1895844750,359436000,1656863000,0.726,17.858,-35718000,25820000,25820000,547564000,104372000,0.745,1.528,380000000,105000000,275000000,380000000,322260000,56195000,0,0.044,1.397,185779000,241974000,0.176,241974000,185779000,172875000,2.33,2.31,2.33,797445000,792718250,797445000,1827244621,9,7.551,146212000,3.262,1.0,829123000,0.602,1323741000,12904000,564152000,563681000,22559000,0,0,0,1218854000,482586000,736268000,1431918621,-1901000,-248964000,-20973000,185000000,-62994000,100851000,-284682000,0,181930000,0,104372000,104372000,104372000,0,0,0.076,643352000,185771000,72911000,0.6,1.796,13.719,13.708,194304000,0,31.94,1.04,1.04,215526000,722778000,1376687000,1376687000,0,0.055,0.132,0.33,0.135,9964000,599026000,1.0,44831516,44825000,45100000,30.712,692558000,0,68503000,204054000,15.509,-123150000
MDP,MRY,2013-12-31,2013-06-30,2013-06-30,2018-05-15,-16341000,2140059000,2076617500,407692000,1732367000,0.709,19.192,-25969000,27674000,27674000,561058000,123650000,0.893,1.505,350000000,50000000,300000000,350000000,355257000,55010000,0,0.033,1.575,210834000,265844000,0.181,265844000,210834000,197404000,2.78,2.74,2.78,854296000,826010750,854296000,2452398612,11,9.225,163118000,3.669,1.0,910282000,0.619,1379600000,13430000,626114000,649244250,28386000,0,0,0,1285763000,456671000,829092000,2121888612,1854000,-50190000,-15215000,-30000000,-70527000,-111074000,-76159000,0,189087000,0,123650000,123650000,123650000,0,0,0.084,699448000,210834000,78458000,0.567,2.484,17.16,17.158,186317000,0,47.7,1.442,1.441,232305000,775901000,1471340000,1471340000,0,0.06,0.15,0.325,0.143,6080000,654098000,1.0,44484038,44455000,45085000,33.097,760459000,0,73754000,247487000,17.084,-48979000
MDP,MRY,2014-12-31,2014-06-30,2014-06-30,2018-05-15,-8758000,2543800000,2279412250,493122000,2050678000,0.644,20.015,-24822000,36587000,36587000,567024000,113541000,1.021,1.853,715000000,87500000,627500000,715000000,325176000,57511000,0,0.035,1.682,186515000,244026000,0.166,244026000,186515000,174339000,2.54,2.5,2.54,891652000,872295500,891652000,2659076626,14,10.897,153268000,3.434,1.0,901684000,0.614,1661823000,12176000,1077287000,816652250,24008000,0,0,0,1652148000,483103000,1169045000,2156197626,8913000,-417461000,-19341000,365000000,-75392000,273106000,-442283000,0,178090000,0,113541000,113541000,113541000,0,0,0.077,715169000,186515000,81402000,0.662,2.418,18.99,19.039,204938000,0,48.36,1.468,1.47,257644000,814050000,1468708000,1468708000,0,0.05,0.13,0.228,0.127,7369000,655241000,1.0,44586386,44636000,45410000,32.904,881977000,0,60798000,277477000,19.798,10019000
MDP,MRY,2015-12-31,2015-06-30,2015-06-30,2018-05-15,-12648000,2843282000,2754291000,482531000,2360751000,0.579,21.343,-33245000,22833000,22833000,598941000,136791000,0.909,1.987,795000000,62500000,732500000,795000000,357347000,73122000,0,0.034,1.781,242112000,315234000,0.198,315234000,242112000,222760000,3.07,3.02,3.07,951850000,926473000,951850000,3131219309,12,9.933,159102000,3.574,1.0,995235000,0.624,1979939000,19352000,1104509000,1155399250,24681000,0,0,0,1891432000,531001000,1360431000,2325252309,-13754000,-257030000,-5513000,80000000,-79982000,740000,-206841000,0,192347000,0,136791000,136791000,136791000,0,0,0.086,753123000,242112000,93944000,0.58,2.443,16.999,16.987,213736000,0,52.15,1.459,1.456,284646000,870859000,1594176000,1594176000,0,0.05,0.148,0.21,0.152,6044000,695319000,1.0,44587772,44522000,45323000,35.806,863343000,0,85969000,311645000,19.359,-48470000
MDP,MRY,2016-12-31,2016-06-30,2016-06-30,2018-05-15,-28501000,2626791000,2802025000,481156000,2145635000,0.589,19.954,-25035000,24970000,24970000,611872000,33937000,1.007,1.955,693506000,75000000,618506000,693506000,327893000,75887000,0,0.037,1.905,130609000,206496000,0.125,206496000,130609000,110207000,0.76,0.75,0.76,889043000,954206500,889043000,2998694436,22,14.522,201562000,4.519,1.0,1037756000,0.629,1805791000,20402000,1011644000,1086399500,20678000,0,0,0,1737748000,477892000,1259856000,2312818436,2137000,-8186000,-10201000,-100000000,-86090000,-193006000,-31454000,0,226597000,0,33937000,33937000,33937000,0,0,0.021,907147000,130609000,82107000,2.507,2.601,68.15,68.303,190953000,0,51.91,1.402,1.404,273927000,818706000,1649628000,1649628000,0,0.012,0.036,0.12,0.079,8516000,730074000,1.0,44554391,44606000,45357000,36.982,821000000,0,76270000,336346000,18.427,3264000
MDP,MRY,2017-12-31,2017-06-30,2017-06-30,2018-05-15,-19000000,2729600000,2667990500,505300000,2224300000,0.642,22.272,-34785000,22300000,22300000,602985000,188928000,1.099,1.741,698200000,62500000,635700000,698200000,325500000,71472000,0,0.034,2.03,309123000,380595000,0.222,380595000,309123000,290334000,4.23,4.16,4.23,995900000,957231000,995900000,3254704677,10,8.552,184561000,4.137,1.0,1110376000,0.648,1893000000,18789000,1052800000,1002755250,21900000,0,0,0,1733700000,459700000,1274000000,2650847677,-2683000,-84400000,-15338000,5625000,-91931000,-104344000,-117685000,0,219346000,0,188928000,188928000,188928000,0,0,0.11,801253000,309123000,66600000,0.48,2.662,14.031,14.054,189800000,0,59.45,1.547,1.548,289100000,915700000,1713361000,1713361000,0,0.071,0.197,0.308,0.18,5972000,741188000,1.0,44589532,44617000,45447000,38.402,836600000,0,101406000,384700000,18.709,45600000
