ticker,dimension,calendardate,datekey,reportperiod,lastupdated,accoci,assets,assetsavg,assetsc,assetsnc,assetturnover,bvps,capex,cashneq,cashnequsd,cor,consolinc,currentratio,de,debt,debtc,debtnc,debtusd,deferredrev,depamor,deposits,divyield,dps,ebit,ebitda,ebitdamargin,ebitdausd,ebitusd,ebt,eps,epsdil,epsusd,equity,equityavg,equityusd,ev,evebit,evebitda,fcf,fcfps,fxusd,gp,grossmargin,intangibles,intexp,invcap,invcapavg,inventory,investments,investmentsc,investmentsnc,liabilities,liabilitiesc,liabilitiesnc,marketcap,ncf,ncfbus,ncfcommon,ncfdebt,ncfdiv,ncff,ncfi,ncfinv,ncfo,ncfx,netinc,netinccmn,netinccmnusd,netincdis,netincnci,netmargin,opex,opinc,payables,payoutratio,pb,pe,pe1,ppnenet,prefdivis,price,ps,ps1,receivables,retearn,revenue,revenueusd,rnd,roa,roe,roic,ros,sbcomp,sgna,sharefactor,sharesbas,shareswa,shareswadil,sps,tangibles,taxassets,taxexp,taxliabilities,tbvps,workingcapital
MEI,MRY,2011-12-31,2011-04-30,2011-04-30,2018-03-02,23152000,334744000,328731750,195961000,138783000,1.303,7.012,-15223000,57445000,57445000,339042000,19193000,3.087,0.284,0,0,0,0,0,15756000,0,0.023,0.28,15622000,31378000,0.073,31378000,15622000,15424000,0.53,0.52,0.53,259033000,245927250,259033000,387152958,24,12.338,1817000,0.049,1.0,89173000,0.208,34845000,198000,178967000,169092750,38557000,10028000,0,10028000,73600000,63487000,10113000,456569958,-6376000,-2470000,1028000,0,-10329000,-9301000,-16178000,0,17040000,2063000,19500000,19500000,19500000,-655000,-307000,0.046,74513000,14660000,37152000,0.528,1.763,23.414,23.321,61511000,0,12.36,1.066,1.066,88036000,155989000,428215000,428215000,0,0.059,0.079,0.092,0.036,3006000,70827000,1.0,36939317,36939317,,11.592,299899000,9085000,-4076000,1336000,8.119,132474000
MEI,MRY,2012-12-31,2012-04-28,2012-04-28,2018-03-02,15573000,403648000,375775000,240433000,163215000,1.238,6.889,-25700000,86797000,86797000,382000000,8200000,2.617,0.582,48000000,0,48000000,48000000,0,16100000,0,0.032,0.28,11300000,27400000,0.059,27400000,11300000,11600000,0.22,0.22,0.22,255044000,255041750,255044000,282179280,24,10.299,-900000,-0.024,1.0,83100000,0.179,33042000,-300000,239932000,225925000,43561000,8802000,0,8802000,148424000,91877000,56547000,319490280,29400000,-6400000,300000,48000000,-10400000,37900000,-32100000,0,24800000,-1200000,8400000,8400000,8400000,0,-200000,0.018,71700000,11400000,54775000,1.273,1.253,38.035,39.227,77152000,0,8.63,0.687,0.687,98359000,154008000,465100000,465100000,0,0.022,0.033,0.05,0.024,4000000,69900000,1.0,37020890,37020890,,12.563,370606000,19616000,3200000,12584000,10.011,148556000
MEI,MRY,2013-12-31,2013-04-27,2013-04-27,2018-03-02,15700000,434900000,418460000,258600000,176300000,1.242,7.809,-38600000,65800000,65800000,428200000,40400000,2.861,0.502,43500000,0,43500000,43500000,0,18800000,0,0.02,0.28,38200000,57000000,0.11,57000000,38200000,38200000,1.09,1.08,1.09,289400000,275077250,289400000,487324884,12,8.55,-5400000,-0.146,1.0,91600000,0.176,29400000,0,292800000,269684250,59900000,9300000,0,9300000,145300000,90400000,54900000,520699884,-21000000,-1400000,600000,-4500000,-10300000,-14200000,-40000000,0,33200000,0,40700000,40700000,40700000,0,-300000,0.078,72400000,19200000,61500000,0.257,1.799,12.794,12.89,98400000,0,14.05,1.002,1.002,119800000,184400000,519800000,519800000,0,0.097,0.148,0.142,0.073,3300000,66300000,1.0,37060490,37060490,,14.026,405500000,18400000,-2500000,4400000,10.942,168200000
MEI,MRY,2014-12-31,2014-05-03,2014-05-03,2018-03-02,24700000,575500000,514776000,381700000,193800000,1.501,9.982,-29000000,116400000,116400000,616100000,96200000,3.205,0.468,48000000,0,48000000,48000000,0,23900000,0,0.01,0.3,76100000,100000000,0.129,100000000,76100000,75800000,2.53,2.51,2.53,391900000,342178750,391900000,1099676305,14,10.997,43400000,1.105,1.0,156700000,0.203,26000000,300000,362000000,336804750,71600000,8200000,0,8200000,183300000,119100000,64200000,1146455305,50600000,6100000,5000000,4500000,-11300000,-1400000,-22900000,0,72400000,2500000,96100000,96100000,96100000,0,100000,0.124,83100000,73600000,82000000,0.119,2.925,11.93,11.542,101200000,0,29.2,1.484,1.484,173000000,269200000,772800000,772800000,0,0.187,0.281,0.226,0.098,3300000,79600000,1.0,39262168,39262168,,19.683,549500000,49100000,-20300000,5900000,13.996,262600000
MEI,MRY,2015-12-31,2015-05-02,2015-05-02,2018-03-02,-8300000,605800000,590650000,438300000,167500000,1.492,11.964,-22500000,168100000,168100000,662300000,101000000,3.356,0.32,5000000,0,5000000,5000000,0,23400000,0,0.008,0.36,120900000,144300000,0.164,144300000,120900000,120900000,2.61,2.57,2.61,458800000,429825000,458800000,1523785484,12,10.56,100400000,2.618,1.0,218800000,0.248,13000000,0,299100000,311725000,70900000,7000000,0,7000000,146800000,130600000,16200000,1671585484,51700000,11200000,4000000,-43000000,-13800000,-48500000,-11300000,0,122900000,-11400000,101100000,101100000,101100000,0,-100000,0.115,106600000,112200000,70100000,0.138,3.643,16.534,16.701,93300000,0,43.59,1.897,1.897,170400000,356500000,881100000,881100000,0,0.171,0.235,0.388,0.137,4300000,94000000,1.0,38347912,38347912,,22.976,592800000,48900000,19800000,12700000,15.458,307700000
MEI,MRY,2016-12-31,2016-04-30,2016-04-30,2018-03-02,-8400000,655900000,616550000,496200000,159700000,1.312,12.735,-23200000,227800000,227800000,596200000,84600000,4.209,0.395,57000000,0,57000000,57000000,0,23900000,0,0.012,0.36,110900000,134800000,0.167,134800000,110900000,110900000,2.21,2.2,2.21,470100000,460425000,470100000,950119595,8,7.048,87500000,2.37,1.0,212900000,0.263,10600000,0,356600000,332300000,66200000,7400000,0,7400000,185800000,117900000,67900000,1097419595,59700000,1600000,-61700000,52000000,-13500000,-28700000,-21600000,0,110700000,-700000,84600000,84600000,84600000,0,0,0.105,103200000,109700000,68200000,0.163,2.334,12.972,13.452,93000000,0,29.73,1.356,1.356,175500000,358600000,809100000,809100000,0,0.137,0.184,0.334,0.137,7400000,100800000,1.0,36912869,36912869,,21.919,645300000,40800000,26300000,15100000,17.482,378300000
MEI,MRY,2017-12-31,2017-04-29,2017-04-29,2018-03-02,-25700000,704000000,673400000,530300000,173700000,1.213,14.709,-22400000,294000000,294000000,598200000,92900000,4.263,0.301,27000000,0,27000000,27000000,0,24300000,0,0.008,0.36,115900000,140200000,0.172,140200000,115900000,115900000,2.49,2.48,2.49,541100000,506925000,541100000,1407074259,12,10.036,122800000,3.338,1.0,218300000,0.267,8200000,0,304400000,326925000,57900000,7800000,0,7800000,162900000,124400000,38500000,1638874259,66200000,700000,-7100000,-30000000,-13700000,-47000000,-21700000,0,145200000,-10300000,92900000,92900000,92900000,0,0,0.114,107500000,110800000,75300000,0.145,3.029,17.641,17.892,90600000,0,44.55,2.007,2.007,165300000,427000000,816500000,816500000,0,0.138,0.183,0.355,0.142,12400000,105200000,1.0,36787301,36787301,,22.195,695800000,41000000,23000000,12700000,18.914,405900000
