ticker,dimension,calendardate,datekey,reportperiod,lastupdated,accoci,assets,assetsavg,assetsc,assetsnc,assetturnover,bvps,capex,cashneq,cashnequsd,cor,consolinc,currentratio,de,debt,debtc,debtnc,debtusd,deferredrev,depamor,deposits,divyield,dps,ebit,ebitda,ebitdamargin,ebitdausd,ebitusd,ebt,eps,epsdil,epsusd,equity,equityavg,equityusd,ev,evebit,evebitda,fcf,fcfps,fxusd,gp,grossmargin,intangibles,intexp,invcap,invcapavg,inventory,investments,investmentsc,investmentsnc,liabilities,liabilitiesc,liabilitiesnc,marketcap,ncf,ncfbus,ncfcommon,ncfdebt,ncfdiv,ncff,ncfi,ncfinv,ncfo,ncfx,netinc,netinccmn,netinccmnusd,netincdis,netincnci,netmargin,opex,opinc,payables,payoutratio,pb,pe,pe1,ppnenet,prefdivis,price,ps,ps1,receivables,retearn,revenue,revenueusd,rnd,roa,roe,roic,ros,sbcomp,sgna,sharefactor,sharesbas,shareswa,shareswadil,sps,tangibles,taxassets,taxexp,taxliabilities,tbvps,workingcapital
MFG,MRY,2011-12-31,2011-03-31,2011-03-31,2017-07-08,104972000000,161985670000000,160168563000000,,,0.013,237.085,-212339000000,10124192000000,122139476294,0,418130000000,,42.997,41512825000000,,,500815739663,0,167420000000,89215627000000,0.042,0.14,605896000000,773316000000,0.378,9329377717,7309602596,605896000000,40.88,38.44,0.493,3673487000000,3319851000000,44317391289,388604636961,53,41.654,739473000000,47.725,82.89,2047212000000,1.0,83377000000,0,193290926000000,191539532500000,0,133147102000000,,,157950314000000,,,25720700165,-1514928000000,0,757791000000,5743903000000,-133925000000,8019850000000,-10470684000000,-10258345000000,951812000000,-15906000000,412669000000,412669000000,4978488707,0,5461000000,0.202,1435855000000,611357000000,6236930000000,0.284,0.58,5.166,6.732,1114204000000,0,3.32,1.041,2.083,14082978000000,-2046024000000,2047212000000,24697813074,0,0.003,0.124,0.003,0.296,0,1318746000000,0.5,15494397690,15494397690,,1.594,161902293000000,854477000000,193227000000,28852000000,10449.086,
MFG,MRY,2012-12-31,2012-03-31,2012-03-31,2017-07-08,245588000000,166361633000000,164173651500000,,,0.013,205.249,-161286000000,7363477000000,88755533723,0,648957000000,,36.172,40331441000000,,,486134277568,0,165721000000,91234380000000,0.043,0.14,670267000000,835988000000,0.392,10076565884,8079050878,670267000000,56.14,53.56,0.677,4470766000000,4072126500000,53888295228,433464119453,53,43.017,-1950717000000,-89.556,82.964,2134306000000,1.0,75935000000,0,199253662000000,196272294000000,0,140544435000000,,,161714609000000,,,35178229291,-667904000000,0,-594000000,-2429187000000,-215902000000,2965844000000,-1842893000000,-1681607000000,-1789431000000,-1424000000,656389000000,656389000000,7911772661,0,-7432000000,0.308,1471471000000,662835000000,8400305000000,0.207,0.653,4.446,4.773,1104869000000,0,3.23,1.367,2.735,13606107000000,-1606108000000,2134306000000,25725817865,0,0.004,0.161,0.003,0.314,0,1347530000000,0.5,21782185320,21782185320,,1.181,166285698000000,836731000000,13878000000,49440000000,7634.023,
MFG,MRY,2013-12-31,2013-03-31,2013-03-31,2017-07-08,777997000000,178746994000000,172554313500000,,,0.013,238.194,-143357000000,12484039000000,132527638439,0,881156000000,,30.183,39205418000000,,,416195548697,0,157165000000,100221556000000,0.028,0.12,879436000000,1036601000000,0.449,11004313790,9335886906,879436000000,72.1,68.94,0.765,5728120000000,5099443000000,60808382310,472295690669,50,42.919,-1441345000000,-59.936,94.2,2309996000000,1.0,70621000000,0,205397752000000,202325707000000,0,146910112000000,,,172889899000000,,,51342833827,51815000000,0,1067000000,-7136201000000,-152514000000,7639859000000,-6321832000000,-6178475000000,-1297988000000,31776000000,875412000000,875412000000,9293169063,0,5744000000,0.379,1424816000000,885180000000,12115449000000,0.157,0.844,5.525,5.579,1091989000000,0,4.27,2.094,4.187,14670312000000,-883390000000,2309996000000,24522377307,0,0.005,0.172,0.004,0.381,0,1292724000000,0.5,24048165727,24048165727,,1.02,178676373000000,641777000000,4024000000,51856000000,7429.938,
MFG,MRY,2014-12-31,2014-03-31,2014-03-31,2017-07-08,1117877000000,175699346000000,177223170000000,,,0.013,263.956,-417656000000,20734406000000,201531490759,0,500235000000,,26.508,39962553000000,,,388422647874,0,161258000000,102610154000000,0.028,0.11,724592000000,885850000000,0.397,8610165687,7042791867,724592000000,40.66,39.28,0.395,6378470000000,6053295000000,61996594831,315509407979,44,36.644,5533652000000,228.996,102.884,2230298000000,1.0,70496000000,0,194856997000000,200127374500000,0,136216852000000,,,169077975000000,,,48088080309,428437000000,0,-37002000000,177349000000,-152163000000,-5972005000000,417303000000,834959000000,5951308000000,31831000000,498484000000,498484000000,4845097739,0,1751000000,0.224,1503955000000,726343000000,7007911000000,0.278,0.776,9.925,10.071,1356594000000,0,3.98,2.218,4.437,13452503000000,-537479000000,2230298000000,21677750535,0,0.003,0.082,0.004,0.325,0,1368494000000,0.5,24164864477,24164864477,,0.897,175628850000000,405120000000,226108000000,90305000000,7267.943,
MFG,MRY,2015-12-31,2015-03-31,2015-03-31,2017-07-08,2041005000000,190119734000000,182909540000000,,,0.016,326.837,-378391000000,29381159000000,245026148713,0,830233000000,,22.941,41007068000000,,,341981197612,0,166528000000,114206441000000,0.014,0.05,1240468000000,1406996000000,0.484,11733737635,10344966195,1240468000000,65.5,63.28,0.546,7930338000000,7154404000000,66135586350,232099848449,22,19.781,827535000000,34.106,119.91,2907115000000,1.0,65283000000,0,201680360000000,198268678500000,0,140803894000000,,,181929890000000,,,43068396206,-168573000000,0,-3000000,-139167000000,-176186000000,4264631000000,-5673888000000,-5295497000000,1205926000000,34758000000,803048000000,803048000000,6697072728,0,27185000000,0.276,1639462000000,1267653000000,3703416000000,0.092,0.651,6.431,6.499,1632485000000,0,3.55,1.776,3.553,12780378000000,89432000000,2907115000000,24244080783,0,0.004,0.112,0.006,0.427,0,1459218000000,0.5,24263885187,24263885187,,0.999,190054451000000,57921000000,437420000000,452704000000,7832.812,
MFG,MRY,2016-12-31,2016-03-31,2016-03-31,2017-07-08,1469308000000,193810151000000,191964942500000,,,0.015,325.505,-341059000000,36650005000000,326368770176,0,850063000000,,23.161,36309405000000,,,323335722756,0,167930000000,117937722000000,0.02,0.06,1197034000000,1364964000000,0.478,12155022134,10659603305,1197034000000,68.38,67.0,0.609,8014551000000,7972444500000,71369680669,129948118296,12,10.691,-99349000000,-4.035,112.296,2854098000000,1.0,67748000000,0,193401803000000,197541081500000,0,138903342000000,,,185626960000000,,,36194190011,-205709000000,0,-5000000,987987000000,-195283000000,5558717000000,-5978075000000,-5637016000000,241710000000,-28061000000,850492000000,850492000000,7573642297,0,-429000000,0.298,1657493000000,1196605000000,7311958000000,0.099,0.507,4.779,4.828,1837990000000,0,2.94,1.424,2.848,11322601000000,746785000000,2854098000000,25415779731,0,0.004,0.107,0.006,0.419,0,1523589000000,0.5,24621897967,24621897967,,1.032,193742403000000,57349000000,346542000000,298569000000,7868.703,
MFG,MRY,2017-12-31,2017-03-31,2017-03-31,2017-07-08,1521163000000,200456304000000,197133227500000,,,0.011,330.051,-418854000000,47586971000000,429508556420,0,389131000000,,23.203,35415310000000,,,319650071304,0,171202000000,131184953000000,0.016,0.06,453684000000,624886000000,0.279,5640070761,4094842681,453684000000,28.66,28.56,0.259,8261357000000,8137954000000,74565021571,43017462405,10,7.627,794454000000,31.739,110.794,2237682000000,1.0,189323000000,0,188095320000000,190748561500000,0,132810259000000,,,191684247000000,,,46181319837,269594000000,301000000,-1428000000,-827481000000,-190031000000,11869753000000,-12801572000000,-12383019000000,1213308000000,-11895000000,362440000000,362440000000,3271296279,0,26691000000,0.162,1757307000000,480375000000,6042337000000,0.232,0.619,14.117,14.265,2041273000000,0,3.69,2.287,4.573,12501935000000,918894000000,2237682000000,20196779609,0,0.002,0.045,0.002,0.203,0,1577501000000,0.5,25030525657,25030525657,,0.807,200266981000000,63520000000,91244000000,214073000000,8000.91,
