ticker,dimension,calendardate,datekey,reportperiod,lastupdated,accoci,assets,assetsavg,assetsc,assetsnc,assetturnover,bvps,capex,cashneq,cashnequsd,cor,consolinc,currentratio,de,debt,debtc,debtnc,debtusd,deferredrev,depamor,deposits,divyield,dps,ebit,ebitda,ebitdamargin,ebitdausd,ebitusd,ebt,eps,epsdil,epsusd,equity,equityavg,equityusd,ev,evebit,evebitda,fcf,fcfps,fxusd,gp,grossmargin,intangibles,intexp,invcap,invcapavg,inventory,investments,investmentsc,investmentsnc,liabilities,liabilitiesc,liabilitiesnc,marketcap,ncf,ncfbus,ncfcommon,ncfdebt,ncfdiv,ncff,ncfi,ncfinv,ncfo,ncfx,netinc,netinccmn,netinccmnusd,netincdis,netincnci,netmargin,opex,opinc,payables,payoutratio,pb,pe,pe1,ppnenet,prefdivis,price,ps,ps1,receivables,retearn,revenue,revenueusd,rnd,roa,roe,roic,ros,sbcomp,sgna,sharefactor,sharesbas,shareswa,shareswadil,sps,tangibles,taxassets,taxexp,taxliabilities,tbvps,workingcapital
MG,MRY,2011-12-31,2011-05-31,2011-05-31,2018-05-08,303000,248637000,212765000,106779000,141858000,1.591,6.214,-9763000,10879000,10879000,235186000,16336000,2.111,0.485,37327000,13079000,24248000,37327000,0,18592000,0,0.0,0.0,29706000,48298000,0.143,48298000,29706000,26933000,0.61,0.61,0.61,167157000,145760250,167157000,487002851,16,10.083,15491000,0.58,1.0,103403000,0.305,91450000,2773000,133047000,116848250,9830000,0,0,0,81151000,50588000,30563000,464327851,-5158000,-26195000,14777000,-9476000,0,5344000,-36478000,0,25254000,722000,16431000,16431000,16431000,0,-95000,0.049,73792000,29611000,6656000,0.0,2.778,28.259,28.541,49168000,0,17.41,1.371,1.374,78031000,-14017000,338589000,338589000,2150000,0.077,0.113,0.254,0.088,3751000,65983000,1.0,26670181,26724000,26933000,12.67,157187000,1278000,10502000,5688000,5.843,56191000
MG,MRY,2012-12-31,2012-05-31,2012-05-31,2018-05-08,-3047000,329816000,291656750,133623000,196193000,1.498,6.9,-7483000,8410000,8410000,307185000,21346000,2.078,0.708,59274000,11922000,47352000,59274000,0,22024000,0,0.0,0.0,36776000,58800000,0.135,58800000,36776000,33644000,0.77,0.74,0.77,193012000,182435000,193012000,681894419,18,11.597,23919000,0.859,1.0,129690000,0.297,131288000,3132000,185073000,169111750,12492000,0,0,0,136568000,64319000,72249000,629726419,-2469000,-29216000,2484000,-671000,0,2009000,-37512000,0,31402000,1632000,21353000,21353000,21353000,0,-7000,0.049,93592000,36098000,11944000,0.0,3.263,29.491,29.273,63527000,0,22.54,1.441,1.436,104515000,7336000,436875000,436875000,2059000,0.073,0.117,0.217,0.084,5097000,83098000,1.0,27938173,27839000,28685000,15.693,198528000,1885000,12291000,6020000,7.097,69304000
MG,MRY,2013-12-31,2013-05-31,2013-05-31,2018-05-08,-4452000,377997000,365190250,140309000,237688000,1.449,7.448,-11364000,7802000,7802000,380911000,11639000,1.943,0.798,77956000,14184000,63772000,77956000,0,26647000,0,0.0,0.0,27561000,54208000,0.102,54208000,27561000,24273000,0.41,0.4,0.41,210053000,207756500,210053000,685418672,24,12.644,32139000,1.142,1.0,148371000,0.28,167698000,3288000,208237000,200579000,12504000,0,0,0,167717000,72216000,95501000,602808672,-608000,-33122000,829000,2521000,0,1144000,-45479000,0,43503000,224000,11646000,11646000,11646000,0,-7000,0.022,120817000,27554000,8490000,0.0,2.87,51.761,52.146,68419000,0,21.38,1.139,1.137,108554000,18982000,529282000,529282000,2447000,0.032,0.056,0.137,0.052,6285000,101792000,1.0,28194980,28141000,29106000,18.808,210299000,3958000,12627000,14654000,7.457,68093000
MG,MRY,2014-12-31,2014-05-31,2014-05-31,2018-05-08,-1511000,443972000,414805750,175129000,268843000,1.503,8.511,-15373000,10020000,10020000,450504000,22575000,2.018,0.833,97563000,15309000,82254000,97563000,0,28429000,0,0.0,0.0,38238000,66667000,0.107,66667000,38238000,35046000,0.79,0.77,0.79,242104000,229830250,242104000,738972792,19,11.085,21500000,0.758,1.0,172943000,0.277,188391000,3192000,256333000,242516750,11376000,0,0,0,201580000,86791000,114789000,647314792,2218000,-21924000,996000,4611000,0,3262000,-38005000,0,36873000,88000,22518000,22518000,22518000,0,57000,0.036,134648000,38295000,14978000,0.0,2.674,28.747,28.81,77811000,0,22.76,1.038,1.036,137824000,41500000,623447000,623447000,2995000,0.054,0.098,0.158,0.061,6261000,123690000,1.0,28440896,28365000,29324000,21.979,255581000,4627000,12528000,17375000,8.985,88338000
MG,MRY,2015-12-31,2015-05-31,2015-05-31,2018-05-08,-21113000,471727000,498095250,171466000,300261000,1.428,8.529,-14108000,10555000,10555000,526519000,15991000,1.833,0.926,132822000,26548000,106274000,132822000,0,33286000,0,0.0,0.0,30443000,63729000,0.09,63729000,30443000,25821000,0.56,0.54,0.56,244819000,244838250,244819000,663763794,21,10.415,35732000,1.249,1.0,184733000,0.26,217690000,4622000,282781000,315644500,10841000,0,0,0,226715000,93523000,133192000,531281794,535000,-34677000,750000,5622000,0,2066000,-49651000,0,49840000,-1720000,16081000,16081000,16081000,0,-90000,0.023,154380000,30353000,10529000,0.0,2.17,33.038,33.054,79256000,0,18.51,0.747,0.745,133228000,57581000,711252000,711252000,2521000,0.032,0.066,0.096,0.043,6579000,143978000,1.0,28702420,28613000,29590000,24.858,254037000,6352000,9740000,17516000,8.851,77943000
MG,MRY,2016-12-31,2016-05-31,2016-05-31,2018-05-08,-20099000,482675000,477201000,187946000,294729000,1.507,9.547,-13694000,21188000,21188000,516173000,24650000,1.94,0.747,104776000,20388000,84388000,104776000,0,32474000,0,0.0,0.0,43181000,75655000,0.105,75655000,43181000,38419000,0.85,0.82,0.85,276163000,260491000,276163000,804397749,18,10.632,54430000,1.886,1.0,203008000,0.282,212712000,4762000,256674000,269727500,9918000,0,0,0,206387000,96877000,109510000,717609749,10633000,-1743000,543000,-36513000,0,-40378000,-16752000,0,68124000,-361000,24654000,24654000,24654000,0,-4000,0.034,159831000,43177000,10796000,0.0,2.599,29.107,29.188,78676000,0,24.81,0.998,0.995,137913000,82235000,719181000,719181000,2523000,0.052,0.095,0.16,0.06,6514000,141229000,1.0,28924214,28856000,29891000,24.923,269963000,7216000,13765000,21038000,9.332,91069000
MG,MRY,2017-12-31,2017-12-31,2017-12-31,2018-05-08,-16805000,554441000,497455000,195008000,359433000,1.409,9.565,-18118000,27541000,27541000,513258000,-2168000,2.161,1.048,181491000,8233000,173258000,181491000,0,31383000,0,0.0,0.0,4153000,35536000,0.051,35536000,4153000,-233000,-0.08,-0.08,-0.08,270619000,270215750,270619000,756022940,182,21.275,37121000,1.306,1.0,187712000,0.268,267177000,4386000,350989000,293271750,10503000,0,0,0,283649000,90225000,193424000,663982940,8387000,-83424000,-15648000,71460000,0,53605000,-102797000,0,55239000,2340000,-2175000,-2175000,-2175000,0,7000,-0.003,183552000,4160000,10362000,0.0,2.454,-305.28,-293.375,87143000,0,23.47,0.947,0.952,138080000,64717000,700970000,700970000,2272000,-0.004,-0.008,0.014,0.006,6574000,153025000,1.0,28290709,28422000,28422000,24.663,287264000,1606000,1942000,14872000,10.153,104783000
