ticker,dimension,calendardate,datekey,reportperiod,lastupdated,accoci,assets,assetsavg,assetsc,assetsnc,assetturnover,bvps,capex,cashneq,cashnequsd,cor,consolinc,currentratio,de,debt,debtc,debtnc,debtusd,deferredrev,depamor,deposits,divyield,dps,ebit,ebitda,ebitdamargin,ebitdausd,ebitusd,ebt,eps,epsdil,epsusd,equity,equityavg,equityusd,ev,evebit,evebitda,fcf,fcfps,fxusd,gp,grossmargin,intangibles,intexp,invcap,invcapavg,inventory,investments,investmentsc,investmentsnc,liabilities,liabilitiesc,liabilitiesnc,marketcap,ncf,ncfbus,ncfcommon,ncfdebt,ncfdiv,ncff,ncfi,ncfinv,ncfo,ncfx,netinc,netinccmn,netinccmnusd,netincdis,netincnci,netmargin,opex,opinc,payables,payoutratio,pb,pe,pe1,ppnenet,prefdivis,price,ps,ps1,receivables,retearn,revenue,revenueusd,rnd,roa,roe,roic,ros,sbcomp,sgna,sharefactor,sharesbas,shareswa,shareswadil,sps,tangibles,taxassets,taxexp,taxliabilities,tbvps,workingcapital
MGA,MRY,2011-12-31,2011-12-31,2011-12-31,2018-03-29,422000000,14679000000,14176500000,8146000000,6533000000,2.028,17.081,-1124000000,1325000000,1325000000,25434000000,1015000000,1.423,0.792,233000000,187000000,46000000,233000000,0,0,0,0.03,0.5,1214000000,1214000000,0.042,1214000000,1214000000,1220000000,2.13,2.1,2.13,8175000000,8099000000,8175000000,6078728291,5,5.007,86000000,0.18,1.0,3314000000,0.115,1196000000,-6000000,6667000000,6192000000,2045000000,438000000,0,438000000,6477000000,5724000000,753000000,8086728291,-556000000,48000000,-348000000,137000000,-236000000,-457000000,-1272000000,-196000000,1210000000,-37000000,1018000000,1018000000,1018000000,0,-3000000,0.035,2224000000,1090000000,3961000000,0.235,0.989,7.944,7.819,4236000000,0,16.655,0.281,0.277,4398000000,3317000000,28748000000,28748000000,0,0.072,0.126,0.196,0.042,0,1382000000,1.0,485543578,478600000,485600000,60.067,13483000000,275000000,202000000,130000000,28.172,2422000000
MGA,MRY,2012-12-31,2012-12-31,2012-12-31,2018-03-29,496000000,17109000000,15894000000,9135000000,7974000000,1.94,20.286,-1274000000,1522000000,1522000000,27019000000,1426000000,1.367,0.811,432000000,320000000,112000000,432000000,0,0,0,0.022,0.55,1773000000,1773000000,0.057,1773000000,1773000000,1757000000,3.085,3.045,3.085,9429000000,8802000000,9429000000,10578555955,5,5.966,932000000,2.005,1.0,3818000000,0.124,1473000000,16000000,7862000000,7264500000,2512000000,385000000,0,385000000,7651000000,6684000000,967000000,11670555955,197000000,-419000000,-26000000,81000000,-252000000,-216000000,-1815000000,-122000000,2206000000,22000000,1433000000,1433000000,1433000000,0,-7000000,0.046,2203000000,1615000000,4450000000,0.178,1.238,8.144,8.107,5273000000,0,25.01,0.378,0.377,4774000000,4462000000,30837000000,30837000000,0,0.09,0.163,0.244,0.057,0,1510000000,1.0,466635584,464800000,470400000,66.345,15636000000,260000000,324000000,253000000,33.64,2451000000
MGA,MRY,2013-12-31,2013-12-31,2013-12-31,2018-03-29,313000000,17990000000,17549500000,9923000000,8067000000,1.985,21.112,-1169000000,1554000000,1554000000,30287000000,1545000000,1.358,0.868,373000000,271000000,102000000,373000000,0,0,0,0.016,0.64,1937000000,1937000000,0.056,1937000000,1937000000,1921000000,3.425,3.38,3.425,9623000000,9526000000,9623000000,18042640463,9,9.315,1398000000,3.067,1.0,4548000000,0.131,1440000000,16000000,8060000000,7961000000,2637000000,391000000,0,391000000,8351000000,7309000000,1042000000,19132640463,32000000,154000000,-957000000,-40000000,-284000000,-1300000000,-1207000000,-192000000,2567000000,-28000000,1561000000,1561000000,1561000000,0,-16000000,0.045,2823000000,1725000000,4781000000,0.187,1.988,12.257,11.98,5441000000,0,41.03,0.549,0.537,5246000000,5011000000,34835000000,34835000000,0,0.089,0.164,0.243,0.056,0,1616000000,1.0,466308566,455800000,461600000,76.426,16550000000,395000000,360000000,215000000,36.31,2614000000
MGA,MRY,2014-12-31,2014-12-31,2014-12-31,2018-03-29,-558000000,18074000000,18032000000,9862000000,8212000000,1.908,20.274,-1495000000,1249000000,1249000000,29468000000,1880000000,1.293,1.086,1025000000,213000000,812000000,1025000000,0,0,0,0.014,0.76,2595000000,2595000000,0.075,2595000000,2595000000,2565000000,4.41,4.34,4.41,8659000000,9141000000,8659000000,22855978707,8,8.808,1327000000,3.107,1.0,4935000000,0.143,1337000000,30000000,8887000000,8473500000,2525000000,379000000,0,379000000,9401000000,7626000000,1775000000,24036978707,-302000000,141000000,-1734000000,670000000,-316000000,-1380000000,-1646000000,-172000000,2822000000,-98000000,1882000000,1882000000,1882000000,42000000,-2000000,0.055,2503000000,2432000000,4765000000,0.172,2.776,12.772,12.323,5402000000,0,54.345,0.699,0.675,5316000000,5155000000,34403000000,34403000000,0,0.104,0.206,0.306,0.075,0,1612000000,1.0,442303408,427100000,433200000,80.55,16737000000,233000000,683000000,92000000,39.188,2236000000
MGA,MRY,2015-12-31,2015-12-31,2015-12-31,2018-03-29,-1470000000,19687000000,18880500000,11144000000,8543000000,1.702,22.002,-1370000000,2863000000,2863000000,27559000000,2007000000,1.532,1.179,2563000000,236000000,2327000000,2563000000,0,0,0,0.022,0.88,2768000000,2768000000,0.086,2768000000,2768000000,2724000000,4.94,4.88,4.94,8966000000,8812500000,8966000000,16417792951,5,5.931,962000000,2.361,1.0,4575000000,0.142,1513000000,44000000,10598000000,9742500000,2564000000,399000000,0,399000000,10570000000,7276000000,3294000000,16642792951,1614000000,-161000000,-480000000,1534000000,-354000000,741000000,-1288000000,-221000000,2332000000,-171000000,2013000000,2013000000,2013000000,-67000000,-6000000,0.063,2084000000,2491000000,4746000000,0.178,1.856,8.268,8.211,5948000000,0,40.56,0.518,0.514,5439000000,6387000000,32134000000,32134000000,0,0.107,0.228,0.284,0.086,0,1448000000,1.0,410325270,407500000,412700000,78.856,18174000000,271000000,711000000,254000000,44.599,3868000000
MGA,MRY,2016-12-31,2016-12-31,2016-12-31,2018-03-29,-1451000000,22566000000,21126500000,10163000000,12403000000,1.725,24.982,-1807000000,974000000,974000000,31123000000,2074000000,1.169,1.264,3156000000,762000000,2394000000,3156000000,0,0,0,0.023,1.0,2825000000,2825000000,0.078,2825000000,2825000000,2737000000,5.19,5.16,5.19,9768000000,9367000000,9768000000,17177266323,6,6.08,1459000000,3.731,1.0,5322000000,0.146,2544000000,88000000,13509000000,12053500000,2804000000,1850000000,0,1850000000,12347000000,8695000000,3652000000,17458266323,-1695000000,-1672000000,-904000000,251000000,-385000000,-1020000000,-3957000000,-478000000,3266000000,16000000,2031000000,2031000000,2031000000,0,43000000,0.056,2687000000,2635000000,5430000000,0.193,1.787,8.596,8.362,7022000000,0,43.4,0.479,0.466,6165000000,7318000000,36445000000,36445000000,0,0.096,0.217,0.234,0.078,0,1601000000,1.0,402264201,391000000,393200000,93.21,20022000000,268000000,706000000,389000000,51.207,1468000000
MGA,MRY,2017-12-31,2017-12-31,2017-12-31,2018-03-29,-597000000,25393000000,23979500000,11220000000,14173000000,1.624,30.199,-1809000000,726000000,726000000,33258000000,2255000000,1.224,1.217,3562000000,367000000,3195000000,3562000000,0,0,0,0.019,1.1,3020000000,3020000000,0.078,3020000000,3020000000,2950000000,5.93,5.9,5.93,11228000000,10498000000,11228000000,23861251421,7,7.901,1520000000,4.088,1.0,5688000000,0.146,2749000000,70000000,16311000000,14910000000,3379000000,2088000000,0,2088000000,13661000000,9169000000,4492000000,21679251421,-329000000,332000000,-1271000000,112000000,-400000000,-1554000000,-2128000000,-651000000,3329000000,24000000,2206000000,2206000000,2206000000,0,49000000,0.057,2880000000,2808000000,6299000000,0.185,1.931,9.827,9.556,8141000000,0,56.67,0.557,0.541,6878000000,8089000000,38946000000,38946000000,0,0.092,0.21,0.203,0.078,0,1668000000,1.0,382552522,371800000,373900000,104.75,22644000000,236000000,744000000,341000000,60.904,2051000000
