ticker,dimension,calendardate,datekey,reportperiod,lastupdated,accoci,assets,assetsavg,assetsc,assetsnc,assetturnover,bvps,capex,cashneq,cashnequsd,cor,consolinc,currentratio,de,debt,debtc,debtnc,debtusd,deferredrev,depamor,deposits,divyield,dps,ebit,ebitda,ebitdamargin,ebitdausd,ebitusd,ebt,eps,epsdil,epsusd,equity,equityavg,equityusd,ev,evebit,evebitda,fcf,fcfps,fxusd,gp,grossmargin,intangibles,intexp,invcap,invcapavg,inventory,investments,investmentsc,investmentsnc,liabilities,liabilitiesc,liabilitiesnc,marketcap,ncf,ncfbus,ncfcommon,ncfdebt,ncfdiv,ncff,ncfi,ncfinv,ncfo,ncfx,netinc,netinccmn,netinccmnusd,netincdis,netincnci,netmargin,opex,opinc,payables,payoutratio,pb,pe,pe1,ppnenet,prefdivis,price,ps,ps1,receivables,retearn,revenue,revenueusd,rnd,roa,roe,roic,ros,sbcomp,sgna,sharefactor,sharesbas,shareswa,shareswadil,sps,tangibles,taxassets,taxexp,taxliabilities,tbvps,workingcapital
MIDD,MRY,2011-12-31,2011-12-31,2011-12-31,2018-05-10,-20534000,1146512000,1019432250,367383000,779129000,0.84,9.463,-7840000,40216000,40216000,511770000,95473000,0.668,1.244,317335000,315831000,1504000,317335000,0,19708000,0,0.0,0.0,148951000,168659000,0.197,168659000,148951000,140448000,1.767,1.717,1.767,510969000,471229000,510969000,2048226508,13,12.144,122553000,2.27,1.0,344137000,0.402,712538000,8503000,161476000,378897000,124300000,0,0,0,635543000,549617000,85926000,1758003508,32560000,-181070000,-15439000,102639000,0,91589000,-188910000,0,130393000,-512000,95473000,95473000,95473000,0,0,0.112,195427000,148710000,63394000,0.0,3.441,18.414,17.74,62507000,0,31.347,2.054,1.977,151441000,455727000,855907000,855907000,0,0.094,0.203,0.393,0.174,18133000,195427000,1.0,56082630,53994000,55602000,15.852,433974000,39090000,44975000,37845000,8.037,-182234000
MIDD,MRY,2012-12-31,2012-12-29,2012-12-29,2018-05-10,-12399000,1244280000,1182732250,412602000,831678000,0.878,12.178,-7652000,34366000,34366000,635185000,120697000,1.702,0.914,260070000,1850000,258220000,260070000,0,26903000,0,0.0,0.0,183678000,210581000,0.203,210581000,183678000,174440000,2.22,2.2,2.22,650027000,590564500,650027000,2585338632,14,12.277,120694000,2.22,1.0,402989000,0.388,759352000,9238000,468197000,393843500,153490000,0,0,0,594253000,242435000,351818000,2351129632,-5850000,-62243000,-17866000,-63183000,0,-64941000,-69895000,0,128346000,640000,120697000,120697000,120697000,0,0,0.116,214905000,188084000,69653000,0.0,3.617,19.48,18.839,63886000,0,41.823,2.265,2.191,162230000,576424000,1038174000,1038174000,0,0.102,0.204,0.466,0.177,11984000,214905000,1.0,56215740,54377000,54807000,19.092,484928000,43365000,53743000,44838000,9.085,170167000
MIDD,MRY,2013-12-31,2013-12-28,2013-12-28,2018-05-10,-8635000,1819206000,1731999750,545734000,1273472000,0.825,14.916,-14640000,36894000,36894000,878674000,153928000,1.753,1.17,571598000,1408000,570190000,571598000,0,43164000,0,0.0,0.0,241682000,284846000,0.199,284846000,241682000,225781000,2.76,2.74,2.76,838347000,754627500,838347000,5144427785,21,18.06,131518000,2.356,1.0,550011000,0.385,1135899000,15901000,906626000,921703000,220116000,0,0,0,980859000,311385000,669474000,4636396785,2528000,-466550000,-549000,311436000,0,330202000,-474190000,0,146158000,358000,153928000,153928000,153928000,0,0,0.108,305549000,244462000,96518000,0.0,5.53,30.121,29.287,125457000,0,80.833,3.245,3.159,205264000,730352000,1428685000,1428685000,0,0.089,0.204,0.262,0.169,11862000,296448000,1.0,57357486,55831000,56148000,25.589,683307000,52779000,71853000,61433000,12.157,234349000
MIDD,MRY,2014-12-31,2015-01-03,2015-01-03,2018-05-10,-31431000,2066131000,1955497250,614131000,1452000000,0.837,17.703,-13143000,43945000,43945000,995953000,193312000,1.871,1.052,598167000,9402000,588765000,598167000,0,41252000,0,0.0,0.0,296382000,337634000,0.206,337634000,296382000,280790000,3.41,3.4,3.41,1006760000,934265250,1006760000,6148526827,20,18.211,220739000,3.889,1.0,640585000,0.391,1300522000,15592000,991517000,996207000,255776000,0,0,0,1059371000,328314000,731057000,5671295827,7051000,-219915000,-44283000,27680000,0,8887000,-233058000,0,233882000,-2660000,193312000,193312000,193312000,0,0,0.118,340153000,300432000,98327000,0.0,5.633,29.338,29.044,129697000,0,99.04,3.465,3.435,229875000,923664000,1636538000,1636538000,0,0.099,0.207,0.298,0.181,16690000,339594000,1.0,57262680,56764000,56784000,28.831,765609000,59480000,87478000,88800000,13.463,285817000
MIDD,MRY,2015-12-31,2016-01-02,2016-01-02,2018-05-10,-76412000,2761151000,2442678500,795162000,1965989000,0.748,20.485,-22362000,55528000,55528000,1120093000,191610000,1.559,1.366,766061000,32059000,734002000,766061000,0,54074000,0,0.0,0.0,298134000,352208000,0.193,352208000,298134000,281167000,3.36,3.36,3.36,1166830000,1106133500,1166830000,6882657602,23,19.541,227230000,3.99,1.0,706505000,0.387,1732769000,16967000,1228870000,1143921000,354150000,0,0,0,1594321000,510045000,1084276000,6182820602,11583000,-348625000,-4836000,139180000,0,136758000,-370987000,0,249592000,-3780000,191610000,191610000,191610000,0,0,0.105,403902000,302603000,157758000,0.0,5.299,32.268,32.104,199750000,0,107.87,3.385,3.363,282534000,1115274000,1826598000,1826598000,0,0.078,0.173,0.261,0.163,15864000,375148000,1.0,57317332,56951000,56973000,32.073,1028382000,74587000,89557000,113010000,18.054,285117000
MIDD,MRY,2016-12-31,2016-12-31,2016-12-31,2018-05-10,-284323000,2917136000,2885554500,811699000,2105437000,0.786,22.189,-24817000,68485000,68485000,1366672000,284216000,1.662,1.305,732126000,5883000,726243000,732126000,0,58234000,0,0.0,0.0,445185000,503419000,0.222,503419000,445185000,421305000,4.98,4.98,4.98,1265318000,1280260500,1265318000,8183238258,18,16.255,269293000,4.722,1.0,901180000,0.397,1788893000,23880000,1303475000,1339682250,368243000,0,0,0,1651818000,488409000,1163409000,7411697258,12957000,-210921000,-4418000,-35648000,0,-41370000,-235738000,0,294110000,-4045000,284216000,284216000,284216000,0,0,0.125,454955000,446225000,146921000,0.0,5.858,26.078,25.865,221571000,0,128.81,3.268,3.239,325868000,1399490000,2267852000,2267852000,0,0.098,0.222,0.332,0.196,27905000,444431000,1.0,57539766,57030000,57085000,39.766,1128243000,58098000,137089000,77760000,19.785,323290000
MIDD,MRY,2017-12-31,2017-12-30,2017-12-30,2018-05-10,-266419000,3339713000,3156105500,931889000,2407824000,0.74,24.459,-40215000,89654000,89654000,1422801000,298128000,1.967,1.454,1028881000,5149000,1023732000,1028881000,0,69774000,0,0.0,0.0,409512000,479286000,0.205,479286000,409512000,383529000,5.26,5.26,5.26,1361148000,1355985750,1361148000,8414424616,20,17.556,264240000,4.659,1.0,912741000,0.391,2045236000,25983000,1760051000,1574422500,424639000,0,0,0,1978565000,473653000,1504912000,7545442616,21169000,-305251000,-239838000,295674000,0,55836000,-345466000,0,304455000,6344000,298128000,298128000,298128000,0,0,0.128,502400000,410341000,146333000,0.0,5.543,25.309,25.656,281915000,0,134.95,3.231,3.277,328421000,1697618000,2335542000,2335542000,0,0.094,0.22,0.26,0.175,6237000,436491000,1.0,55912876,56715000,56719000,41.18,1294477000,78313000,85401000,87815000,23.261,458236000
