ticker,dimension,calendardate,datekey,reportperiod,lastupdated,accoci,assets,assetsavg,assetsc,assetsnc,assetturnover,bvps,capex,cashneq,cashnequsd,cor,consolinc,currentratio,de,debt,debtc,debtnc,debtusd,deferredrev,depamor,deposits,divyield,dps,ebit,ebitda,ebitdamargin,ebitdausd,ebitusd,ebt,eps,epsdil,epsusd,equity,equityavg,equityusd,ev,evebit,evebitda,fcf,fcfps,fxusd,gp,grossmargin,intangibles,intexp,invcap,invcapavg,inventory,investments,investmentsc,investmentsnc,liabilities,liabilitiesc,liabilitiesnc,marketcap,ncf,ncfbus,ncfcommon,ncfdebt,ncfdiv,ncff,ncfi,ncfinv,ncfo,ncfx,netinc,netinccmn,netinccmnusd,netincdis,netincnci,netmargin,opex,opinc,payables,payoutratio,pb,pe,pe1,ppnenet,prefdivis,price,ps,ps1,receivables,retearn,revenue,revenueusd,rnd,roa,roe,roic,ros,sbcomp,sgna,sharefactor,sharesbas,shareswa,shareswadil,sps,tangibles,taxassets,taxexp,taxliabilities,tbvps,workingcapital
MLP,MRY,2011-12-31,2011-12-31,2011-12-31,2018-04-28,-23569000,64072000,70491250,5318000,58754000,0.206,-1.396,10425000,890000,890000,10556000,5078000,0.426,-3.441,45521000,0,45521000,45521000,0,4028000,0,0.0,0.0,7373000,11401000,0.784,11401000,7373000,4944000,0.27,0.27,0.27,-26253000,-17267500,-26253000,122010437,16,10.702,200000,0.011,1.0,3986000,0.274,0,2429000,96206000,98924750,0,0,0,0,90325000,12497000,77828000,78437437,-1205000,0,0,147000,0,-154000,9174000,0,-10225000,0,5078000,5078000,5078000,-14628000,0,0.349,11268000,-7282000,1217000,0.0,-2.988,15.447,15.444,48641000,0,4.17,5.394,5.394,1464000,-87828000,14542000,14542000,0,0.072,-0.294,0.075,0.507,646000,7063000,1.0,18809937,18809937,,0.773,64072000,0,-134000,2766000,3.406,-7179000
MLP,MRY,2012-12-31,2012-12-31,2012-12-31,2018-04-28,-27579000,61485000,62372500,4916000,56569000,0.218,-1.831,216000,829000,829000,8040000,-4602000,0.335,-2.789,49268000,4068000,45200000,49268000,0,3219000,0,0.0,0.0,-2025000,1194000,0.088,1194000,-2025000,-4602000,-0.25,-0.25,-0.25,-34363000,-28871250,-34363000,124862864,-61,104.575,-3557000,-0.19,1.0,5531000,0.408,0,2577000,95239000,72758750,0,0,0,0,95848000,14685000,81163000,77864864,-61000,0,0,3747000,0,3610000,102000,0,-3773000,0,-4602000,-4602000,-4602000,787000,0,-0.339,6783000,-1252000,1341000,0.0,-2.266,-16.92,-16.6,45501000,0,4.15,5.738,5.738,1138000,-92430000,13571000,13571000,0,-0.074,0.159,-0.028,-0.149,489000,3073000,1.0,18762618,18762618,,0.723,61485000,0,0,2457000,3.277,-9769000
MLP,MRY,2013-12-31,2013-12-31,2013-12-31,2018-04-28,-19692000,53753000,57185750,2902000,50851000,0.266,-1.451,3900000,359000,359000,10360000,-1164000,0.053,-2.974,49000000,49000000,0,49000000,0,2870000,0,0.0,0.0,1327000,4197000,0.276,4197000,1327000,-1164000,-0.06,-0.06,-0.06,-27231000,-33433750,-27231000,164415611,123,39.175,314000,0.017,1.0,4852000,0.319,0,2491000,47798000,60112500,0,0,0,0,80984000,54596000,26388000,114328611,-470000,0,0,-268000,0,-675000,3791000,0,-3586000,0,-1164000,-1164000,-1164000,-1867000,0,-0.077,5392000,-540000,995000,0.0,-4.198,-98.22,-101.5,40182000,0,6.09,7.516,7.516,1203000,-93594000,15212000,15212000,0,-0.02,0.035,0.022,0.087,425000,2992000,1.0,18773171,18773171,,0.81,53753000,0,0,1421000,2.863,-51694000
MLP,MRY,2014-12-31,2014-12-31,2014-12-31,2018-04-28,-25574000,49271000,51485500,1857000,47414000,0.646,-0.808,-31000,415000,415000,8338000,17635000,0.311,-4.245,50176000,2533000,47643000,50176000,1183000,2514000,2395000,0.0,0.0,19905000,22419000,0.674,22419000,19905000,17635000,0.94,0.94,0.94,-15182000,-24458750,-15182000,163152106,8,7.277,-491000,-0.026,1.0,24926000,0.749,0,2270000,93068000,94622750,0,0,0,0,64453000,5964000,58489000,113672106,56000,0,0,1176000,0,614000,-98000,0,-460000,0,17635000,17635000,17635000,0,0,0.53,5021000,19905000,968000,0.0,-7.487,6.446,6.436,36066000,0,6.05,3.417,3.417,1272000,-75959000,33264000,33264000,0,0.343,-0.721,0.21,0.598,271000,1974000,1.0,18788778,18788778,,1.77,49271000,0,0,566000,2.622,-4107000
MLP,MRY,2015-12-31,2015-12-31,2015-12-31,2018-04-28,-28667000,46599000,48159000,3085000,43514000,0.473,-0.579,52000,1087000,1087000,7908000,6813000,0.07,-5.26,40565000,40565000,0,40565000,811000,2308000,2400000,0.0,0.0,9332000,11640000,0.511,11640000,9332000,6813000,0.36,0.36,0.36,-10939000,-12294250,-10939000,142250575,15,12.221,10673000,0.565,1.0,14878000,0.653,0,2519000,42218000,68866500,0,0,0,0,57538000,43859000,13679000,103218575,672000,0,0,-9611000,0,-9992000,43000,0,10621000,0,6813000,6813000,6813000,0,0,0.299,5546000,9332000,675000,0.0,-9.436,15.15,15.167,32518000,0,5.46,4.53,4.53,1528000,-69146000,22786000,22786000,0,0.141,-0.554,0.136,0.41,187000,2181000,1.0,18904501,18904501,,1.205,46599000,0,0,473000,2.465,-40774000
MLP,MRY,2016-12-31,2016-12-31,2016-12-31,2018-04-28,-22295000,38883000,43741000,2754000,36129000,1.083,0.933,-268000,602000,602000,13703000,21814000,1.148,1.192,6857000,0,6857000,6857000,409000,2990000,2378000,0.0,0.0,23470000,26460000,0.559,26460000,23470000,21814000,1.15,1.15,1.15,17742000,3321750,17742000,161003300,6,6.085,33609000,1.767,1.0,33661000,0.711,0,1656000,42740000,54295500,0,0,0,0,21141000,2398000,18743000,136951300,-485000,0,0,-33708000,0,-34031000,-331000,0,33877000,0,21814000,21814000,21814000,0,0,0.461,10191000,23470000,569000,0.0,7.719,6.278,6.261,25744000,0,7.2,2.891,2.891,1503000,-47332000,47364000,47364000,0,0.499,6.567,0.432,0.496,315000,2204000,1.0,19021014,19021014,,2.49,38883000,0,0,443000,2.044,356000
MLP,MRY,2017-12-31,2017-12-31,2017-12-31,2018-04-28,-20254000,44801000,44010750,2340000,42461000,0.554,1.63,0,1029000,1029000,6826000,10900000,1.267,0.439,1235000,0,1235000,1235000,239000,1937000,2449000,0.0,0.0,11090000,13027000,0.534,13027000,11090000,10900000,0.57,0.57,0.57,31144000,29113500,31144000,331220332,29,25.426,8350000,0.437,1.0,17551000,0.72,0,190000,43160000,42405500,0,0,0,0,13657000,1847000,11810000,330594332,427000,0,0,-5622000,0,-6402000,-1521000,0,8350000,0,10900000,10900000,10900000,0,0,0.447,6461000,11090000,696000,0.0,10.615,30.33,30.351,30679000,0,17.3,13.562,13.562,940000,-36432000,24377000,24377000,0,0.248,0.374,0.262,0.455,448000,2515000,1.0,19109499,19109499,,1.276,44801000,0,0,0,2.344,493000
