ticker,dimension,calendardate,datekey,reportperiod,lastupdated,accoci,assets,assetsavg,assetsc,assetsnc,assetturnover,bvps,capex,cashneq,cashnequsd,cor,consolinc,currentratio,de,debt,debtc,debtnc,debtusd,deferredrev,depamor,deposits,divyield,dps,ebit,ebitda,ebitdamargin,ebitdausd,ebitusd,ebt,eps,epsdil,epsusd,equity,equityavg,equityusd,ev,evebit,evebitda,fcf,fcfps,fxusd,gp,grossmargin,intangibles,intexp,invcap,invcapavg,inventory,investments,investmentsc,investmentsnc,liabilities,liabilitiesc,liabilitiesnc,marketcap,ncf,ncfbus,ncfcommon,ncfdebt,ncfdiv,ncff,ncfi,ncfinv,ncfo,ncfx,netinc,netinccmn,netinccmnusd,netincdis,netincnci,netmargin,opex,opinc,payables,payoutratio,pb,pe,pe1,ppnenet,prefdivis,price,ps,ps1,receivables,retearn,revenue,revenueusd,rnd,roa,roe,roic,ros,sbcomp,sgna,sharefactor,sharesbas,shareswa,shareswadil,sps,tangibles,taxassets,taxexp,taxliabilities,tbvps,workingcapital
MMYT,MRY,2011-12-31,2011-03-31,2011-03-31,2017-07-18,-1174111,112939637,81786544,101929930,11009707,1.525,2.173,-1230559,51730321,51730321,63650910,4829691,2.884,0.481,4065534,3916611,148923,4065534,26533,1114958,0,0.0,0.0,5663655,6778613,0.054,6778613,5663655,2137970,0.17,0.15,0.17,76275880,25660222,76275880,,,,-7562716,-0.215,1.0,61070477,0.49,2796840,3525685,27133546,19348891,0,16941920,16235047,706873,36663757,35344464,1319293,1028770419,42996923,0,59472300,3443,0,52363359,-3034279,-2519501,-6332157,-468039,4829691,4829691,4829691,0,0,0.039,57008572,4061905,29694702,0.0,13.487,213.01,172.412,3762598,0,29.31,8.249,8.249,12857169,-38024060,124721387,124721387,0,0.059,0.188,0.293,0.045,527285,14399040,1.0,35099639,35099639,,3.553,110142797,6779739,-2691721,0,3.138,66585466
MMYT,MRY,2012-12-31,2012-03-31,2012-03-31,2017-07-18,-8578442,170191412,141565524,138522761,31668651,1.389,3.382,-5517324,43798230,43798230,108414344,7048356,2.824,0.433,259363,82083,177280,259363,23122,1651252,0,0.0,0.0,5927307,7578559,0.039,7578559,5927307,970210,0.2,0.19,0.2,118716169,97496024,118716169,758573920,127,100.095,5361610,0.153,1.0,88184914,0.449,8349403,4957097,69249592,48191569,2367548,49579885,43676624,5903261,51399623,49053550,2346073,806238707,-112805,-2446455,37987178,-222143,0,35232817,-46224556,-35720961,10878934,-3963309,7048356,7048356,7048356,0,0,0.036,84179554,4005360,46697644,0.0,6.791,114.387,114.85,7064373,0,22.97,4.101,4.101,21382420,-31827379,196599258,196599258,0,0.05,0.072,0.123,0.03,6894450,26520745,1.0,35099639,35099639,,5.601,161842009,14801055,-6078146,0,4.611,89469211
MMYT,MRY,2013-12-31,2013-03-31,2013-03-31,2017-07-18,-10904046,194620142,182405777,141901958,52718184,1.254,2.726,-2725000,36501478,36501478,140657000,-27589000,1.686,0.914,1286413,1001980,284433,1286413,37901,1748000,0,0.0,0.0,-14050000,-12302000,-0.054,-12302000,-14050000,-18990000,-0.74,-0.74,-0.74,101299901,110008035,101299901,472979642,-33,-38.447,10871000,0.293,1.0,88165000,0.385,34987017,4940000,40274250,54761921,1522693,54571689,47392690,7178999,92626191,84143810,8482381,516518509,-5746000,-9643000,-107000,-12000,0,-1394000,-17948000,-4917000,13596000,-2417000,-27589000,-27589000,-27589000,0,0,-0.121,106227000,-18062000,80592241,0.0,5.099,-18.722,-18.784,9203826,0,13.9,2.257,2.257,26111393,-60964228,228822000,228822000,0,-0.151,-0.251,-0.257,-0.061,11667000,34520000,1.0,37159605,37159605,,6.158,159633125,7535440,8599000,383444,4.296,57758148
MMYT,MRY,2014-12-31,2014-03-31,2014-03-31,2017-07-18,-13663000,269837000,232228571,133337000,136500000,1.1,4.297,-1918000,38011000,38011000,148979000,-20905000,1.388,0.666,318000,115000,203000,318000,3689000,1836000,0,0.0,0.0,-13050000,-11214000,-0.044,-11214000,-13050000,-20826000,-0.55,-0.55,-0.55,161586000,131442950,161586000,983051373,-75,-87.663,-5875000,-0.156,1.0,106396000,0.417,39241000,7776000,96830000,68552125,516000,110266000,29514000,80752000,107537000,96073000,11464000,1018266438,4049000,-2221000,76792000,-66000,0,72459000,-64453000,-59373000,-3957000,-1673000,-20905000,-20905000,-20905000,0,0,-0.082,123029000,-16633000,86214000,0.0,6.302,-48.709,-49.236,8533000,0,27.08,3.987,3.987,29356000,-81805000,255375000,255375000,0,-0.09,-0.159,-0.19,-0.051,11097000,65106000,1.0,37602158,37602158,,6.791,230596000,8699000,79000,277000,6.133,37264000
MMYT,MRY,2015-12-31,2015-03-31,2015-03-31,2017-07-18,-14427000,279615000,274726000,213867000,65748000,1.091,3.773,-2779000,49857000,49857000,160713000,-18358000,1.849,0.774,499000,137000,362000,499000,7296000,2434000,0,0.0,0.0,-11511000,-9077000,-0.03,-9077000,-11511000,-18223000,-0.44,-0.44,-0.44,157258000,159422000,157258000,877562706,-76,-96.68,8048000,0.193,1.0,138949000,0.464,36000000,6712000,78563000,87696500,1997000,101126000,92628000,8498000,121761000,115694000,6067000,915256368,13524000,0,-266000,197000,0,-2721000,5418000,10287000,10827000,-1678000,-18358000,-18358000,-18358000,0,0,-0.061,154342000,-15393000,103655000,0.0,5.82,-49.856,-49.909,8900000,0,21.96,3.054,3.054,29852000,-100181000,299662000,299662000,0,-0.067,-0.115,-0.131,-0.038,12308000,87042000,1.0,41678341,41678341,,7.19,243615000,11064000,135000,226000,5.845,98173000
MMYT,MRY,2016-12-31,2016-03-31,2016-03-31,2017-07-18,-15013000,400989000,340302000,281948000,119041000,0.988,1.848,-5468000,53434000,53434000,167034000,-88542000,2.272,4.167,204461000,9178000,195283000,204461000,3492000,2724000,0,0.0,0.0,-68060000,-65336000,-0.194,-65336000,-68060000,-88387000,-2.12,-2.12,-2.12,77609000,117433500,77609000,710186214,-10,-10.87,-71468000,-1.702,1.0,169020000,0.503,34886000,20327000,393054000,235808500,527000,192715000,148555000,44160000,323380000,124076000,199304000,759544214,-5032000,-1220000,-11079000,180130000,0,164612000,-103644000,-94462000,-66000000,1448000,-88542000,-88542000,-88542000,0,0,-0.263,236861000,-67841000,110296000,0.0,9.787,-8.578,-8.533,10285000,0,18.09,2.26,2.26,29168000,-188217000,336054000,336054000,0,-0.26,-0.754,-0.289,-0.203,13685000,157984000,1.0,41986966,41986966,,8.004,366103000,13231000,155000,203000,8.719,157872000
MMYT,MRY,2017-12-31,2017-03-31,2017-03-31,2017-07-18,33601000,1544784000,972886500,263189000,1281595000,0.46,33.272,-8658000,101704000,101704000,173919000,-110303000,1.958,0.099,749000,226000,523000,749000,3310000,5149000,0,0.0,0.0,-91821000,-86672000,-0.194,-86672000,-91821000,-110110000,-2.09,-2.09,-2.09,1404801000,741205000,1404801000,1611916400,-17,-18.598,-117115000,-2.774,1.0,273697000,0.611,1170727000,18289000,138700000,265877000,251000,119676000,75511000,44165000,139322000,134402000,4920000,1460889400,56713000,102814000,6873000,131000,0,2159000,163011000,72544000,-108457000,-1282000,-110303000,-110303000,-110303000,0,0,-0.246,409447000,-135750000,127077000,0.0,1.04,-13.244,-16.555,15334000,0,34.6,3.264,3.264,37284000,-298581000,447616000,447616000,0,-0.113,-0.149,-0.345,-0.205,26795000,298160000,1.0,42222237,42222237,,10.601,374057000,19387000,193000,159000,8.859,128787000
