ticker,dimension,calendardate,datekey,reportperiod,lastupdated,accoci,assets,assetsavg,assetsc,assetsnc,assetturnover,bvps,capex,cashneq,cashnequsd,cor,consolinc,currentratio,de,debt,debtc,debtnc,debtusd,deferredrev,depamor,deposits,divyield,dps,ebit,ebitda,ebitdamargin,ebitdausd,ebitusd,ebt,eps,epsdil,epsusd,equity,equityavg,equityusd,ev,evebit,evebitda,fcf,fcfps,fxusd,gp,grossmargin,intangibles,intexp,invcap,invcapavg,inventory,investments,investmentsc,investmentsnc,liabilities,liabilitiesc,liabilitiesnc,marketcap,ncf,ncfbus,ncfcommon,ncfdebt,ncfdiv,ncff,ncfi,ncfinv,ncfo,ncfx,netinc,netinccmn,netinccmnusd,netincdis,netincnci,netmargin,opex,opinc,payables,payoutratio,pb,pe,pe1,ppnenet,prefdivis,price,ps,ps1,receivables,retearn,revenue,revenueusd,rnd,roa,roe,roic,ros,sbcomp,sgna,sharefactor,sharesbas,shareswa,shareswadil,sps,tangibles,taxassets,taxexp,taxliabilities,tbvps,workingcapital
MNI,MRY,2011-12-31,2011-12-25,2011-12-25,2018-05-10,-347654000,3040059000,3029576500,344976000,2695083000,0.446,20.513,-7783000,86020000,86020000,603581000,54389000,1.246,16.353,1850271000,0,1850271000,1850271000,73352000,121528000,0,0.0,0.0,228219000,349747000,0.259,349747000,228219000,62785000,6.4,6.3,6.4,175187000,203405250,175187000,2057753068,9,5.884,-38556000,-4.525,1.0,748273000,0.554,1598171000,165434000,2929245000,2879247250,28842000,304893000,0,304893000,2864872000,276894000,2587978000,202413068,68512000,0,0,92446000,0,92911000,6374000,14157000,-30773000,0,54389000,54389000,54389000,0,0,0.04,546958000,201315000,44727000,0.0,1.155,3.722,3.703,760977000,0,23.7,0.15,0.149,193036000,-1696032000,1351854000,1351854000,0,0.018,0.267,0.079,0.169,5174000,422630000,1.0,8540635,8521100,8521100,158.648,1441888000,16605000,8396000,152359000,168.833,68082000
MNI,MRY,2012-12-31,2012-12-30,2012-12-30,2018-05-10,-481316000,3005131000,2934521500,375977000,2629154000,0.436,4.948,-32466000,113088000,113088000,572265000,-144000,1.291,69.707,1949671000,83016000,1866655000,1949671000,69492000,124348000,0,0.0,0.0,127465000,251813000,0.197,251813000,127465000,-23869000,0.0,0.0,0.0,42501000,157222750,42501000,2035859185,15,8.085,20459000,2.386,1.0,707579000,0.553,1540013000,151334000,3010376000,2925962250,30145000,299603000,0,299603000,2962630000,291325000,2671305000,256814185,27068000,0,0,-5471000,0,-7216000,-18641000,14222000,52925000,0,-144000,-144000,-144000,-3822000,0,0.0,527608000,179971000,48588000,,6.043,-1783.432,,733729000,0,29.9,0.201,0.2,186780000,-1696176000,1279844000,1279844000,0,0.0,-0.001,0.044,0.1,3517000,403260000,1.0,8589103,8574400,8574400,149.263,1465118000,14406000,-23725000,42046000,170.555,84652000
MNI,MRY,2013-12-31,2013-12-29,2013-12-29,2018-05-10,-304901000,2617635000,2667905500,336520000,2281115000,0.455,27.841,-28570000,80811000,80811000,543532000,18803000,1.355,9.889,1562135000,28548000,1533587000,1562135000,67377000,121570000,0,0.0,0.0,165843000,287413000,0.237,287413000,165843000,30462000,2.2,2.2,2.2,240386000,95505000,240386000,1803550768,10,6.275,127470000,14.788,1.0,671316000,0.553,1478968000,135381000,2371655000,2532655750,26539000,300569000,0,300569000,2377249000,248336000,2128913000,287510768,-32277000,0,-1793000,-165549000,0,-168270000,-20047000,3823000,156040000,0,18803000,18803000,18803000,-2359000,0,0.015,550372000,120944000,49565000,0.0,1.196,15.291,15.136,458705000,0,33.3,0.237,0.236,178247000,-1677373000,1214848000,1214848000,0,0.007,0.197,0.065,0.137,3481000,411621000,1.0,8633957,8620100,8620100,140.932,1138667000,20033000,11659000,154701000,131.879,88184000
MNI,MRY,2014-12-31,2014-12-28,2014-12-28,2018-05-10,-416603000,2540716000,2610713500,436815000,2103901000,0.439,57.778,-13140000,220861000,220861000,526682000,373989000,1.197,4.047,1029363000,0,1029363000,1029363000,62035000,113638000,0,0.0,0.0,732722000,846360000,0.738,846360000,732722000,605219000,43.09,42.33,43.09,503385000,341801000,503385000,1636615089,2,1.934,130004000,14.977,1.0,619870000,0.541,1407030000,127503000,1577263000,2127158000,19491000,230473000,0,230473000,2037331000,364925000,1672406000,301374089,140050000,0,-7603000,-584366000,0,-588059000,584965000,571922000,143144000,0,373989000,373989000,373989000,1988000,0,0.326,537547000,82323000,49095000,0.0,0.599,0.806,0.803,404238000,0,34.6,0.263,0.262,181345000,-1303384000,1146552000,1146552000,0,0.143,1.094,0.344,0.639,3479000,415682000,1.0,8710233,8680000,8836000,132.091,1133686000,0,231230000,211913000,130.123,71890000
MNI,MRY,2015-12-31,2015-12-27,2015-12-27,2018-05-10,-421808000,1923034000,2052996000,205062000,1717972000,0.515,22.807,-18191000,9332000,9332000,481152000,-300162000,1.237,8.976,937823000,0,937823000,937823000,60811000,101595000,0,0.0,0.0,-225986000,-124391000,-0.118,-124391000,-225986000,-311959000,-34.66,-34.66,-34.66,192763000,273295750,192763000,1049225144,-4,-8.435,-140720000,-16.251,1.0,575422000,0.545,1053825000,85973000,1631973000,1670542000,16659000,233538000,0,233538000,1730271000,165727000,1564544000,103031144,-211529000,0,-8434000,-92254000,0,-102840000,13840000,31398000,-122529000,0,-300162000,-300162000,-300162000,0,0,-0.284,810790000,-235368000,41751000,0.0,0.534,-0.343,-0.346,364219000,0,12.0,0.098,0.098,154520000,-1603546000,1056574000,1056574000,0,-0.146,-1.098,-0.135,-0.214,3178000,404347000,1.0,8585928,8659000,8659000,122.02,869209000,1312000,-11797000,687000,102.841,39335000
MNI,MRY,2016-12-31,2016-12-25,2016-12-25,2018-05-10,-461515000,1836754000,1852235750,167545000,1669209000,0.528,15.042,-3778000,5291000,5291000,447790000,-34193000,0.882,15.124,897780000,16749000,881031000,897780000,64728000,89446000,0,0.0,0.0,35910000,125356000,0.128,125356000,35910000,-47258000,-4.41,-4.41,-4.41,113913000,153389000,113913000,1010858903,28,8.064,71605000,9.239,1.0,529303000,0.542,1004160000,83168000,1535034000,1553156750,13939000,242382000,0,242382000,1722841000,190049000,1532792000,102793903,-4041000,0,-8080000,-62331000,0,-70152000,-9272000,-1494000,75383000,0,-34193000,-34193000,-34193000,0,0,-0.035,491987000,37316000,36822000,0.0,0.902,-3.006,-3.077,297506000,0,13.57,0.105,0.108,124466000,-1637739000,977093000,977093000,0,-0.018,-0.223,0.023,0.037,3130000,393015000,1.0,7575085,7750000,7750000,126.077,832594000,60821000,-13065000,7930000,109.942,-22504000
MNI,MRY,2017-12-31,2017-12-31,2017-12-31,2018-05-10,-449369000,1505918000,1612046000,245274000,1260644000,0.561,-26.606,32830000,99387000,99387000,405026000,-332358000,1.038,-8.37,873297000,74140000,799157000,873297000,60436000,80129000,0,0.0,0.0,-145398000,-65269000,-0.072,-65269000,-145398000,-226899000,-43.55,-43.55,-43.55,-204332000,-112501500,-204332000,857328255,-5,-13.135,50943000,6.675,1.0,498566000,0.552,933396000,81501000,1110090000,1279716250,7918000,7172000,0,7172000,1710250000,236342000,1473908000,68628255,94096000,0,-508000,-70715000,0,-26523000,102506000,69687000,18113000,0,-332358000,-332358000,-332358000,0,0,-0.368,456401000,42165000,31856000,0.0,-0.336,-0.206,-0.205,257639000,0,8.93,0.076,0.075,112637000,-1970097000,903592000,903592000,0,-0.206,2.954,-0.114,-0.161,2475000,352830000,1.0,7685135,7632000,7632000,118.395,572522000,0,105459000,38195000,74.547,8932000
