ticker,dimension,calendardate,datekey,reportperiod,lastupdated,accoci,assets,assetsavg,assetsc,assetsnc,assetturnover,bvps,capex,cashneq,cashnequsd,cor,consolinc,currentratio,de,debt,debtc,debtnc,debtusd,deferredrev,depamor,deposits,divyield,dps,ebit,ebitda,ebitdamargin,ebitdausd,ebitusd,ebt,eps,epsdil,epsusd,equity,equityavg,equityusd,ev,evebit,evebitda,fcf,fcfps,fxusd,gp,grossmargin,intangibles,intexp,invcap,invcapavg,inventory,investments,investmentsc,investmentsnc,liabilities,liabilitiesc,liabilitiesnc,marketcap,ncf,ncfbus,ncfcommon,ncfdebt,ncfdiv,ncff,ncfi,ncfinv,ncfo,ncfx,netinc,netinccmn,netinccmnusd,netincdis,netincnci,netmargin,opex,opinc,payables,payoutratio,pb,pe,pe1,ppnenet,prefdivis,price,ps,ps1,receivables,retearn,revenue,revenueusd,rnd,roa,roe,roic,ros,sbcomp,sgna,sharefactor,sharesbas,shareswa,shareswadil,sps,tangibles,taxassets,taxexp,taxliabilities,tbvps,workingcapital
MNR,MRY,2011-12-31,2011-09-30,2011-09-30,2018-05-08,2368163,476986836,476048593,,,0.101,6.476,-22001791,6376808,6376808,19910144,15418198,,1.034,237390120,,,237390120,0,12249416,0,0.076,0.6,30289104,42538520,0.884,42538520,30289104,15418198,0.44,0.44,0.44,234514084,235396422,234514084,510960484,16,12.012,125028,0.004,1.0,28231340,0.586,5757880,14870906,702242268,698328951,0,44452443,,,242472752,,,287023035,-437745,0,16272787,-7029641,-15880001,7801354,-30365918,-8364127,22126819,0,15418198,11338979,11338979,-154818,0,0.236,5978305,22253035,2129658,1.364,1.224,25.313,18.023,413990709,4079219,7.93,5.962,5.779,2679760,,48141484,48141484,0,0.024,0.048,0.043,0.629,163150,3880200,1.0,36194582,35083457,35131718,1.372,471228956,0,0,0,13.012,
MNR,MRY,2012-12-31,2012-09-30,2012-09-30,2018-05-08,5383937,574507702,546920702,,,0.098,7.649,-72379231,24650858,24650858,20225017,18684495,,0.82,251758911,,,251758911,0,13910385,0,0.054,0.6,34036994,47947379,0.895,47947379,34036994,18684495,0.47,0.47,0.47,315687139,288656680,315687139,654767374,19,13.656,-45570410,-1.149,1.0,33366197,0.623,7635026,15352499,793980729,768125690,0,61773089,,,258820563,,,452492010,18274050,0,84450961,14518791,-21291674,72105267,-80640038,-8260807,26808821,0,18684495,13171369,13171369,15270,0,0.246,8085703,25280494,3881769,1.277,1.433,34.354,23.809,472181186,5513126,11.19,8.443,8.281,3331326,,53591214,53591214,0,0.024,0.046,0.044,0.635,593811,4644475,1.0,40437177,39660692,39819621,1.351,566872676,0,0,0,13.734,
MNR,MRY,2013-12-31,2013-09-30,2013-09-30,2018-05-08,1989268,617240866,609410952,,,0.091,7.669,-80345100,12404512,12404512,22093152,21395246,,0.837,272293382,,,272293382,0,15542937,0,0.066,0.6,36352200,51895137,0.938,51895137,36352200,21395246,0.5,0.5,0.5,335914971,328474316,335914971,646867715,17,12.465,-52881571,-1.251,1.0,33204664,0.6,6727360,14956954,870402376,860541454,0,45451740,,,281325895,,,395182104,-12246346,0,25639669,24034471,-18634530,20663209,-60373084,19972016,27463529,0,21395246,12788214,12788214,-291560,0,0.231,7516084,25688580,5404883,1.2,1.176,30.902,18.14,540623331,8607032,9.07,7.146,6.934,4047931,,55297816,55297816,0,0.021,0.039,0.042,0.657,329148,4982945,1.0,43570243,42275555,42432354,1.308,610513506,0,0,0,13.939,
MNR,MRY,2014-12-31,2014-09-30,2014-09-30,2018-05-08,121356,743756700,719633917,,,0.092,7.419,-118248888,20474661,20474661,27226248,19845294,,0.768,312996006,,,312996006,0,18445326,0,0.059,0.6,35949972,54395298,0.826,54395298,35949972,19845294,0.4,0.4,0.4,420631082,385145210,420631082,833946477,23,15.331,-83392603,-1.674,1.0,38628983,0.587,6490881,16104678,1029787164,1015955239,0,59311403,,,323125618,,,571595310,8070149,0,96905661,40702624,-21906902,105023561,-131809697,-13560809,34856285,0,19845294,11238262,11238262,0,0,0.171,8002629,30626354,4930041,1.5,1.359,50.862,25.3,641279492,8607032,10.12,8.68,7.657,5072006,,65855231,65855231,0,0.016,0.029,0.035,0.546,347002,5709937,1.0,56481750,49829924,49925036,1.322,737265819,0,0,0,13.004,
MNR,MRY,2015-12-31,2015-09-30,2015-09-30,2018-05-08,-5441603,915991942,862097649,,,0.09,7.286,-194482455,12073909,12073909,32195339,25605815,,1.054,459032560,,,459032560,0,23058744,0,0.062,0.6,45449981,68508725,0.878,68508725,45449981,25605815,0.43,0.43,0.43,446010640,434013822,446010640,1010090013,22,14.744,-156420170,-2.647,1.0,45818783,0.587,6115134,19844166,1356835459,1255442446,0,54541237,,,469981302,,,593973646,-8400752,0,40527797,146036554,-27032958,148006698,-194469735,12720,38062285,0,25605815,16998783,16998783,0,0,0.218,9919424,35899359,3113274,1.395,1.332,34.942,22.674,822099177,8607032,9.75,7.614,7.384,5988347,,78014122,78014122,0,0.02,0.039,0.036,0.583,448895,6305928,1.0,60920374,59085888,59201296,1.32,909876808,0,0,0,14.863,
MNR,MRY,2016-12-31,2016-09-30,2016-09-30,2018-05-08,12942267,1223485885,1069636257,,,0.089,8.788,-231563901,95749508,95749508,38784322,32494507,,1.046,558266694,,,558266694,0,27203918,0,0.045,0.64,55447556,82651474,0.871,82651474,55447556,32494507,0.5,0.5,0.5,597858098,508575523,597858098,1525493946,27,18.457,-176864401,-2.702,1.0,56131788,0.591,5816153,22953049,1680186918,1565330213,0,73604894,,,625627787,,,966173909,83675599,0,65689951,105506277,-33665037,256821188,-227845089,3718812,54699500,0,32494507,20531888,20531888,0,0,0.216,10699223,45432565,3998771,1.28,1.616,47.057,28.54,1023729249,11962619,14.27,10.179,9.843,8362255,,94916110,94916110,0,0.019,0.04,0.035,0.584,926465,7936124,1.0,67706651,65468564,65558284,1.45,1217669732,0,0,0,17.898,
MNR,MRY,2017-12-31,2017-09-30,2017-09-30,2018-05-08,6570565,1443037755,1306138931,,,0.087,9.548,-284851149,10226046,10226046,46950231,40271085,,1.024,711455788,,,711455788,0,32694009,0,0.04,0.64,66025206,98719215,0.869,98719215,66025206,40271085,0.56,0.56,0.56,712865696,670388620,712865696,1868365754,28,18.926,-210983283,-2.926,1.0,66595751,0.587,10010165,25754121,2134257332,1897934381,0,123764770,,,730172059,,,1203533855,-85523462,0,82275237,154515147,-36163355,179679685,-339071013,-54219864,73867866,0,40271085,22942234,22942234,0,0,0.202,9812823,56782928,4450753,1.143,1.688,52.459,28.911,1276337793,17328851,16.19,10.6,10.282,9802329,,113545982,113545982,0,0.018,0.034,0.035,0.581,624706,7809546,1.0,74338101,72114078,72249691,1.575,1433027590,0,0,0,19.194,
