ticker,dimension,calendardate,datekey,reportperiod,lastupdated,accoci,assets,assetsavg,assetsc,assetsnc,assetturnover,bvps,capex,cashneq,cashnequsd,cor,consolinc,currentratio,de,debt,debtc,debtnc,debtusd,deferredrev,depamor,deposits,divyield,dps,ebit,ebitda,ebitdamargin,ebitdausd,ebitusd,ebt,eps,epsdil,epsusd,equity,equityavg,equityusd,ev,evebit,evebitda,fcf,fcfps,fxusd,gp,grossmargin,intangibles,intexp,invcap,invcapavg,inventory,investments,investmentsc,investmentsnc,liabilities,liabilitiesc,liabilitiesnc,marketcap,ncf,ncfbus,ncfcommon,ncfdebt,ncfdiv,ncff,ncfi,ncfinv,ncfo,ncfx,netinc,netinccmn,netinccmnusd,netincdis,netincnci,netmargin,opex,opinc,payables,payoutratio,pb,pe,pe1,ppnenet,prefdivis,price,ps,ps1,receivables,retearn,revenue,revenueusd,rnd,roa,roe,roic,ros,sbcomp,sgna,sharefactor,sharesbas,shareswa,shareswadil,sps,tangibles,taxassets,taxexp,taxliabilities,tbvps,workingcapital
MNRO,MRY,2011-12-31,2011-03-26,2011-03-26,2018-02-01,-1578000,451840000,448944500,128783000,323057000,1.418,9.28,-17507000,2670000,2670000,379166000,45841000,1.177,0.612,55023000,13033000,41990000,55023000,0,22380000,0,0.01,0.327,79032000,101412000,0.159,101412000,79032000,73937000,1.52,1.44,1.52,280249000,265532250,280249000,1020584436,12,10.064,48013000,1.59,1.0,257512000,0.404,112041000,5095000,282712000,301961000,98964000,0,0,0,171591000,109440000,62151000,965555436,-8510000,-10050000,0,-44890000,-8690000,-46473000,-27557000,0,65520000,0,45841000,45841000,45841000,0,0,0.072,179127000,78385000,41301000,0.215,3.445,21.063,20.908,200596000,0,31.78,1.517,1.507,1821000,253864000,636678000,636678000,0,0.102,0.173,0.262,0.124,259000,179127000,1.0,30382487,30200000,31807000,21.082,339799000,8667000,28096000,10200000,11.252,19343000
MNRO,MRY,2012-12-31,2012-03-31,2012-03-31,2018-02-01,-3555000,510092000,497984000,134300000,375792000,1.379,10.662,-28556000,3257000,3257000,410155000,54612000,1.223,0.558,55072000,3908000,51164000,55072000,0,23583000,0,0.008,0.35,91906000,115489000,0.168,115489000,91906000,86686000,1.77,1.69,1.77,327499000,312942000,327499000,1324982488,14,11.473,54070000,1.76,1.0,276397000,0.403,147828000,5220000,304285000,300796500,97356000,0,0,0,182593000,109794000,72799000,1280644488,587000,-37141000,0,-8734000,-11036000,-16342000,-65697000,0,82626000,0,54612000,54612000,54612000,0,0,0.08,184981000,91416000,45349000,0.198,3.91,23.45,23.441,212994000,0,41.49,1.865,1.856,1828000,297440000,686552000,686552000,0,0.11,0.175,0.306,0.134,2401000,184981000,1.0,30866341,30716000,32237000,22.352,362264000,11292000,32074000,10359000,11.794,24506000
MNRO,MRY,2013-12-31,2013-03-30,2013-03-30,2018-02-01,-4043000,739433000,636931000,166410000,573023000,1.149,11.75,-34185000,1463000,1463000,453850000,42567000,1.205,1.026,221642000,6833000,214809000,221642000,0,27500000,0,0.01,0.4,74037000,101537000,0.139,101537000,74037000,66824000,1.36,1.32,1.36,365042000,351685250,365042000,1403974350,18,13.827,50251000,1.618,1.0,278147000,0.38,282199000,7213000,539283000,427263250,118210000,0,0,0,374391000,138130000,236261000,1238334350,-1794000,-160289000,0,117586000,-12740000,108244000,-194474000,0,84436000,0,42567000,42567000,42567000,0,0,0.058,204442000,73705000,61006000,0.294,3.392,29.091,29.199,275046000,0,39.71,1.692,1.685,2835000,327267000,731997000,731997000,0,0.067,0.121,0.173,0.101,2643000,204442000,1.0,31184446,31067000,32308000,23.562,457234000,20810000,24257000,3430000,14.718,28280000
MNRO,MRY,2014-12-31,2014-03-29,2014-03-29,2018-02-01,-3135000,759956000,739832500,168116000,591840000,1.124,13.25,-32150000,1205000,1205000,511458000,54459000,1.229,0.827,194592000,7552000,187040000,194592000,0,31688000,0,0.008,0.44,96006000,127694000,0.154,127694000,96006000,86536000,1.72,1.67,1.72,415984000,397701000,415984000,1972917412,20,15.45,61793000,1.968,1.0,319974000,0.385,299410000,9470000,517192000,499246250,124920000,0,0,0,343972000,136741000,207231000,1777201412,-258000,-23551000,0,-28853000,-14156000,-38500000,-55701000,0,93943000,0,54459000,54459000,54459000,0,0,0.066,224627000,95347000,53321000,0.256,4.272,32.634,32.855,281883000,0,56.51,2.138,2.134,2728000,367570000,831432000,831432000,0,0.074,0.137,0.192,0.115,3356000,224627000,1.0,31449326,31394000,32642000,26.484,460546000,15881000,32077000,2933000,14.67,31375000
MNRO,MRY,2015-12-31,2015-03-28,2015-03-28,2018-02-01,-4584000,907794000,874703500,161342000,746452000,1.023,14.985,-34750000,7730000,7730000,541142000,61799000,1.036,0.917,264596000,8908000,255688000,264596000,0,35721000,0,0.008,0.52,110697000,146418000,0.164,146418000,110697000,99355000,1.94,1.88,1.94,473611000,452067000,473611000,2334953709,21,15.947,91599000,2.898,1.0,353350000,0.395,383643000,11342000,625224000,612554750,129727000,0,0,0,434183000,155793000,278390000,2056682709,6525000,-83958000,0,6944000,-16845000,-1116000,-118708000,0,126349000,0,61799000,61799000,61799000,0,0,0.069,243561000,109789000,62920000,0.268,4.343,33.28,33.485,326752000,0,64.96,2.299,2.295,2561000,412524000,894492000,894492000,0,0.071,0.137,0.181,0.124,3143000,243561000,1.0,31660756,31605000,32944000,28.302,524151000,24110000,37556000,3287000,16.584,5549000
MNRO,MRY,2016-12-31,2016-03-26,2016-03-26,2018-02-01,-4576000,999438000,983021000,170075000,829363000,0.96,16.742,-36834000,7985000,7985000,557948000,66805000,1.015,0.864,280289000,11244000,269045000,280289000,0,39769000,0,0.009,0.6,120963000,160732000,0.17,160732000,120963000,105421000,2.07,2.0,2.07,536195000,515534250,536195000,2539142630,20,15.797,89670000,2.8,1.0,385703000,0.409,439652000,15542000,664519000,674564250,129035000,0,0,0,463243000,167571000,295672000,2243323630,255000,-46393000,0,-29765000,-19687000,-43022000,-83227000,0,126504000,0,66805000,66805000,66805000,0,0,0.071,265114000,120589000,69887000,0.29,4.184,33.58,33.662,351582000,0,69.68,2.377,2.365,4301000,459642000,943651000,943651000,0,0.068,0.13,0.179,0.128,2742000,265114000,1.0,32194656,32026000,33353000,29.465,559786000,25435000,38616000,3119000,17.479,2504000
MNRO,MRY,2017-12-31,2017-03-25,2017-03-25,2018-02-01,-3161000,1185264000,1139519250,199230000,986034000,0.896,17.933,-34640000,8995000,8995000,624622000,61526000,1.072,1.039,410801000,15298000,395503000,410801000,0,44629000,0,0.013,0.68,117012000,161641000,0.158,161641000,117012000,97244000,1.88,1.85,1.88,581254000,567167250,581254000,2086370373,17,12.907,95295000,2.94,1.0,396889000,0.389,556024000,19768000,845153000,808028500,142604000,0,0,0,604010000,185893000,418117000,1698328373,1010000,-140984000,0,65724000,-22517000,46699000,-175624000,0,129935000,0,61526000,61526000,61526000,0,0,0.06,280505000,116384000,79492000,0.362,2.922,27.603,27.739,394634000,0,52.15,1.663,1.655,11465000,498651000,1021511000,1021511000,0,0.054,0.108,0.145,0.115,2483000,280505000,1.0,32566220,32413000,33301000,31.515,629240000,27572000,35718000,2440000,19.413,13337000
