ticker,dimension,calendardate,datekey,reportperiod,lastupdated,accoci,assets,assetsavg,assetsc,assetsnc,assetturnover,bvps,capex,cashneq,cashnequsd,cor,consolinc,currentratio,de,debt,debtc,debtnc,debtusd,deferredrev,depamor,deposits,divyield,dps,ebit,ebitda,ebitdamargin,ebitdausd,ebitusd,ebt,eps,epsdil,epsusd,equity,equityavg,equityusd,ev,evebit,evebitda,fcf,fcfps,fxusd,gp,grossmargin,intangibles,intexp,invcap,invcapavg,inventory,investments,investmentsc,investmentsnc,liabilities,liabilitiesc,liabilitiesnc,marketcap,ncf,ncfbus,ncfcommon,ncfdebt,ncfdiv,ncff,ncfi,ncfinv,ncfo,ncfx,netinc,netinccmn,netinccmnusd,netincdis,netincnci,netmargin,opex,opinc,payables,payoutratio,pb,pe,pe1,ppnenet,prefdivis,price,ps,ps1,receivables,retearn,revenue,revenueusd,rnd,roa,roe,roic,ros,sbcomp,sgna,sharefactor,sharesbas,shareswa,shareswadil,sps,tangibles,taxassets,taxexp,taxliabilities,tbvps,workingcapital
MOBI,MRY,2011-12-31,2011-03-31,2011-03-31,2017-10-11,0,656543000,474517000,606602000,49941000,1.423,1.947,-42076000,367214000,56075465,464837000,135561000,3.913,0.309,0,0,0,0,6532000,15601000,0,0.0,0.0,135276000,150877000,0.223,23039693,20657340,130943000,5.92,0.48,0.904,501239000,96863500,76541772,384435849,18,16.686,91332000,0.355,6.549,210457000,0.312,0,4333000,134326000,105752500,0,152718000,152718000,0,155003000,155003000,0,395736817,296409000,15846000,303150000,0,-13000000,261073000,-97949000,-77718000,133408000,-4300000,136310000,136310000,20815237,0,749000,0.202,189398000,21059000,136674000,0.0,5.17,19.012,13.606,43285000,0,12.3,3.838,30.701,86670000,-247907000,675294000,103120865,52260000,0.287,1.407,1.279,0.2,50290000,137138000,0.125,257389800,257389800,,0.401,656543000,6656000,-5367000,11797000,2.551,451599000
MOBI,MRY,2012-12-31,2012-03-31,2012-03-31,2017-10-11,0,718751000,687647000,679429000,39322000,0.997,2.253,-11299000,137538000,21828147,471025000,32929000,4.905,0.239,0,0,0,0,10038000,21082000,0,0.0,0.0,36571000,57653000,0.084,9149894,5804048,36571000,1.04,1.04,0.165,579891000,540565000,92032356,54140066,9,5.917,52347000,0.203,6.301,214538000,0.313,0,0,442697000,288511500,0,440007000,438393000,1614000,138516000,138516000,0,111642825,-226410000,-895000,0,0,0,384000,-283889000,-267025000,63646000,-3266000,32969000,32969000,5232388,0,40000,0.048,188770000,25768000,122803000,0.0,1.213,21.337,21.023,32856000,0,3.47,1.026,8.209,103498000,-214938000,685563000,108803168,71088000,0.048,0.061,0.127,0.053,45683000,121357000,0.125,257389800,257389800,,0.423,718751000,2210000,3602000,5675000,2.792,540913000
MOBI,MRY,2013-12-31,2013-03-31,2013-03-31,2017-10-11,0,741140000,729945500,689099000,52041000,0.823,2.298,-3345000,135025000,21691320,418780000,17256000,4.921,0.233,0,0,0,0,9062000,21596000,0,0.0,0.0,19845000,41441000,0.069,6657359,3188033,19845000,0.56,0.56,0.09,600630000,590260500,96489227,37495746,11,5.632,73120000,0.28,6.225,182327000,0.303,0,0,466093000,454395000,0,502815000,473277000,29538000,140022000,140022000,0,59139442,-2084000,-25859000,-22831000,0,0,-20830000,-54543000,-41151000,76465000,-429000,17112000,17112000,2748986,0,-144000,0.028,177887000,4440000,126173000,0.0,0.613,21.513,20.12,15170000,0,1.81,0.612,4.899,80797000,-197826000,601107000,96565855,73027000,0.023,0.029,0.044,0.033,24457000,104860000,0.125,261389800,261389800,,0.369,741140000,1765000,2733000,4787000,2.835,549077000
MOBI,MRY,2014-12-31,2014-03-31,2014-03-31,2017-10-11,0,785653000,763396500,724436000,61217000,0.636,2.38,-1347000,79057000,12745903,364435000,4657000,3.986,0.303,0,0,0,0,6350000,8654000,0,0.0,0.0,12469000,21123000,0.044,3405539,2010304,12469000,0.16,0.16,0.026,600218000,600424000,96769679,255589299,127,75.051,48008000,0.19,6.203,121116000,0.249,0,0,524872000,495482500,0,562035000,514446000,47589000,181724000,181724000,0,277416682,-54023000,-215520000,-27023000,0,0,-25818000,-76051000,127473000,49355000,-1945000,5251000,5251000,846588,0,594000,0.011,133396000,-12280000,164675000,0.0,2.867,327.688,341.14,7605000,0,8.8,3.544,28.35,95659000,-192644000,485551000,78282581,38644000,0.007,0.009,0.025,0.026,17478000,94752000,0.125,252196984,252196984,,0.31,785653000,1968000,7218000,10699000,3.115,542712000
MOBI,MRY,2015-12-31,2015-12-31,2015-12-31,2017-10-11,0,838414000,858240500,705191000,133223000,0.709,2.966,-613000,337952000,52062058,485342000,43503000,3.938,0.272,0,0,0,0,3080000,3474000,0,0.0,0.0,50411000,53885000,0.089,8301072,7765896,50411000,1.52,1.52,0.234,659321000,631399000,101569478,31272167,4,3.767,31453000,0.142,6.491,123200000,0.202,0,0,321369000,361979000,0,376066000,250979000,125087000,179093000,179093000,0,64457336,129252000,-58442000,950000,0,0,-1050000,99833000,132054000,32066000,3733000,44712000,44712000,6887956,0,1209000,0.073,143598000,-20398000,166139000,0.0,0.635,9.358,9.908,5374000,0,2.32,0.688,5.501,116260000,-104941000,608542000,93746890,37887000,0.052,0.071,0.139,0.083,12518000,105711000,0.125,222266678,222266678,,0.422,838414000,1489000,5699000,9874000,3.772,526098000
