ticker,dimension,calendardate,datekey,reportperiod,lastupdated,accoci,assets,assetsavg,assetsc,assetsnc,assetturnover,bvps,capex,cashneq,cashnequsd,cor,consolinc,currentratio,de,debt,debtc,debtnc,debtusd,deferredrev,depamor,deposits,divyield,dps,ebit,ebitda,ebitdamargin,ebitdausd,ebitusd,ebt,eps,epsdil,epsusd,equity,equityavg,equityusd,ev,evebit,evebitda,fcf,fcfps,fxusd,gp,grossmargin,intangibles,intexp,invcap,invcapavg,inventory,investments,investmentsc,investmentsnc,liabilities,liabilitiesc,liabilitiesnc,marketcap,ncf,ncfbus,ncfcommon,ncfdebt,ncfdiv,ncff,ncfi,ncfinv,ncfo,ncfx,netinc,netinccmn,netinccmnusd,netincdis,netincnci,netmargin,opex,opinc,payables,payoutratio,pb,pe,pe1,ppnenet,prefdivis,price,ps,ps1,receivables,retearn,revenue,revenueusd,rnd,roa,roe,roic,ros,sbcomp,sgna,sharefactor,sharesbas,shareswa,shareswadil,sps,tangibles,taxassets,taxexp,taxliabilities,tbvps,workingcapital
MOV,MRY,2011-12-31,2012-01-31,2012-01-31,2018-03-29,97922000,507562000,490907750,434151000,73411000,0.954,15.662,-8170000,182201000,182201000,211772000,32628000,4.938,0.29,0,0,0,0,0,11408000,0,0.007,0.12,33876000,45284000,0.097,45284000,33876000,32599000,1.28,1.27,1.28,391366000,388878000,391366000,320384810,9,7.075,77892000,3.125,1.0,256345000,0.548,0,1277000,237449000,277223750,163680000,0,0,0,113488000,87912000,25576000,458412810,79185000,0,1373000,0,-2985000,-1525000,-7208000,0,86062000,1856000,31995000,31995000,31995000,0,633000,0.068,222782000,33563000,33814000,0.094,1.171,14.328,14.383,36290000,0,18.41,0.979,0.98,62754000,251695000,468117000,468117000,0,0.065,0.082,0.122,0.072,1461000,222782000,1.0,24900207,24926000,25141000,18.78,507562000,14959000,604000,8306000,20.311,346239000
MOV,MRY,2012-12-31,2013-01-31,2013-01-31,2018-03-29,102271000,526362000,515311750,434099000,92263000,0.981,16.644,-15978000,167889000,167889000,227596000,57868000,5.907,0.238,0,0,0,0,0,10608000,0,0.038,1.4,48705000,59313000,0.117,59313000,48705000,48271000,2.26,2.22,2.26,423690000,405912500,423690000,761020704,15,12.831,22803000,0.902,1.0,277882000,0.55,0,434000,284987000,272933500,167256000,0,0,0,100670000,73486000,27184000,925833704,-14312000,0,1575000,0,-36684000,-38375000,-16263000,0,38781000,1545000,57083000,57083000,57083000,0,785000,0.113,228536000,49346000,22075000,0.619,2.185,16.219,16.177,44501000,0,36.56,1.832,1.828,61398000,272094000,505478000,505478000,0,0.111,0.141,0.178,0.096,1231000,228536000,1.0,25323679,25267000,25664000,20.005,526362000,22749000,-8812000,5912000,20.677,360613000
MOV,MRY,2013-12-31,2014-01-31,2014-01-31,2018-03-29,103702000,578610000,558155250,485310000,93300000,1.022,18.212,-16707000,157659000,157659000,264994000,51545000,5.806,0.243,0,0,0,0,0,12233000,0,0.007,0.26,68686000,80919000,0.142,80919000,68686000,68250000,1.99,1.97,1.99,463304000,446042000,463304000,795896562,11,9.836,37809000,1.482,1.0,305261000,0.535,0,436000,337358000,323686750,181305000,33099000,33099000,0,112620000,83593000,29027000,959042562,-10230000,0,-10793000,0,-6637000,-16515000,-47895000,-33099000,54516000,-336000,50877000,50877000,50877000,0,668000,0.089,237519000,67742000,33598000,0.131,2.07,18.85,18.97,47796000,0,37.75,1.682,1.688,68683000,316334000,570255000,570255000,0,0.091,0.114,0.212,0.12,2872000,237519000,1.0,25405101,25506000,25849000,22.358,578610000,14891000,17373000,9940000,22.744,401717000
MOV,MRY,2014-12-31,2015-01-31,2015-01-31,2018-03-29,98854000,583023000,587779750,478843000,104180000,0.999,19.235,-11132000,199852000,199852000,276998000,51900000,7.272,0.205,0,0,0,0,0,12469000,0,0.017,0.4,71529000,83998000,0.143,83998000,71529000,71040000,2.05,2.02,2.05,482209000,475952750,482209000,447104301,6,5.323,48464000,1.917,1.0,309982000,0.528,0,489000,317324000,344145750,170788000,0,0,0,98738000,65847000,32891000,605041301,42193000,0,-26091000,-936000,-10104000,-36180000,21593000,32843000,59596000,-2816000,51776000,51776000,51776000,0,124000,0.088,238495000,71487000,27767000,0.195,1.255,11.686,11.722,46673000,0,24.03,1.031,1.035,74106000,358006000,586980000,586980000,0,0.088,0.109,0.208,0.122,4483000,238495000,1.0,25178581,25276000,25581000,23.223,583023000,19985000,19264000,10842000,23.257,412996000
MOV,MRY,2015-12-31,2016-01-31,2016-01-31,2018-03-29,68505000,585170000,593209000,489035000,96135000,1.003,19.129,-8070000,228188000,228188000,277993000,45765000,6.255,0.327,40000000,5000000,35000000,40000000,0,13156000,0,0.017,0.44,69563000,82719000,0.139,82719000,69563000,68454000,1.92,1.9,1.92,440552000,448136250,440552000,450664194,6,5.448,66489000,2.826,1.0,316930000,0.533,0,1109000,318800000,352391500,162465000,0,0,0,144023000,78182000,65841000,591844194,28336000,0,-48773000,39661000,-10312000,-23691000,-9155000,0,74559000,-13377000,45094000,45094000,45094000,0,671000,0.076,246823000,70107000,27308000,0.229,1.343,13.125,13.385,38553000,0,25.7,0.995,1.016,71030000,392788000,594923000,594923000,0,0.076,0.101,0.197,0.117,6123000,246823000,1.0,23028957,23525000,23774000,25.289,585170000,20323000,23360000,8897000,25.409,410853000
MOV,MRY,2016-12-31,2017-01-31,2017-01-31,2018-03-29,76780000,607802000,606269500,504780000,103022000,0.912,20.557,-5920000,256279000,256279000,257935000,35139000,7.07,0.282,30000000,5000000,25000000,30000000,0,11507000,0,0.019,0.52,52840000,64347000,0.116,64347000,52840000,51376000,1.52,1.51,1.52,473993000,465464750,473993000,460872678,8,7.162,52233000,2.264,1.0,294817000,0.533,1633000,1464000,308488000,351306500,153167000,0,0,0,133809000,71402000,62407000,622630678,28091000,0,-4160000,-10000000,-11930000,-27410000,-7556000,-152000,58153000,4904000,35061000,35061000,35061000,0,78000,0.063,242118000,52699000,27192000,0.342,1.314,17.758,17.862,34173000,0,27.15,1.126,1.133,66847000,415919000,552752000,552752000,0,0.058,0.075,0.15,0.096,7281000,240836000,1.0,22932990,23070000,23267000,23.96,606169000,24837000,16315000,7471000,26.289,433378000
MOV,MRY,2017-12-31,2018-01-31,2018-01-31,2018-03-29,100343000,645380000,633515000,481600000,163780000,0.897,20.403,-5810000,214811000,214811000,269875000,-15225000,4.802,0.372,25000000,25000000,0,25000000,0,13457000,0,0.017,0.52,43652000,57109000,0.101,57109000,43652000,42142000,-0.66,-0.66,-0.66,470335000,475113500,470335000,576483763,13,10.094,48914000,2.12,1.0,298078000,0.525,83393000,1510000,271880000,321763250,151676000,0,0,0,175045000,100296000,74749000,701967763,-41468000,-78991000,-3790000,-5000000,-11934000,-20886000,-84339000,0,54724000,9033000,-15225000,-15225000,-15225000,0,0,-0.027,254878000,43200000,24364000,-0.788,1.492,-46.106,-46.364,24671000,0,30.6,1.236,1.243,83098000,388739000,567953000,567953000,0,-0.024,-0.032,0.136,0.077,4874000,254878000,1.0,22940123,23073000,23073000,24.615,561987000,6443000,57367000,36052000,24.379,381304000
