ticker,dimension,calendardate,datekey,reportperiod,lastupdated,accoci,assets,assetsavg,assetsc,assetsnc,assetturnover,bvps,capex,cashneq,cashnequsd,cor,consolinc,currentratio,de,debt,debtc,debtnc,debtusd,deferredrev,depamor,deposits,divyield,dps,ebit,ebitda,ebitdamargin,ebitdausd,ebitusd,ebt,eps,epsdil,epsusd,equity,equityavg,equityusd,ev,evebit,evebitda,fcf,fcfps,fxusd,gp,grossmargin,intangibles,intexp,invcap,invcapavg,inventory,investments,investmentsc,investmentsnc,liabilities,liabilitiesc,liabilitiesnc,marketcap,ncf,ncfbus,ncfcommon,ncfdebt,ncfdiv,ncff,ncfi,ncfinv,ncfo,ncfx,netinc,netinccmn,netinccmnusd,netincdis,netincnci,netmargin,opex,opinc,payables,payoutratio,pb,pe,pe1,ppnenet,prefdivis,price,ps,ps1,receivables,retearn,revenue,revenueusd,rnd,roa,roe,roic,ros,sbcomp,sgna,sharefactor,sharesbas,shareswa,shareswadil,sps,tangibles,taxassets,taxexp,taxliabilities,tbvps,workingcapital
MSB,MRY,2011-12-31,2012-01-31,2012-01-31,2018-04-13,0,11169040,12464198,10695221,473819,2.741,0.0,0,10253474,10253474,0,33237332,,3379176.333,0,,,0,0,0,0,0.079,2.53,33237332,33237332,0.973,33237332,33237332,33237332,2.533,2.533,2.533,3,3,3,420568943,12,12.654,33115134,2.524,1.0,34158326,1.0,0,0,915566,7733598,0,473816,0,473816,10137529,,,420627520,1559783,0,0,0,-31750424,-31750424,195073,195073,33115134,0,33237332,33237332,33237332,0,0,0.973,920994,33237332,9971208,0.999,140209173.533,12.655,12.657,0,0,32.06,12.314,12.314,387980,,34158326,34158326,0,2.667,11079110.667,4.298,0.973,0,782086,1.0,13120010,13120010,13120010,2.604,11169040,0,0,0,0.851,
MSB,MRY,2012-12-31,2013-01-31,2013-01-31,2018-04-13,0,7645960,11102071,7440902,205058,2.843,0.0,0,6727461,6727461,0,30654737,,2154578.333,0,,,0,0,0,0,0.094,2.325,30654737,30654737,0.971,30654737,30654737,30654737,2.336,2.336,2.336,3,3,3,308669617,10,10.069,30690467,2.339,1.0,31562945,1.0,0,0,918499,3175709,0,643870,438815,205055,6463735,,,323670646,-3526013,0,0,0,-34046426,-34046426,-170054,-170054,30690467,0,30654737,30654737,30654737,0,0,0.971,908208,30654737,6428805,0.995,107890215.567,10.559,10.561,0,0,24.67,10.255,10.255,218053,,31562945,31562945,0,2.761,10218245.667,9.653,0.971,0,761997,1.0,13120010,13120010,13120010,2.406,7645960,0,0,0,0.583,
MSB,MRY,2013-12-31,2014-01-31,2014-01-31,2018-04-13,0,8553797,8048812,8043221,510576,2.739,0.0,0,7719963,7719963,0,21056289,,2523233.333,0,,,0,0,0,0,0.081,1.62,21056289,21056289,0.955,21056289,21056289,21056289,1.605,1.605,1.605,3,3,3,256360997,12,12.175,21269076,1.621,1.0,22045153,1.0,0,0,833834,2454074,0,715628,205055,510573,7569700,,,263581000,992502,0,0,0,-20204816,-20204816,-71758,-71758,21269076,0,21056289,21056289,21056289,0,0,0.955,988864,21056289,7478406,1.009,87860333.633,12.518,12.517,0,0,20.09,11.956,11.956,63253,,22045153,22045153,0,2.616,7018763.0,8.58,0.955,0,813460,1.0,13120010,13120010,13120010,1.68,8553797,0,0,0,0.652,
MSB,MRY,2014-12-31,2015-01-31,2015-01-31,2018-04-13,0,10097620,8972511,9841858,255762,2.907,0.0,0,8717943,8717943,0,24767848,,2828831.0,0,,,0,0,0,0,0.108,1.84,24767848,24767848,0.95,24767848,24767848,24767848,1.888,1.888,1.888,3,3,3,212242959,8,8.569,24271102,1.85,1.0,26080115,1.0,0,0,1379677,2609719,0,766332,510573,255759,8486493,,,224089770,997980,0,0,0,-23222418,-23222418,-50704,-50704,24271102,0,24767848,24767848,24767848,0,0,0.95,1312267,24767848,8396806,0.975,74696590.267,9.048,9.047,0,0,17.08,8.592,8.592,558385,,26080115,26080115,0,2.76,8255949.333,9.491,0.95,0,1163617,1.0,13120010,13120010,13120010,1.988,10097620,0,0,0,0.77,
MSB,MRY,2015-12-31,2016-01-31,2016-01-31,2018-04-13,0,9816961,6147343,9360900,456061,1.581,0.0,0,2587165,2587165,0,8558841,,275931.333,0,,,0,0,0,0,0.02,0.09,8558841,8558841,0.88,8558841,8558841,8558841,0.652,0.652,0.652,3,3,3,51943142,6,6.069,8221213,0.627,1.0,9721508,1.0,0,0,7229796,2989833,0,6196717,5740659,456058,827794,,,57728044,-6130778,0,0,0,-8921606,-8921606,-5430385,-5430385,8221213,0,8558841,8558841,8558841,0,0,0.88,1162667,8558841,656001,0.138,19242681.333,6.745,6.748,0,0,4.4,5.938,5.938,978146,,9721508,9721508,0,1.392,2852947.0,2.863,0.88,0,1014205,1.0,13120010,13120010,13120010,0.741,9816961,0,0,0,0.748,
MSB,MRY,2016-12-31,2017-01-31,2017-01-31,2018-04-13,0,14249882,10144550,14249879,3,1.058,0.0,0,13695168,13695168,0,9613112,,1348136.333,0,,,0,2099415,0,0,0.047,0.64,9613112,9613112,0.895,9613112,9613112,9613112,0.733,0.733,0.733,3,3,3,174409882,18,18.143,12583350,0.959,1.0,10736534,1.0,0,0,554714,1754355,0,456058,456058,0,4044409,,,179744137,11108003,0,0,0,-7216006,-7216006,5740659,5740659,12583350,0,9613112,9613112,9613112,0,0,0.895,1123422,9613112,1836801,0.873,59914712.333,18.698,18.69,0,0,13.7,16.741,16.741,45045,,10736534,10736534,0,0.948,3204370.667,5.48,0.895,0,976944,1.0,13120010,13120010,13120010,0.818,14249882,0,0,0,1.086,
MSB,MRY,2017-12-31,2018-01-31,2018-01-31,2018-04-13,0,26123020,22186178,26123017,3,1.558,0.0,0,314835,314835,0,33495567,,5205202.0,0,,,0,0,0,0,0.102,2.53,33495567,33495567,0.969,33495567,33495567,33495567,2.553,2.553,2.553,3,3,3,325182642,9,9.708,29509875,2.249,1.0,34567557,1.0,0,0,25808185,16357419,0,23797451,23797451,0,15615606,,,325376248,-13380333,0,0,0,-19548815,-19548815,-23341393,-23341393,29509875,0,33495567,33495567,33495567,0,0,0.969,1071990,33495567,15481612,0.991,108458749.333,9.714,9.714,0,0,24.8,9.413,9.413,1956091,,34567557,34567557,0,1.51,11165189.0,2.048,0.969,0,897498,1.0,13120010,13120010,13120010,2.635,26123020,0,0,0,1.991,
