ticker,dimension,calendardate,datekey,reportperiod,lastupdated,accoci,assets,assetsavg,assetsc,assetsnc,assetturnover,bvps,capex,cashneq,cashnequsd,cor,consolinc,currentratio,de,debt,debtc,debtnc,debtusd,deferredrev,depamor,deposits,divyield,dps,ebit,ebitda,ebitdamargin,ebitdausd,ebitusd,ebt,eps,epsdil,epsusd,equity,equityavg,equityusd,ev,evebit,evebitda,fcf,fcfps,fxusd,gp,grossmargin,intangibles,intexp,invcap,invcapavg,inventory,investments,investmentsc,investmentsnc,liabilities,liabilitiesc,liabilitiesnc,marketcap,ncf,ncfbus,ncfcommon,ncfdebt,ncfdiv,ncff,ncfi,ncfinv,ncfo,ncfx,netinc,netinccmn,netinccmnusd,netincdis,netincnci,netmargin,opex,opinc,payables,payoutratio,pb,pe,pe1,ppnenet,prefdivis,price,ps,ps1,receivables,retearn,revenue,revenueusd,rnd,roa,roe,roic,ros,sbcomp,sgna,sharefactor,sharesbas,shareswa,shareswadil,sps,tangibles,taxassets,taxexp,taxliabilities,tbvps,workingcapital
MSBF,MRY,2011-12-31,2011-06-30,2011-06-30,2018-05-11,-92000,349459000,351365000,,,0.028,8.07,-57000,30976000,30976000,0,706000,,7.59,20177000,,,20177000,0,654000,286175000,0.022,0.12,1221000,1875000,0.188,1875000,1221000,1221000,0.14,0.14,0.14,40680000,40451500,40680000,26292836,21,14.023,3606000,0.715,1.0,9988000,1.0,0,0,338660000,348898000,0,296388000,,,308779000,,,28211836,9832000,0,-104000,-120000,0,-10671000,16840000,15198000,3663000,0,706000,706000,706000,0,0,0.071,8767000,1221000,0,0.857,0.694,39.96,39.0,9838000,0,5.46,2.825,2.756,0,21880000,9988000,9988000,0,0.002,0.017,0.003,0.122,457000,7061000,1.0,5167003,5041000,5041000,1.981,349459000,0,515000,0,69.323,
MSBF,MRY,2012-12-31,2012-06-30,2012-06-30,2018-05-11,-101000,347347000,349901250,,,0.025,8.319,-164000,33757000,33757000,0,497000,,7.497,20097000,,,20097000,0,602000,283798000,0.022,0.12,780000,1382000,0.156,1382000,780000,780000,0.1,0.1,0.1,40878000,40862500,40878000,27397856,35,19.825,3331000,0.668,1.0,8879000,1.0,0,0,333687000,346839000,0,292643000,,,306469000,,,27971856,2781000,0,-423000,-80000,0,-3098000,2384000,627000,3495000,0,497000,497000,497000,0,0,0.056,8099000,780000,0,1.2,0.684,56.281,55.0,9400000,0,5.5,3.15,3.089,0,22067000,8879000,8879000,0,0.001,0.012,0.002,0.088,443000,6915000,1.0,5085792,4986000,4986000,1.781,347347000,0,283000,0,70.685,
MSBF,MRY,2013-12-31,2013-06-30,2013-06-30,2018-05-11,-33000,352470000,349008000,,,0.017,8.014,-49000,24755000,24755000,0,-1385000,,7.948,30132000,,,30132000,0,567000,280467000,0.0,0.0,-2372000,-1805000,-0.305,-1805000,-2372000,-2372000,-0.28,-0.28,-0.28,39391000,39572000,39391000,48594977,-20,-26.922,3078000,0.624,1.0,5917000,1.0,0,0,357847000,354741750,0,305995000,,,313079000,,,36816977,-9002000,0,-476000,10035000,0,6172000,-18301000,-19868000,3127000,0,-1385000,-1385000,-1385000,0,0,-0.234,8289000,-2372000,0,0.0,0.935,-26.583,-26.214,8882000,0,7.34,6.222,6.119,0,20560000,5917000,5917000,0,-0.004,-0.035,-0.007,-0.401,428000,7015000,1.0,5015937,4933000,4933000,1.199,352470000,0,-987000,0,71.713,
MSBF,MRY,2014-12-31,2014-06-30,2014-06-30,2018-05-11,-35000,345124000,346087500,,,0.028,8.248,-100000,7308000,7308000,0,988000,,7.482,38494000,,,38494000,0,496000,263389000,0.0,0.0,1536000,2032000,0.21,2032000,1536000,1536000,0.18,0.18,0.18,40688000,40293000,40688000,66238330,43,32.598,2995000,0.608,1.0,9694000,1.0,0,0,376310000,372798750,0,317397000,,,304436000,,,40484330,-17447000,0,0,8362000,0,-8716000,-11826000,-13684000,3095000,0,988000,988000,988000,0,0,0.102,8158000,1536000,0,0.0,0.995,40.976,44.889,8486000,0,8.08,4.176,4.106,0,21548000,9694000,9694000,0,0.003,0.025,0.004,0.158,311000,6888000,1.0,5010437,4926000,4926000,1.968,345124000,0,548000,0,69.962,
MSBF,MRY,2015-12-31,2015-12-31,2015-12-31,2018-05-11,-79000,375690000,377698500,,,0.028,12.826,-196000,12303000,12303000,0,443000,,3.92,33418000,,,33418000,0,376000,262598000,0.0,0.0,627000,1003000,0.094,1003000,627000,627000,0.08,0.08,0.08,76363000,58814250,76363000,91512925,145,91.239,991000,0.166,1.0,10651000,1.0,0,0,396805000,385804000,0,343133000,,,299327000,,,74422925,4784000,0,34743000,2843000,0,34116000,-30519000,-31780000,1187000,0,443000,443000,443000,0,0,0.042,9507000,1144000,0,0.0,0.975,167.998,156.25,8118000,0,12.5,6.987,6.987,0,22209000,10651000,10651000,0,0.001,0.008,0.002,0.059,157000,8138000,1.0,5953834,5953834,,1.789,375690000,0,184000,0,63.101,
MSBF,MRY,2016-12-31,2016-12-31,2016-12-31,2018-05-11,-122000,461646000,417829500,,,0.029,12.815,-1295000,21382000,21382000,0,1161000,,5.308,23467000,,,23467000,0,456000,362299000,0.0,0.0,1814000,2270000,0.186,2270000,1814000,1814000,0.21,0.2,0.21,73185000,74424750,73185000,75800346,41,33.392,1203000,0.211,1.0,12204000,1.0,0,0,463731000,417272750,0,413544000,,,388461000,,,83952346,9079000,0,-4652000,-9951000,0,85098000,-78517000,-71222000,2498000,0,1161000,1161000,1161000,0,0,0.095,10390000,1814000,0,0.0,1.147,72.31,70.0,8957000,0,14.7,6.879,6.879,0,23370000,12204000,12204000,0,0.003,0.016,0.004,0.149,356000,9534000,1.0,5711044,5711044,,2.137,461646000,0,653000,0,80.834,
MSBF,MRY,2017-12-31,2017-12-31,2017-12-31,2018-05-11,0,563040000,523450750,,,0.03,12.659,-297000,22309000,22309000,0,2722000,,6.71,38361000,,,38361000,0,556000,448913000,0.024,0.425,4490000,5046000,0.322,5046000,4490000,4490000,0.49,0.48,0.49,73025000,73655250,73025000,162985649,36,32.3,4601000,0.798,1.0,15671000,1.0,0,0,579092000,559843000,0,514018000,,,490015000,,,102681649,927000,0,-1209000,14894000,-2451000,97848000,-101819000,-101522000,4898000,0,2722000,2722000,2722000,0,0,0.174,11181000,4490000,0,0.867,1.406,37.723,36.327,8698000,0,17.8,6.552,6.552,0,23641000,15671000,15671000,0,0.005,0.037,0.008,0.287,654000,10203000,1.0,5768632,5768632,,2.717,563040000,0,1768000,0,97.604,
