ticker,dimension,calendardate,datekey,reportperiod,lastupdated,accoci,assets,assetsavg,assetsc,assetsnc,assetturnover,bvps,capex,cashneq,cashnequsd,cor,consolinc,currentratio,de,debt,debtc,debtnc,debtusd,deferredrev,depamor,deposits,divyield,dps,ebit,ebitda,ebitdamargin,ebitdausd,ebitusd,ebt,eps,epsdil,epsusd,equity,equityavg,equityusd,ev,evebit,evebitda,fcf,fcfps,fxusd,gp,grossmargin,intangibles,intexp,invcap,invcapavg,inventory,investments,investmentsc,investmentsnc,liabilities,liabilitiesc,liabilitiesnc,marketcap,ncf,ncfbus,ncfcommon,ncfdebt,ncfdiv,ncff,ncfi,ncfinv,ncfo,ncfx,netinc,netinccmn,netinccmnusd,netincdis,netincnci,netmargin,opex,opinc,payables,payoutratio,pb,pe,pe1,ppnenet,prefdivis,price,ps,ps1,receivables,retearn,revenue,revenueusd,rnd,roa,roe,roic,ros,sbcomp,sgna,sharefactor,sharesbas,shareswa,shareswadil,sps,tangibles,taxassets,taxexp,taxliabilities,tbvps,workingcapital
MSG,MRY,2012-12-31,2012-06-30,2012-06-30,2018-05-02,,,,,,,,-391239000,,,530307000,-36282000,,,,,,,,62940000,,0.0,0.0,-28681000,34259000,0.047,34259000,-28681000,-29932000,,,,,,,,,,-285420000,,1.0,198560000,0.272,,1251000,,,,,,,,,,,-2307000,-4000000,0,0,0,314770000,-422896000,0,105819000,0,-36282000,-36282000,-36282000,0,0,-0.05,234697000,-36137000,,,,,,,0,37.44,,,,,728867000,728867000,0,,,,-0.039,10580000,171757000,,,,,,,,6350000,,,
MSG,MRY,2013-12-31,2013-06-30,2013-06-30,2018-05-02,-25216000,1732863000,,127346000,1605517000,,,-217790000,10690000,10690000,533282000,-58274000,0.274,0.89,0,0,0,0,229422000,72551000,0,0.0,0.0,-54937000,17614000,0.024,17614000,-54937000,-57141000,,,,916764000,,916764000,,,,-159651000,,1.0,189661000,0.262,472004000,2204000,784762000,,0,22926000,22926000,0,816099000,465407000,350692000,,-710000,-10000000,0,0,0,124805000,-183654000,44136000,58139000,0,-58274000,-58274000,-58274000,0,0,-0.081,248690000,-59029000,5835000,,,,,1093169000,0,59.25,,,42830000,,722943000,722943000,0,,,,-0.076,8514000,176139000,1.0,,,,,1260859000,0,1133000,0,,-338061000
MSG,MRY,2014-12-31,2014-06-30,2014-06-30,2018-05-02,-36015000,2137191000,1935027000,157919000,1979272000,0.472,47.786,-304866000,15966000,15966000,714825000,-116933000,0.288,0.794,0,0,0,0,291865000,91709000,0,0.0,0.0,-113708000,-21999000,-0.024,-21999000,-113708000,-115236000,-4.69,-4.69,-4.69,1191203000,1053983500,1191203000,,,,-167803000,-6.732,1.0,198790000,0.218,470279000,1528000,1101910000,943336000,0,255315000,29683000,225632000,945988000,549036000,396952000,,3866000,-232310000,0,0,0,387478000,-520675000,18000000,137063000,0,-116933000,-116933000,-116933000,0,0,-0.128,312818000,-114028000,9361000,0.0,,,-13.316,1231300000,0,62.45,,1.704,52377000,,913615000,913615000,0,-0.06,-0.111,-0.121,-0.124,13698000,221109000,1.0,,24928000,24928000,36.65,1666912000,0,1697000,0,66.869,-391117000
MSG,MRY,2015-12-31,2015-06-30,2015-06-30,2018-05-02,-40215000,2148942000,2143066500,168635000,1980307000,0.5,49.072,-59762000,26801000,26801000,724881000,-40684000,0.316,0.757,0,0,0,0,311317000,108758000,0,0.0,0.0,-37750000,71008000,0.066,71008000,-37750000,-40248000,-1.63,-1.63,-1.63,1223275000,1207239000,1223275000,,,,9590000,0.385,1.0,346670000,0.324,466340000,2498000,1122083000,1111996500,0,280230000,30836000,249394000,925667000,533718000,391949000,,8068000,-40219000,0,0,0,41372000,-102656000,325000,69352000,0,-40684000,-40684000,-40684000,0,0,-0.038,347076000,-406000,4895000,0.0,,,-51.221,1188693000,0,83.49,,1.942,52061000,0,1071551000,1071551000,0,-0.019,-0.034,-0.034,-0.035,10306000,238318000,1.0,,24928000,24928000,42.986,1682602000,0,436000,206944000,67.498,-365083000
MSG,MRY,2016-12-31,2016-06-30,2016-06-30,2018-05-02,-42611000,3543950000,3661274500,1603853000,1940097000,0.305,105.65,-71716000,1471408000,1471408000,737857000,-77290000,2.609,0.37,0,0,0,0,332416000,102482000,0,0.0,0.0,-74965000,27517000,0.025,27517000,-74965000,-76993000,-3.12,-3.12,-3.12,2586421000,2700359750,2586421000,2740879474,-36,99.607,54069000,2.184,1.0,377454000,0.338,459745000,2028000,997982000,1092138500,0,263546000,0,263546000,957529000,614815000,342714000,4220668474,1430106000,-36417000,-104949000,0,0,1420011000,-115690000,-5557000,125785000,0,-77290000,-77290000,-77290000,0,0,-0.069,436085000,-58631000,29210000,0.0,1.632,-54.608,-55.292,1160609000,0,172.51,3.784,3.829,81787000,-75687000,1115311000,1115311000,0,-0.021,-0.029,-0.069,-0.067,24476000,333603000,1.0,24466225,24754000,24754000,45.056,3084205000,0,297000,194583000,125.984,989038000
MSG,MRY,2017-12-31,2017-06-30,2017-06-30,2018-05-02,-34115000,3712753000,3615226000,1449729000,2263024000,0.365,102.218,-44224000,1272114000,1272114000,861381000,-76789000,1.902,0.503,105433000,0,105433000,105433000,390180000,107388000,0,0.0,0.0,-72938000,34450000,0.026,34450000,-72938000,-77127000,-3.05,-3.05,-3.05,2408163000,2489172250,2408163000,3567512478,-48,103.556,172399000,7.228,1.0,457071000,0.347,803912000,4189000,980118000,1041492500,0,242287000,0,242287000,1212262000,762042000,450220000,4635770478,-206203000,-200330000,-147960000,-3230000,0,-158525000,-264301000,-18747000,216623000,0,-72723000,-72723000,-72723000,0,-4066000,-0.055,517427000,-60356000,41660000,0.0,1.925,-63.746,-64.557,1159271000,0,196.9,3.516,3.562,104799000,-148410000,1318452000,1318452000,0,-0.02,-0.029,-0.07,-0.055,41129000,410039000,1.0,23543781,23853000,23853000,55.274,2908841000,0,-4404000,196436000,123.47,687687000
