ticker,dimension,calendardate,datekey,reportperiod,lastupdated,accoci,assets,assetsavg,assetsc,assetsnc,assetturnover,bvps,capex,cashneq,cashnequsd,cor,consolinc,currentratio,de,debt,debtc,debtnc,debtusd,deferredrev,depamor,deposits,divyield,dps,ebit,ebitda,ebitdamargin,ebitdausd,ebitusd,ebt,eps,epsdil,epsusd,equity,equityavg,equityusd,ev,evebit,evebitda,fcf,fcfps,fxusd,gp,grossmargin,intangibles,intexp,invcap,invcapavg,inventory,investments,investmentsc,investmentsnc,liabilities,liabilitiesc,liabilitiesnc,marketcap,ncf,ncfbus,ncfcommon,ncfdebt,ncfdiv,ncff,ncfi,ncfinv,ncfo,ncfx,netinc,netinccmn,netinccmnusd,netincdis,netincnci,netmargin,opex,opinc,payables,payoutratio,pb,pe,pe1,ppnenet,prefdivis,price,ps,ps1,receivables,retearn,revenue,revenueusd,rnd,roa,roe,roic,ros,sbcomp,sgna,sharefactor,sharesbas,shareswa,shareswadil,sps,tangibles,taxassets,taxexp,taxliabilities,tbvps,workingcapital
MTN,MRY,2011-12-31,2011-07-31,2011-07-31,2018-03-08,0,1946236000,1976439250,245624000,1700612000,0.59,23.003,-95640000,82581000,82581000,951501000,34422000,1.01,1.329,491743000,1045000,490698000,491743000,0,117957000,0,0.003,0.15,89228000,207185000,0.178,207185000,89228000,55587000,0.96,0.94,0.96,829723000,817553000,829723000,2004433317,22,9.675,171647000,4.759,1.0,215545000,0.185,359156000,33641000,1753060000,1737577000,54007000,5021000,0,5021000,1102517000,243182000,859335000,1650195317,55398000,-62344000,0,-50261000,-5411000,-53701000,-158188000,0,267287000,0,34489000,34489000,34489000,0,-67000,0.03,121073000,94472000,221359000,0.156,1.989,47.847,47.656,1021736000,0,45.75,1.414,1.414,58529000,416458000,1167046000,1167046000,0,0.017,0.042,0.051,0.076,12493000,0,1.0,36069843,36069843,,32.355,1587080000,29167000,21098000,153986000,44.0,2442000
MTN,MRY,2012-12-31,2012-07-31,2012-07-31,2018-03-08,-255000,1927614000,1979234000,232370000,1695244000,0.518,22.256,-132625000,60337000,60337000,836018000,16391000,0.932,1.385,490765000,990000,489775000,490765000,0,127581000,0,0.014,0.68,60740000,188321000,0.184,188321000,60740000,27154000,0.46,0.45,0.46,802311000,813934500,802311000,2119600456,34,11.255,52794000,1.464,1.0,188376000,0.184,361839000,33586000,1746954000,1723600250,65873000,0,0,0,1111286000,249249000,862037000,1789500456,-24090000,-23479000,-30365000,-1052000,-24249000,-53522000,-155954000,0,185419000,-33000,16453000,16453000,16453000,0,-62000,0.016,129045000,59331000,227538000,1.478,2.23,108.764,107.913,1049207000,0,49.64,1.747,1.747,65743000,408662000,1024394000,1024394000,0,0.008,0.02,0.035,0.059,11999000,0,1.0,36049566,36049566,,28.416,1565775000,24458000,10701000,160114000,43.434,-16879000
MTN,MRY,2013-12-31,2013-07-31,2013-07-31,2018-03-08,-67000,2308297000,2076287500,343469000,1964828000,0.54,22.94,-94946000,151228000,151228000,896609000,37610000,1.096,1.785,796922000,994000,795928000,796922000,0,132688000,0,0.015,0.99,98328000,231016000,0.206,231016000,98328000,59362000,1.05,1.03,1.05,823868000,811750250,823868000,2645549040,26,11.452,127477000,3.55,1.0,224188000,0.2,503043000,38966000,2137613000,1782175500,68318000,0,0,0,1470428000,313335000,1157093000,2405517040,92551000,-19958000,0,-1011000,-28362000,-21790000,-108238000,0,222423000,156000,37743000,37743000,37743000,0,-133000,0.034,127235000,96953000,269519000,0.943,2.92,63.734,63.79,1169288000,0,66.98,2.146,2.146,79037000,418043000,1120797000,1120797000,0,0.018,0.046,0.055,0.088,12349000,0,1.0,35913960,35913960,,31.208,1805254000,25190000,21619000,161081000,50.266,30134000
MTN,MRY,2014-12-31,2014-07-31,2014-07-31,2018-03-08,-199000,2173849000,2319972750,275046000,1898803000,0.541,22.687,-118305000,57587000,57587000,994174000,28206000,0.848,1.631,626622000,1022000,625600000,626622000,0,140601000,0,0.017,1.26,108341000,248942000,0.198,248942000,108341000,44344000,0.79,0.77,0.79,820843000,818153750,820843000,3211263267,29,12.9,127573000,3.526,1.0,260472000,0.208,495671000,63997000,1923007000,2035228500,67183000,0,0,0,1339049000,324206000,1014843000,2731649267,-94198000,0,0,-175998000,-45021000,-222212000,-117906000,0,245878000,42000,28478000,28478000,28478000,0,-272000,0.023,141809000,118663000,289218000,1.595,3.328,95.921,95.57,1147990000,0,75.5,2.177,2.177,95977000,401500000,1254646000,1254646000,0,0.012,0.035,0.053,0.086,14224000,0,1.0,36180785,36180785,,34.677,1678178000,29249000,15866000,162528000,46.383,-49160000
MTN,MRY,2015-12-31,2015-07-31,2015-07-31,2018-03-08,-4913000,2487292000,2398454250,288143000,2199149000,0.584,23.832,-123884000,48471000,48471000,1058432000,114610000,0.723,1.854,814501000,10154000,804347000,814501000,0,149123000,0,0.019,2.075,200713000,349836000,0.25,349836000,200713000,149472000,3.16,3.07,3.16,866568000,856071500,866568000,4486909008,22,12.826,179776000,4.944,1.0,341492000,0.244,644582000,51241000,2210093000,1965432250,73485000,0,0,0,1606706000,398647000,1208059000,3988513008,-8947000,-307051000,0,178800000,-75506000,115251000,-427068000,0,303660000,-790000,114754000,114754000,114754000,0,-144000,0.082,134629000,206863000,331299000,0.657,4.603,34.757,34.712,1386275000,0,109.69,2.849,2.849,113990000,440748000,1399924000,1399924000,0,0.048,0.134,0.102,0.143,15753000,0,1.0,36361683,36361683,,38.5,1842710000,27962000,34718000,204990000,50.677,-110504000
MTN,MRY,2016-12-31,2016-07-31,2016-07-31,2018-03-08,-1550000,2482018000,2479307250,322865000,2159153000,0.646,24.183,-109237000,73943000,73943000,1152496000,149454000,0.637,1.822,700263000,13354000,686909000,700263000,0,161488000,0,0.02,2.865,285285000,446773000,0.279,446773000,285285000,242919000,4.13,4.01,4.13,874540000,855873500,874540000,5728579499,20,12.822,317525000,8.78,1.0,448790000,0.28,649044000,42366000,1952813000,2012632750,74589000,0,0,0,1593552000,506481000,1087071000,5173900499,32438000,-20245000,-53787000,-119375000,-103835000,-271217000,-124016000,0,426762000,909000,149754000,149754000,149754000,0,-300000,0.094,161611000,287179000,397488000,0.694,5.916,34.549,34.642,1363814000,0,143.07,3.231,3.231,147113000,486667000,1601286000,1601286000,0,0.06,0.175,0.142,0.178,17025000,0,1.0,36163420,36163420,,44.279,1832974000,0,93165000,225633000,50.686,-183616000
MTN,MRY,2017-12-31,2017-07-31,2017-07-31,2018-03-08,44395000,4110718000,4006542750,433070000,3677648000,0.476,39.271,-144432000,127662000,127662000,1322841000,231718000,0.716,1.471,1272421000,38397000,1234024000,1272421000,0,189157000,0,0.018,3.726,381373000,570530000,0.299,570530000,381373000,327284000,5.36,5.22,5.36,1571156000,1491029000,1571156000,9434132619,24,16.536,312482000,7.811,1.0,584377000,0.306,1814675000,54089000,2836245000,2788529000,84814000,0,0,0,2311759000,604557000,1707202000,8432002619,49492000,-553220000,-210000,419278000,-146235000,271892000,-682836000,0,456914000,3522000,210553000,210553000,210553000,0,21165000,0.11,188821000,395556000,467669000,0.695,5.367,40.047,39.321,1714154000,0,210.76,4.421,4.421,186913000,550985000,1907218000,1907218000,0,0.053,0.141,0.137,0.2,18315000,0,1.0,40007604,40007604,,47.671,2296043000,0,116731000,269933000,57.39,-171487000
