ticker,dimension,calendardate,datekey,reportperiod,lastupdated,accoci,assets,assetsavg,assetsc,assetsnc,assetturnover,bvps,capex,cashneq,cashnequsd,cor,consolinc,currentratio,de,debt,debtc,debtnc,debtusd,deferredrev,depamor,deposits,divyield,dps,ebit,ebitda,ebitdamargin,ebitdausd,ebitusd,ebt,eps,epsdil,epsusd,equity,equityavg,equityusd,ev,evebit,evebitda,fcf,fcfps,fxusd,gp,grossmargin,intangibles,intexp,invcap,invcapavg,inventory,investments,investmentsc,investmentsnc,liabilities,liabilitiesc,liabilitiesnc,marketcap,ncf,ncfbus,ncfcommon,ncfdebt,ncfdiv,ncff,ncfi,ncfinv,ncfo,ncfx,netinc,netinccmn,netinccmnusd,netincdis,netincnci,netmargin,opex,opinc,payables,payoutratio,pb,pe,pe1,ppnenet,prefdivis,price,ps,ps1,receivables,retearn,revenue,revenueusd,rnd,roa,roe,roic,ros,sbcomp,sgna,sharefactor,sharesbas,shareswa,shareswadil,sps,tangibles,taxassets,taxexp,taxliabilities,tbvps,workingcapital
MTOR,MRY,2011-12-31,2011-09-30,2011-09-30,2018-05-03,-829000000,2663000000,2747500000,1459000000,1204000000,1.682,-10.54,-105000000,217000000,217000000,4146000000,80000000,1.164,-3.642,1034000000,84000000,950000000,1034000000,0,0,0,0.0,0.0,235000000,235000000,0.051,235000000,235000000,140000000,0.67,0.65,0.67,-995000000,-1018750000,-995000000,1499833336,6,6.382,-64000000,-0.68,1.0,476000000,0.103,431000000,95000000,1796000000,1822250000,460000000,0,0,0,3624000000,1253000000,2371000000,666833336,-126000000,0,0,0,0,6000000,-172000000,0,41000000,-1000000,63000000,63000000,63000000,0,17000000,0.014,302000000,174000000,841000000,0.0,-0.67,10.585,10.537,421000000,0,7.06,0.144,0.144,712000000,-1157000000,4622000000,4622000000,0,0.023,-0.062,0.129,0.051,0,278000000,1.0,94452314,94100000,96900000,49.118,2232000000,0,77000000,0,23.644,206000000
MTOR,MRY,2012-12-31,2012-09-30,2012-09-30,2018-05-03,-915000000,2501000000,2543500000,1298000000,1203000000,1.724,-10.601,-71000000,257000000,257000000,3902000000,63000000,1.263,-3.405,1060000000,18000000,1042000000,1060000000,0,0,0,0.0,0.0,204000000,204000000,0.047,204000000,204000000,109000000,0.54,0.54,0.54,-1023000000,-1000750000,-1023000000,1240264452,6,6.08,6000000,0.063,1.0,482000000,0.11,433000000,95000000,1843000000,1818000000,438000000,0,0,0,3483000000,1028000000,2455000000,409264452,40000000,0,0,16000000,0,2000000,-40000000,0,77000000,1000000,52000000,52000000,52000000,0,11000000,0.012,325000000,157000000,697000000,0.0,-0.4,7.87,7.852,417000000,0,4.24,0.093,0.093,542000000,-1105000000,4384000000,4384000000,0,0.02,-0.052,0.112,0.047,0,282000000,1.0,96524635,95900000,97200000,45.714,2068000000,0,57000000,0,21.43,270000000
MTOR,MRY,2013-12-31,2013-09-30,2013-09-30,2018-05-03,-734000000,2570000000,2431250000,1384000000,1186000000,1.51,-8.727,-54000000,318000000,318000000,3277000000,-20000000,1.323,-3.991,1138000000,13000000,1125000000,1138000000,0,0,0,0.0,0.0,168000000,168000000,0.046,168000000,168000000,42000000,-0.22,-0.22,-0.22,-850000000,-1004750000,-850000000,1704928043,10,10.148,-150000000,-1.545,1.0,395000000,0.108,434000000,126000000,1910000000,1927000000,414000000,0,0,0,3392000000,1046000000,2346000000,765928043,61000000,0,0,49000000,0,24000000,137000000,182000000,-96000000,-4000000,-22000000,-22000000,-22000000,0,2000000,-0.006,388000000,7000000,694000000,0.0,-0.901,-34.815,-35.727,417000000,0,7.86,0.209,0.208,596000000,-1127000000,3672000000,3672000000,0,-0.009,0.022,0.087,0.046,0,253000000,1.0,97446316,97100000,97100000,37.817,2136000000,0,64000000,0,21.93,338000000
MTOR,MRY,2014-12-31,2014-09-30,2014-09-30,2018-05-03,-749000000,2485000000,2580750000,1292000000,1193000000,1.459,-6.277,-77000000,247000000,247000000,3279000000,254000000,1.245,-5.016,955000000,7000000,948000000,955000000,0,0,0,0.0,0.0,410000000,410000000,0.109,410000000,410000000,280000000,2.55,2.51,2.55,-612000000,-705250000,-612000000,1849614029,4,4.511,138000000,1.415,1.0,487000000,0.129,431000000,130000000,1724000000,1906750000,379000000,0,0,0,3070000000,1038000000,2032000000,1061614029,-71000000,0,0,-436000000,0,-212000000,-70000000,0,215000000,-4000000,249000000,249000000,249000000,0,5000000,0.066,270000000,217000000,680000000,0.0,-1.735,4.264,4.255,424000000,0,10.85,0.282,0.281,610000000,-878000000,3766000000,3766000000,0,0.096,-0.353,0.215,0.109,0,258000000,1.0,97844611,97500000,99200000,38.626,2054000000,0,31000000,0,21.067,254000000
MTOR,MRY,2015-12-31,2015-09-30,2015-09-30,2018-05-03,-766000000,2195000000,2327750000,1042000000,1153000000,1.506,-7.078,-79000000,193000000,193000000,3043000000,65000000,1.2,-4.234,1051000000,15000000,1036000000,1051000000,0,0,0,0.0,0.0,170000000,170000000,0.049,170000000,170000000,65000000,0.66,0.64,0.66,-671000000,-622000000,-671000000,1778344709,10,10.461,18000000,0.186,1.0,462000000,0.132,402000000,105000000,1783000000,1790000000,338000000,0,0,0,2841000000,868000000,1973000000,1026344709,-54000000,-16000000,-55000000,35000000,0,-42000000,-87000000,0,97000000,-22000000,64000000,64000000,64000000,1000000,1000000,0.018,334000000,128000000,574000000,0.0,-1.53,16.037,16.106,419000000,0,10.63,0.293,0.294,461000000,-814000000,3505000000,3505000000,0,0.027,-0.103,0.095,0.049,0,243000000,1.0,96551713,96900000,100100000,36.171,1793000000,0,1000000,0,18.914,174000000
MTOR,MRY,2016-12-31,2016-09-30,2016-09-30,2018-05-03,-809000000,2494000000,2180250000,905000000,1589000000,1.467,-2.431,-93000000,160000000,160000000,2763000000,575000000,1.196,-12.701,996000000,14000000,982000000,996000000,0,0,0,0.0,0.0,233000000,233000000,0.073,233000000,233000000,149000000,6.36,6.23,6.36,-211000000,-534250000,-211000000,1830673937,7,7.857,111000000,1.232,1.0,436000000,0.136,390000000,84000000,2183000000,1890000000,316000000,0,0,0,2680000000,757000000,1923000000,965673937,-33000000,0,-81000000,-126000000,0,-152000000,-86000000,0,204000000,1000000,573000000,573000000,573000000,4000000,2000000,0.179,232000000,204000000,475000000,0.0,-4.577,1.685,1.75,439000000,0,11.13,0.302,0.313,396000000,-241000000,3199000000,3199000000,0,0.263,-1.073,0.123,0.073,0,213000000,1.0,86763157,90100000,92000000,35.505,2104000000,0,-424000000,0,24.24,148000000
MTOR,MRY,2017-12-31,2017-09-30,2017-09-30,2018-05-03,-545000000,2782000000,2606000000,1298000000,1484000000,1.284,3.035,-95000000,88000000,88000000,2863000000,328000000,1.098,9.272,1038000000,288000000,750000000,1038000000,0,0,0,0.0,0.0,495000000,495000000,0.148,495000000,495000000,376000000,3.68,3.59,3.68,268000000,-47000000,268000000,3062599943,6,6.187,81000000,0.92,1.0,484000000,0.145,414000000,119000000,2136000000,2126250000,378000000,0,0,0,2485000000,1182000000,1303000000,2303599943,-72000000,-34000000,0,-231000000,0,-122000000,-127000000,0,176000000,1000000,324000000,324000000,324000000,1000000,4000000,0.097,277000000,207000000,622000000,0.0,8.596,7.11,7.068,474000000,0,26.01,0.688,0.684,789000000,83000000,3347000000,3347000000,0,0.124,-6.894,0.233,0.148,0,264000000,1.0,88565934,88000000,90200000,38.034,2368000000,0,52000000,0,26.818,116000000
