ticker,dimension,calendardate,datekey,reportperiod,lastupdated,accoci,assets,assetsavg,assetsc,assetsnc,assetturnover,bvps,capex,cashneq,cashnequsd,cor,consolinc,currentratio,de,debt,debtc,debtnc,debtusd,deferredrev,depamor,deposits,divyield,dps,ebit,ebitda,ebitdamargin,ebitdausd,ebitusd,ebt,eps,epsdil,epsusd,equity,equityavg,equityusd,ev,evebit,evebitda,fcf,fcfps,fxusd,gp,grossmargin,intangibles,intexp,invcap,invcapavg,inventory,investments,investmentsc,investmentsnc,liabilities,liabilitiesc,liabilitiesnc,marketcap,ncf,ncfbus,ncfcommon,ncfdebt,ncfdiv,ncff,ncfi,ncfinv,ncfo,ncfx,netinc,netinccmn,netinccmnusd,netincdis,netincnci,netmargin,opex,opinc,payables,payoutratio,pb,pe,pe1,ppnenet,prefdivis,price,ps,ps1,receivables,retearn,revenue,revenueusd,rnd,roa,roe,roic,ros,sbcomp,sgna,sharefactor,sharesbas,shareswa,shareswadil,sps,tangibles,taxassets,taxexp,taxliabilities,tbvps,workingcapital
MTRX,MRY,2011-12-31,2011-06-30,2011-06-30,2018-05-10,1436000,306436000,295692000,215550000,90886000,2.121,7.547,-10416000,59357000,59357000,552138000,18982000,2.152,0.535,0,0,0,0,35485000,11067000,0,0.0,0.0,31411000,42478000,0.068,42478000,31411000,30616000,0.72,0.71,0.72,199671000,190498750,199671000,290813992,9,6.846,12333000,0.467,1.0,74914000,0.119,36011000,795000,110892000,110784500,2249000,0,0,0,106765000,100176000,6589000,353741992,8458000,-3800000,-123000,-731000,0,-1020000,-14066000,0,22749000,795000,18982000,18982000,18982000,0,0,0.03,44014000,30900000,37177000,0.0,1.772,18.636,18.583,53311000,0,13.38,0.564,0.563,143539000,100231000,627052000,627052000,0,0.064,0.1,0.284,0.05,2395000,44014000,1.0,26438116,26406000,26686000,23.747,270425000,6006000,11634000,5789000,10.221,115374000
MTRX,MRY,2012-12-31,2012-06-30,2012-06-30,2018-05-10,771000,323135000,313445500,230516000,92619000,2.358,8.202,-13534000,39726000,39726000,659428000,17188000,2.175,0.531,0,0,0,0,30293000,11485000,0,0.0,0.0,31304000,42789000,0.058,42789000,31304000,30490000,0.66,0.65,0.66,211097000,205182000,211097000,250156799,7,5.846,-10593000,-0.409,1.0,79618000,0.108,35179000,814000,142267000,137347500,2482000,0,0,0,112038000,105963000,6075000,291531799,-19631000,241000,-8449000,-258000,0,-9350000,-12695000,0,2941000,-527000,17188000,17188000,17188000,0,0,0.023,47983000,31635000,48931000,0.0,1.381,16.961,17.167,54875000,0,11.33,0.394,0.397,176596000,117419000,739046000,739046000,0,0.055,0.084,0.228,0.042,3504000,47983000,1.0,25730962,25921000,26298000,28.511,287956000,6024000,13302000,7190000,11.188,124553000
MTRX,MRY,2013-12-31,2013-06-30,2013-06-30,2018-05-10,227000,409978000,382019250,296274000,113704000,2.336,9.13,-23231000,63750000,63750000,797872000,24008000,1.803,0.721,0,0,0,0,62848000,12782000,0,0.0,0.0,36716000,49498000,0.055,49498000,36716000,35916000,0.92,0.91,0.92,238162000,226843500,238162000,355512130,9,7.182,33853000,1.304,1.0,94702000,0.106,38387000,800000,143475000,157394000,2988000,0,0,0,171816000,164366000,7450000,406187130,24024000,-9394000,-233000,-42000,0,-238000,-32439000,0,57084000,-383000,24008000,24008000,24008000,0,0,0.027,57988000,36714000,68961000,0.0,1.706,16.919,16.935,71301000,0,15.58,0.455,0.453,214613000,141427000,892574000,892574000,0,0.063,0.106,0.233,0.041,3794000,57988000,1.0,26071061,25962000,26358000,34.38,371591000,8689000,11908000,7450000,14.245,131908000
MTRX,MRY,2014-12-31,2014-06-30,2014-06-30,2018-05-10,-182000,568932000,532910500,375548000,193384000,2.37,10.618,-23589000,77115000,77115000,1126616000,36877000,1.392,1.022,11621000,0,11621000,11621000,108440000,18518000,0,0.0,0.0,57180000,75698000,0.06,75698000,57180000,55744000,1.36,1.33,1.36,280516000,263470250,280516000,851432713,14,11.248,53399000,2.031,1.0,136473000,0.108,98513000,1436000,135064000,156985750,3045000,0,0,0,286649000,269861000,16788000,866087713,13365000,-51607000,-465000,11621000,0,12229000,-74643000,0,76988000,-1209000,35810000,35810000,35810000,0,1067000,0.028,77866000,58607000,111863000,0.0,3.087,24.186,24.11,89172000,0,32.79,0.686,0.682,277700000,177237000,1263089000,1263089000,0,0.067,0.136,0.364,0.045,3958000,77866000,1.0,26413166,26288000,26976000,48.048,470419000,8791000,19934000,5648000,17.805,105687000
MTRX,MRY,2015-12-31,2015-06-30,2015-06-30,2018-05-10,-5926000,561689000,563772750,373471000,188218000,2.382,11.013,-15773000,79239000,79239000,1255765000,-1898000,1.398,0.945,8804000,0,8804000,8804000,96704000,23480000,0,0.0,0.0,28483000,51963000,0.039,51963000,28483000,27247000,0.64,0.63,0.64,293296000,288576250,293296000,395178030,13,7.605,10467000,0.393,1.0,87370000,0.065,95479000,1236000,128688000,128802500,2773000,0,0,0,277135000,267087000,10048000,488427030,2124000,-5551000,-6737000,-2817000,0,-1008000,-20574000,0,26240000,-2534000,17157000,17157000,17157000,0,-19055000,0.013,78568000,8802000,125792000,0.0,1.665,28.468,28.563,85063000,0,18.28,0.364,0.362,285220000,194394000,1343135000,1343135000,0,0.03,0.059,0.221,0.021,6302000,78568000,1.0,26719203,26603000,27177000,50.488,466210000,4308000,10090000,4512000,17.505,106384000
MTRX,MRY,2016-12-31,2016-06-30,2016-06-30,2018-05-10,-6845000,564967000,555832000,375446000,189521000,2.36,11.982,-13939000,71656000,71656000,1185926000,25537000,1.526,0.787,0,0,0,0,58327000,21441000,0,0.0,0.0,43831000,65272000,0.05,65272000,43831000,42979000,1.09,1.07,1.09,316742000,309518000,316742000,369324850,8,5.658,19648000,0.739,1.0,125991000,0.096,99292000,852000,147989000,151571250,3935000,0,0,0,249401000,246030000,3371000,438882850,-7583000,-13049000,-14076000,-10662000,0,-13846000,-26566000,0,33587000,-758000,28863000,28863000,28863000,0,-3326000,0.022,85109000,40882000,141445000,0.0,1.386,15.206,15.128,84731000,0,16.49,0.335,0.334,294435000,223257000,1311917000,1311917000,0,0.052,0.093,0.289,0.033,6317000,85109000,1.0,26615091,26597000,27100000,49.326,465675000,3728000,14116000,5873000,17.616,129416000
MTRX,MRY,2017-12-31,2017-06-30,2017-06-30,2018-05-10,-7324000,586030000,592827750,358630000,227400000,2.02,12.099,-11908000,43805000,43805000,1116506000,138000,1.638,0.821,44682000,0,44682000,44682000,75127000,21602000,0,0.0,0.0,4336000,25938000,0.022,25938000,4336000,2125000,-0.01,-0.01,-0.01,321809000,324684750,321809000,253152878,58,9.76,-30654000,-1.155,1.0,81003000,0.068,139797000,2211000,228134000,238612500,3737000,0,0,0,264221000,218976000,45245000,248710878,-27851000,-40819000,-1732000,44682000,0,42732000,-51419000,0,-18746000,-418000,-183000,-183000,-183000,0,321000,0.0,76144000,4859000,105649000,0.0,0.773,-1359.076,-935.0,80274000,0,9.35,0.208,0.207,302133000,222974000,1197509000,1197509000,0,0.0,-0.001,0.018,0.004,7461000,76144000,1.0,26600094,26533000,26533000,45.133,446233000,7427000,2308000,297000,16.776,139654000
