ticker,dimension,calendardate,datekey,reportperiod,lastupdated,accoci,assets,assetsavg,assetsc,assetsnc,assetturnover,bvps,capex,cashneq,cashnequsd,cor,consolinc,currentratio,de,debt,debtc,debtnc,debtusd,deferredrev,depamor,deposits,divyield,dps,ebit,ebitda,ebitdamargin,ebitdausd,ebitusd,ebt,eps,epsdil,epsusd,equity,equityavg,equityusd,ev,evebit,evebitda,fcf,fcfps,fxusd,gp,grossmargin,intangibles,intexp,invcap,invcapavg,inventory,investments,investmentsc,investmentsnc,liabilities,liabilitiesc,liabilitiesnc,marketcap,ncf,ncfbus,ncfcommon,ncfdebt,ncfdiv,ncff,ncfi,ncfinv,ncfo,ncfx,netinc,netinccmn,netinccmnusd,netincdis,netincnci,netmargin,opex,opinc,payables,payoutratio,pb,pe,pe1,ppnenet,prefdivis,price,ps,ps1,receivables,retearn,revenue,revenueusd,rnd,roa,roe,roic,ros,sbcomp,sgna,sharefactor,sharesbas,shareswa,shareswadil,sps,tangibles,taxassets,taxexp,taxliabilities,tbvps,workingcapital
MTSC,MRY,2011-12-31,2011-10-01,2011-10-01,2018-05-07,16289000,427859000,395404750,324056000,103803000,1.182,13.452,-10145000,104095000,104095000,265378000,50942000,1.657,1.029,40285000,40285000,0,40285000,0,12894000,0,0.028,0.85,74220000,87114000,0.186,87114000,74220000,73305000,3.29,3.24,3.29,210848000,197161500,210848000,419203841,5,4.812,32813000,2.093,1.0,201990000,0.432,41870000,915000,126565000,118241250,65987000,0,0,0,217011000,195614000,21397000,480264841,27484000,0,3014000,37000,-9300000,-5817000,-10145000,0,42958000,488000,50942000,50942000,50942000,0,0,0.109,128796000,73194000,27794000,0.258,2.278,9.428,9.313,56252000,0,30.64,1.028,1.028,137064000,185332000,467368000,467368000,14785000,0.129,0.258,0.628,0.159,2269000,114011000,1.0,15674440,15674440,,29.817,385989000,13669000,22363000,22034000,24.625,128442000
MTSC,MRY,2012-12-31,2012-09-29,2012-09-29,2018-05-07,10901000,409438000,446959750,300903000,108535000,1.213,14.074,-15625000,79852000,79852000,306064000,51556000,1.878,0.806,230000,230000,0,230000,0,13782000,0,0.02,1.05,80085000,93867000,0.173,93867000,80085000,79780000,3.24,3.21,3.24,226719000,237019250,226719000,757373053,9,8.069,49400000,3.067,1.0,236192000,0.436,39316000,305000,130268000,134747250,67979000,0,0,0,182719000,160232000,22487000,862646053,-24243000,0,-17437000,-40458000,-15874000,-72541000,-15625000,0,65025000,-1102000,51556000,51556000,51556000,0,0,0.095,155681000,80511000,33744000,0.324,3.805,16.732,16.528,61653000,0,53.55,1.591,1.591,135425000,211256000,542256000,542256000,21893000,0.115,0.218,0.594,0.148,2144000,126038000,1.0,16109170,16109170,,33.661,370122000,13535000,28224000,16474000,22.976,140671000
MTSC,MRY,2013-12-31,2013-09-28,2013-09-28,2018-05-07,12337000,451277000,425274250,329263000,122014000,1.339,16.437,-29690000,48333000,48333000,337500000,57806000,1.891,0.759,35000000,35000000,0,35000000,0,16589000,0,0.019,1.2,79588000,96177000,0.169,96177000,79588000,79254000,3.69,3.64,3.69,256537000,249011250,256537000,949841036,11,9.876,-31749000,-2.034,1.0,231939000,0.407,36280000,334000,227501000,196821250,77989000,0,0,0,194740000,174163000,20577000,993409036,-31519000,0,-16122000,34708000,-19113000,1280000,-29690000,0,-2059000,-1050000,57806000,57806000,57806000,0,0,0.102,151984000,79955000,29816000,0.325,3.872,17.185,17.249,78399000,0,63.65,1.745,1.745,178848000,240348000,569439000,569439000,22812000,0.136,0.232,0.404,0.14,1929000,129172000,1.0,15607369,15607369,,36.485,414997000,14052000,21448000,18709000,26.59,155100000
MTSC,MRY,2014-12-31,2014-09-27,2014-09-27,2018-05-07,5824000,487408000,468063250,350982000,136426000,1.206,17.029,-20038000,60397000,60397000,340685000,42009000,1.729,0.888,60000000,60000000,0,60000000,0,19279000,0,0.017,1.2,59135000,78414000,0.139,78414000,59135000,58443000,2.76,2.73,2.76,258127000,253321750,258127000,1049001054,17,13.378,44631000,2.933,1.0,223643000,0.396,47301000,692000,236729000,233075750,83557000,0,0,0,229281000,202981000,26300000,1040606054,12064000,-14192000,-23423000,24552000,-18330000,-15928000,-34230000,0,64669000,-2447000,42009000,42009000,42009000,0,0,0.074,163387000,60256000,27189000,0.435,4.031,24.771,24.906,81575000,0,68.74,1.844,1.854,180161000,242396000,564328000,564328000,23844000,0.09,0.166,0.254,0.105,4038000,139543000,1.0,15138290,15218000,15397000,37.083,440107000,16786000,16434000,19717000,29.035,148001000
MTSC,MRY,2015-12-31,2015-10-03,2015-10-03,2018-05-07,-5577000,460831000,479658250,327713000,133118000,1.176,17.283,-18445000,51768000,51768000,344321000,45462000,1.855,0.785,21183000,21183000,0,21183000,0,21106000,0,0.021,1.2,59967000,81073000,0.144,81073000,59967000,59172000,3.03,3.0,3.03,258142000,253429500,258142000,845250916,14,10.426,81991000,5.472,1.0,219613000,0.389,47383000,795000,206211000,224290000,86303000,0,0,0,202689000,176652000,26037000,862345916,-8629000,-667000,-24268000,-38817000,-22445000,-84785000,-19112000,0,100436000,-5168000,45462000,45462000,45462000,0,0,0.081,158117000,61496000,32994000,0.396,3.341,18.968,19.053,80454000,0,57.73,1.529,1.534,167348000,255711000,563934000,563934000,23705000,0.095,0.179,0.267,0.106,6580000,134412000,1.0,14937570,14984000,15142000,37.636,413448000,17461000,13710000,18066000,27.681,151061000
MTSC,MRY,2016-12-31,2016-10-01,2016-10-01,2018-05-07,-10373000,1188020000,706124000,440265000,747755000,0.921,21.356,-19292000,84780000,84780000,418743000,27494000,2.037,1.932,464851000,9850000,455001000,464851000,0,24077000,0,0.026,1.2,42001000,66078000,0.102,66078000,42001000,33512000,1.72,1.7,1.72,405260000,329392500,405260000,577769881,13,8.744,48589000,3.032,1.0,231404000,0.356,636489000,8489000,715481000,335250250,132566000,0,0,0,782760000,216121000,566639000,767549881,33012000,-580920000,59734000,466043000,-13932000,564479000,-600212000,0,67881000,864000,27494000,27494000,27494000,0,0,0.042,189641000,41763000,46383000,0.698,1.894,27.917,26.762,100789000,0,46.03,1.181,1.135,210126000,256589000,650147000,650147000,25336000,0.039,0.083,0.125,0.065,7037000,164305000,1.0,16674992,16027000,16179000,40.566,551531000,5416000,6018000,95697000,29.065,224144000
MTSC,MRY,2017-12-31,2017-09-30,2017-09-30,2018-05-07,-553000,1189692000,1178505500,457249000,732443000,0.669,22.421,-17753000,108733000,108733000,485677000,25084000,1.848,1.775,457639000,39095000,418544000,457639000,0,35523000,0,0.022,1.2,53832000,89355000,0.113,89355000,53832000,23011000,1.32,1.31,1.32,428777000,412619500,428777000,1264581476,23,14.152,53899000,2.831,1.0,302278000,0.384,624841000,30821000,666368000,687396250,127728000,0,0,0,760915000,247389000,513526000,906278476,23953000,-853000,3794000,-4881000,-20079000,-30481000,-18606000,0,71652000,1388000,25084000,25084000,25084000,0,0,0.032,247450000,54828000,47515000,0.909,2.114,36.13,40.492,99930000,0,53.45,1.15,1.292,200908000,261258000,787955000,787955000,34999000,0.021,0.061,0.078,0.068,5392000,212451000,1.0,16955631,19040000,19137000,41.384,564851000,3556000,-2073000,85300000,29.536,209860000
