ticker,dimension,calendardate,datekey,reportperiod,lastupdated,accoci,assets,assetsavg,assetsc,assetsnc,assetturnover,bvps,capex,cashneq,cashnequsd,cor,consolinc,currentratio,de,debt,debtc,debtnc,debtusd,deferredrev,depamor,deposits,divyield,dps,ebit,ebitda,ebitdamargin,ebitdausd,ebitusd,ebt,eps,epsdil,epsusd,equity,equityavg,equityusd,ev,evebit,evebitda,fcf,fcfps,fxusd,gp,grossmargin,intangibles,intexp,invcap,invcapavg,inventory,investments,investmentsc,investmentsnc,liabilities,liabilitiesc,liabilitiesnc,marketcap,ncf,ncfbus,ncfcommon,ncfdebt,ncfdiv,ncff,ncfi,ncfinv,ncfo,ncfx,netinc,netinccmn,netinccmnusd,netincdis,netincnci,netmargin,opex,opinc,payables,payoutratio,pb,pe,pe1,ppnenet,prefdivis,price,ps,ps1,receivables,retearn,revenue,revenueusd,rnd,roa,roe,roic,ros,sbcomp,sgna,sharefactor,sharesbas,shareswa,shareswadil,sps,tangibles,taxassets,taxexp,taxliabilities,tbvps,workingcapital
MXIM,MRY,2011-12-31,2011-06-25,2011-06-25,2018-04-28,-14268000,3527743000,3412739000,1727852000,1799891000,0.724,8.49,-147629000,1012887000,1012887000,942377000,489009000,4.17,0.405,300000000,0,300000000,300000000,36881000,205062000,0,0.035,0.84,661671000,866733000,0.351,866733000,661671000,661671000,1.65,1.61,1.65,2510818000,2425686000,2510818000,6499513991,9,7.499,713825000,2.405,1.0,1529964000,0.619,469388000,0,1931128000,2000788250,237928000,0,0,0,1016925000,414340000,602585000,7118360991,136029000,-80918000,-206156000,-1422000,-249145000,-447091000,-278334000,-49787000,861454000,0,489009000,489009000,489009000,0,0,0.198,856925000,673039000,110153000,0.509,2.835,14.557,14.606,1308850000,0,24.1,2.879,2.893,297632000,2524790000,2472341000,2472341000,525308000,0.143,0.202,0.331,0.268,111974000,292494000,1.0,295367676,296755000,303377000,8.331,3058355000,113427000,172662000,283726000,10.341,1313512000
MXIM,MRY,2012-12-31,2012-06-30,2012-06-30,2018-04-28,-15434000,3737946000,3612605250,1699366000,2038580000,0.665,8.67,-247465000,956386000,956386000,952677000,386727000,2.25,0.473,309088000,303496000,5592000,309088000,26280000,211096000,0,0.034,0.88,564542000,775638000,0.323,775638000,564542000,564542000,1.32,1.29,1.32,2538277000,2514624250,2538277000,6864854790,12,8.851,509257000,1.739,1.0,1450852000,0.604,631986000,0,1703273000,1910971750,242162000,0,0,0,1199669000,755389000,444280000,7492110790,-81481000,-111937000,-192383000,-20806000,-257731000,-453438000,-384765000,-25363000,756722000,0,386727000,386727000,386727000,-31809000,0,0.161,916055000,534797000,147086000,0.667,2.952,19.373,19.424,1353606000,0,25.64,3.117,3.124,317461000,2553418000,2403529000,2403529000,552379000,0.107,0.154,0.295,0.235,75497000,321273000,1.0,292204009,292810000,300002000,8.208,3105960000,98180000,177815000,433480000,10.609,943977000
MXIM,MRY,2013-12-31,2013-06-29,2013-06-29,2018-04-28,-15747000,3935910000,3928288750,1939906000,1996004000,0.622,8.613,-186690000,1200046000,1200046000,944892000,454912000,4.791,0.569,503573000,0,503573000,503573000,26557000,207136000,0,0.035,0.96,572882000,780018000,0.319,780018000,572882000,572882000,1.56,1.52,1.56,2507998000,2567553250,2507998000,7320802549,12,9.385,631245000,2.163,1.0,1496567000,0.613,579150000,0,2255394000,2014200750,275640000,0,0,0,1427912000,404893000,1023019000,8085990549,293926000,-2767000,-296538000,186974000,-280215000,-384637000,-139372000,50085000,817935000,0,454912000,454912000,454912000,-2603000,0,0.186,908248000,588319000,105322000,0.615,3.224,17.775,17.808,1373124000,0,27.78,3.312,3.321,285438000,2523457000,2441459000,2441459000,534819000,0.116,0.177,0.284,0.235,73082000,324282000,1.0,291072374,291835000,298596000,8.366,3356760000,82173000,117970000,511989000,11.527,1535013000
MXIM,MRY,2014-12-31,2014-06-28,2014-06-28,2018-04-28,-17173000,4405618000,4207765500,2086702000,2318916000,0.583,8.573,-127230000,1372425000,1372425000,1068898000,354810000,5.235,0.813,1001026000,0,1001026000,1001026000,25734000,244593000,0,0.031,1.04,409226000,653819000,0.266,653819000,409226000,409226000,1.25,1.23,1.25,2429911000,2396253750,2429911000,9358974907,22,14.314,648877000,2.29,1.0,1384765000,0.564,957631000,0,2677953000,2635443250,289292000,0,0,0,1975707000,398635000,1577072000,9586825907,147486000,-459256000,-224250000,489756000,-294175000,-19182000,-609439000,-22953000,776107000,0,354810000,354810000,354810000,0,0,0.145,962474000,422291000,102076000,0.832,3.945,27.02,27.128,1331519000,0,33.91,3.907,3.916,295828000,2423794000,2453663000,2453663000,558168000,0.084,0.148,0.155,0.167,71192000,324734000,1.0,282713828,283344000,289108000,8.66,3447987000,74597000,54416000,542746000,12.165,1688067000
MXIM,MRY,2015-12-31,2015-06-27,2015-06-27,2018-04-28,-17234000,4216071000,4203360000,2319403000,1896668000,0.549,8.058,-46781000,1626119000,1626119000,1034997000,206038000,6.053,0.841,988711000,1024000,987687000,988711000,30327000,299396000,0,0.032,1.12,246170000,545566000,0.236,545566000,246170000,246170000,0.73,0.71,0.73,2290020000,2299253500,2290020000,9401686089,38,17.233,646925000,2.281,1.0,1271867000,0.551,773299000,0,2422187000,2570541250,288474000,0,0,0,1926051000,383177000,1542874000,9869025089,228493000,35550000,-123343000,-437000,-317909000,-429140000,-36073000,-25342000,693706000,0,206038000,206038000,206038000,0,0,0.089,1034587000,237280000,88322000,1.534,4.31,47.899,47.603,1090739000,0,34.75,4.278,4.273,278844000,2279112000,2306864000,2306864000,521772000,0.049,0.09,0.096,0.107,75097000,308065000,1.0,284000722,283675000,288949000,8.132,3442772000,77306000,40132000,535745000,12.114,1936226000
MXIM,MRY,2016-12-31,2016-06-25,2016-06-25,2018-04-28,-14219000,4234616000,4024612750,2807048000,1427568000,0.545,7.413,15773000,2230668000,2230668000,950331000,227475000,4.606,1.009,1239807000,249717000,990090000,1239807000,38779000,244637000,0,0.034,1.2,285054000,529691000,0.241,529691000,285054000,285054000,0.8,0.79,0.8,2107814000,2127550500,2107814000,9118872827,31,17.215,737658000,2.588,1.0,1244388000,0.567,637188000,0,1997164000,2122371750,227929000,0,0,0,2126802000,609403000,1517399000,9979288827,554264000,105000000,-147587000,249717000,-342023000,-230343000,62722000,-60431000,721885000,0,227475000,227475000,227475000,0,0,0.104,930539000,313849000,82535000,1.5,4.734,43.87,43.875,692551000,0,35.1,4.547,4.559,256531000,2121749000,2194719000,2194719000,467161000,0.057,0.107,0.134,0.13,67526000,288899000,1.0,284310223,285081000,289479000,7.699,3597428000,0,57579000,502554000,12.651,2197645000
MXIM,MRY,2017-12-31,2017-06-24,2017-06-24,2018-04-28,-9890000,4570233000,4182151500,3305594000,1264639000,0.549,7.796,-40629000,2744839000,2744839000,849135000,571613000,11.848,1.075,1487678000,0,1487678000,1487678000,14974000,164292000,0,0.029,1.32,679589000,843881000,0.368,843881000,679589000,679589000,2.02,1.98,2.02,2202694000,2160607500,2202694000,11810448256,17,13.995,733028000,2.589,1.0,1446480000,0.63,581882000,0,2452193000,2102810250,247242000,0,0,0,2367539000,278997000,2088542000,12974452256,140892000,42199000,-179710000,246312000,-373971000,-307369000,-325396000,-326966000,773657000,0,571613000,571613000,571613000,0,0,0.249,751703000,694777000,77373000,0.653,5.89,22.698,22.733,606581000,0,45.92,5.652,5.664,256454000,2212301000,2295615000,2295615000,453977000,0.137,0.265,0.323,0.296,71117000,291511000,1.0,282544692,283147000,287974000,8.108,3988351000,0,107976000,561186000,14.116,3026597000
