ticker,dimension,calendardate,datekey,reportperiod,lastupdated,accoci,assets,assetsavg,assetsc,assetsnc,assetturnover,bvps,capex,cashneq,cashnequsd,cor,consolinc,currentratio,de,debt,debtc,debtnc,debtusd,deferredrev,depamor,deposits,divyield,dps,ebit,ebitda,ebitdamargin,ebitdausd,ebitusd,ebt,eps,epsdil,epsusd,equity,equityavg,equityusd,ev,evebit,evebitda,fcf,fcfps,fxusd,gp,grossmargin,intangibles,intexp,invcap,invcapavg,inventory,investments,investmentsc,investmentsnc,liabilities,liabilitiesc,liabilitiesnc,marketcap,ncf,ncfbus,ncfcommon,ncfdebt,ncfdiv,ncff,ncfi,ncfinv,ncfo,ncfx,netinc,netinccmn,netinccmnusd,netincdis,netincnci,netmargin,opex,opinc,payables,payoutratio,pb,pe,pe1,ppnenet,prefdivis,price,ps,ps1,receivables,retearn,revenue,revenueusd,rnd,roa,roe,roic,ros,sbcomp,sgna,sharefactor,sharesbas,shareswa,shareswadil,sps,tangibles,taxassets,taxexp,taxliabilities,tbvps,workingcapital
MYGN,MRY,2011-12-31,2011-06-30,2011-06-30,2018-05-09,151000,610827000,593139500,418261000,192566000,0.678,6.581,-3792000,52681000,52681000,46714000,100710000,12.163,0.078,0,0,0,0,1347000,7219000,0,0.0,0.0,159651000,166870000,0.415,166870000,159651000,159651000,1.12,1.1,1.12,566792000,555866000,566792000,1879683653,11,11.264,127038000,1.415,1.0,355370000,0.884,72766000,0,450993000,469220250,8218000,364633000,293776000,70857000,44035000,34387000,9648000,1947061653,-40159000,-79417000,-175430000,0,0,-116599000,-54390000,30919000,130830000,0,100710000,100710000,100710000,0,0,0.25,197592000,157778000,11395000,0.0,3.435,19.333,20.277,23080000,0,22.71,4.842,5.072,50847000,-38630000,402084000,402084000,27751000,0.17,0.181,0.34,0.397,-33743000,169841000,1.0,85735872,89794000,91704000,4.478,538061000,35653000,58941000,9648000,6.248,383874000
MYGN,MRY,2012-12-31,2012-06-30,2012-06-30,2018-05-09,-162000,690635000,665720250,422492000,268143000,0.745,7.542,-9408000,86352000,86352000,64659000,112151000,9.396,0.086,0,0,0,0,2054000,9069000,0,0.0,0.0,184540000,193609000,0.39,193609000,184540000,184540000,1.33,1.3,1.33,635660000,620902750,635660000,1912412701,10,9.878,132396000,1.565,1.0,431346000,0.87,72572000,0,486744000,464994500,11574000,386872000,254180000,132692000,54975000,44967000,10008000,2017264701,33671000,-8799000,-103438000,0,0,-69245000,-38888000,-2831000,141804000,0,112151000,112151000,112151000,0,0,0.226,251028000,180318000,10141000,0.0,3.173,17.987,17.872,24231000,0,23.77,4.067,4.055,63101000,-12684000,496005000,496005000,42645000,0.168,0.181,0.397,0.372,-7918000,208383000,1.0,84865995,84608000,86465000,5.862,618063000,36220000,72389000,10008000,7.333,377525000
MYGN,MRY,2013-12-31,2013-06-30,2013-06-30,2018-05-09,-424000,803821000,738414000,483992000,319829000,0.83,9.114,-11400000,104073000,104073000,79700000,147200000,7.503,0.103,0,0,0,0,2043000,8900000,0,0.0,0.0,233300000,242200000,0.395,242200000,233300000,233300000,1.82,1.77,1.82,728594000,672802500,728594000,2028003088,8,8.373,162500000,2.009,1.0,533500000,0.87,70180000,0,565059000,517214750,5007000,448658000,268243000,180415000,75227000,64509000,10718000,2140326088,17700000,0,-88500000,0,0,-80600000,-74900000,-63500000,173900000,-700000,147200000,147200000,147200000,0,0,0.24,305500000,228000000,18132000,0.0,2.938,14.54,14.764,27602000,0,26.87,3.49,3.545,96978000,30866000,613200000,613200000,53700000,0.199,0.219,0.451,0.38,18700000,251800000,1.0,79654860,80900000,83300000,7.58,733641000,37367000,86100000,10718000,9.177,419483000
MYGN,MRY,2014-12-31,2014-06-30,2014-06-30,2018-05-09,-1500000,823800000,794641250,322400000,501400000,0.979,9.679,-14300000,64800000,64800000,109200000,176200000,4.0,0.146,0,0,0,0,1100000,13800000,0,0.0,0.0,277800000,291600000,0.375,291600000,277800000,277800000,2.33,2.25,2.33,719000000,701871250,719000000,2826343984,10,9.693,175900000,2.324,1.0,669000000,0.86,374500000,0,303900000,420758250,23900000,205700000,121600000,84100000,104800000,80600000,24200000,2912141984,-39300000,-223500000,-222900000,0,0,-211800000,-17100000,220700000,190200000,-600000,176200000,176200000,176200000,0,0,0.226,394600000,274400000,23100000,0.0,4.05,16.527,16.704,34600000,0,38.92,3.742,3.786,85100000,2000000,778200000,778200000,67500000,0.222,0.251,0.66,0.357,16000000,327100000,1.0,74823792,75700000,78200000,10.28,449300000,23300000,101600000,24200000,6.049,241800000
MYGN,MRY,2015-12-31,2015-06-30,2015-06-30,2018-05-09,-7000000,766200000,784027250,283600000,482600000,0.922,9.568,-23900000,64100000,64100000,147400000,80200000,4.128,0.157,0,0,0,0,1500000,25000000,0,0.0,0.0,135100000,160100000,0.221,160100000,135100000,134900000,1.12,1.08,1.12,662100000,684347250,662100000,2305438443,17,14.4,116600000,1.635,1.0,575700000,0.796,369800000,200000,263600000,272292750,25100000,121300000,80700000,40600000,104100000,68700000,35400000,2360647443,-700000,-20100000,-180700000,0,0,-177300000,40900000,84900000,140500000,-4800000,80200000,80200000,80200000,0,0,0.111,441500000,134200000,21100000,0.0,3.565,29.435,30.348,67200000,0,33.99,3.265,3.352,87700000,-77000000,723100000,723100000,75500000,0.102,0.117,0.496,0.187,42300000,366000000,1.0,69451234,71300000,74500000,10.142,396400000,13500000,54700000,26600000,5.728,214900000
MYGN,MRY,2016-12-31,2016-06-30,2016-06-30,2018-05-09,-9500000,880500000,851850000,314500000,566000000,0.885,10.733,-5000000,68500000,68500000,157300000,125300000,4.35,0.177,0,0,0,0,1700000,26700000,0,0.0,0.0,169200000,195900000,0.26,195900000,169200000,168900000,1.79,1.71,1.79,748100000,744050000,748100000,2030648482,12,10.366,161300000,2.304,1.0,596500000,0.791,422800000,300000,316900000,304775000,38300000,170400000,90500000,79900000,132400000,72300000,60100000,2151148482,4400000,-37000000,-68300000,0,0,-68300000,-91400000,-49400000,166300000,-2200000,125300000,125300000,125300000,0,0,0.166,429700000,166800000,21100000,0.0,2.875,17.168,17.095,58300000,0,30.6,2.854,2.842,95000000,-73200000,753800000,753800000,70600000,0.147,0.168,0.555,0.224,31600000,359100000,1.0,70298970,70000000,73400000,10.769,457700000,3800000,43600000,41900000,6.567,242200000
MYGN,MRY,2017-12-31,2017-06-30,2017-06-30,2018-05-09,-5500000,1224400000,1259800000,317100000,907300000,0.612,11.295,-6100000,102400000,102400000,171200000,21600000,1.458,0.574,99100000,0,99100000,99100000,2600000,48300000,0,0.0,0.0,49100000,97400000,0.126,97400000,49100000,43100000,0.32,0.32,0.32,778200000,748700000,778200000,1803480748,36,18.516,100100000,1.466,1.0,600200000,0.778,807700000,6000000,195900000,303475000,42200000,96800000,48300000,48500000,446600000,217500000,229100000,1760180748,33900000,-216100000,-25600000,98000000,0,71800000,-146300000,75900000,106200000,2200000,21800000,21800000,21800000,0,-200000,0.028,550800000,49400000,22000000,0.0,2.262,80.742,80.75,51100000,0,25.84,2.282,2.288,111300000,-68400000,771400000,771400000,74400000,0.017,0.029,0.162,0.064,29900000,476400000,1.0,68118450,68300000,68800000,11.294,416700000,200000,21300000,109600000,6.048,99600000
