ticker,dimension,calendardate,datekey,reportperiod,lastupdated,accoci,assets,assetsavg,assetsc,assetsnc,assetturnover,bvps,capex,cashneq,cashnequsd,cor,consolinc,currentratio,de,debt,debtc,debtnc,debtusd,deferredrev,depamor,deposits,divyield,dps,ebit,ebitda,ebitdamargin,ebitdausd,ebitusd,ebt,eps,epsdil,epsusd,equity,equityavg,equityusd,ev,evebit,evebitda,fcf,fcfps,fxusd,gp,grossmargin,intangibles,intexp,invcap,invcapavg,inventory,investments,investmentsc,investmentsnc,liabilities,liabilitiesc,liabilitiesnc,marketcap,ncf,ncfbus,ncfcommon,ncfdebt,ncfdiv,ncff,ncfi,ncfinv,ncfo,ncfx,netinc,netinccmn,netinccmnusd,netincdis,netincnci,netmargin,opex,opinc,payables,payoutratio,pb,pe,pe1,ppnenet,prefdivis,price,ps,ps1,receivables,retearn,revenue,revenueusd,rnd,roa,roe,roic,ros,sbcomp,sgna,sharefactor,sharesbas,shareswa,shareswadil,sps,tangibles,taxassets,taxexp,taxliabilities,tbvps,workingcapital
NATH,MRY,2011-12-31,2011-03-27,2011-03-27,2018-02-02,481000,52958000,54454250,44419000,8539000,1.051,7.048,-1245000,13912000,13912000,37659000,2213000,3.426,0.391,0,0,0,0,0,915000,0,0.0,0.0,3383000,4298000,0.075,4298000,3383000,3320000,0.41,0.4,0.41,38078000,42262500,38078000,75988552,22,17.68,5981000,1.107,1.0,19596000,0.342,1448000,63000,24633000,29733750,1139000,19827000,19827000,0,14880000,12965000,1915000,86907552,-2669000,0,-9046000,0,0,-8690000,-1205000,5012000,7226000,0,2213000,2213000,2213000,0,0,0.039,15950000,3646000,3587000,0.0,2.282,39.271,41.707,5786000,0,17.1,1.518,1.614,6120000,19010000,57255000,57255000,0,0.041,0.052,0.114,0.059,378000,10125000,1.0,5082313,5403000,5504000,10.597,51510000,3268000,1107000,0,9.534,31454000
NATH,MRY,2012-12-31,2012-03-25,2012-03-25,2018-02-02,497000,44520000,52274000,35550000,8970000,1.267,6.327,-1358000,11448000,11448000,45221000,6158000,2.621,0.544,0,0,0,0,0,965000,0,0.0,0.0,10484000,11449000,0.173,11449000,10484000,10007000,1.26,1.22,1.26,28837000,37430500,28837000,70233595,6,6.134,8254000,1.682,1.0,21001000,0.317,1448000,477000,18063000,21132000,1125000,14710000,14710000,0,15683000,13561000,2122000,91372595,-2911000,0,-15802000,0,0,-15689000,3166000,4971000,9612000,0,6158000,6158000,6158000,0,0,0.093,10517000,10484000,3355000,0.0,3.169,14.838,16.675,6179000,0,21.01,1.38,1.557,6535000,25168000,66222000,66222000,0,0.118,0.165,0.496,0.158,274000,9552000,1.0,4349005,4906000,5049000,13.498,43072000,1216000,3849000,0,9.45,21989000
NATH,MRY,2013-12-31,2013-03-31,2013-03-31,2018-02-02,329000,49662000,48745750,40988000,8674000,1.458,7.74,-998000,19277000,19277000,47574000,7468000,3.044,0.454,0,0,0,0,0,940000,0,0.0,0.0,12592000,13532000,0.19,13532000,12592000,12139000,1.7,1.63,1.7,34148000,33606500,34148000,167132090,13,12.351,8496000,1.931,1.0,23495000,0.331,1448000,453000,15474000,16448750,1046000,12807000,12307000,500000,15514000,13463000,2051000,187186090,7374000,0,-2696000,0,0,-2616000,496000,1500000,9494000,0,7468000,7468000,7468000,0,0,0.105,11377000,12118000,2991000,0.0,5.482,25.065,24.853,5788000,0,42.25,2.634,2.616,6917000,32636000,71069000,71069000,0,0.153,0.222,0.766,0.177,627000,10437000,1.0,4430440,4400000,4588000,16.152,48214000,825000,4671000,0,10.928,27525000
NATH,MRY,2014-12-31,2014-03-30,2014-03-30,2018-02-02,149000,56135000,54280250,45189000,10946000,1.469,9.845,-4339000,22077000,22077000,56214000,8327000,4.606,0.279,0,0,0,0,0,1157000,0,0.0,0.0,13696000,14853000,0.186,14853000,13696000,13561000,1.87,1.81,1.87,43897000,41817750,43897000,199402385,14,13.425,-1463000,-0.329,1.0,23538000,0.295,1448000,135000,22799000,23151750,947000,11187000,11187000,0,12238000,9811000,2427000,217523385,8674000,0,-542000,0,0,881000,4917000,671000,2876000,0,8327000,8327000,8327000,0,0,0.104,9843000,13695000,4826000,0.0,4.955,26.123,26.086,8970000,0,48.78,2.727,2.722,7823000,40963000,79752000,79752000,0,0.153,0.199,0.592,0.172,721000,11460000,1.0,4459274,4450000,4605000,17.922,54687000,26000,5234000,734000,12.264,35378000
NATH,MRY,2015-12-31,2015-03-29,2015-03-29,2018-02-02,47000,84389000,67170750,73337000,11052000,1.476,-13.257,-1538000,51393000,51393000,65698000,11703000,6.107,-2.409,129140000,0,129140000,129140000,0,1253000,0,0.0,0.0,20221000,21474000,0.217,21474000,20221000,19405000,2.61,2.55,2.61,-59908000,22581250,-59908000,296240546,14,13.795,11747000,2.619,1.0,33414000,0.337,1448000,816000,148679000,52437250,822000,7091000,7091000,0,144297000,12009000,132288000,330777546,29316000,0,-1036000,129074000,-115110000,13807000,2224000,3762000,13285000,0,11703000,11703000,11703000,0,0,0.118,13456000,19958000,5319000,0.0,-5.521,28.264,28.184,9257000,0,73.56,3.337,3.329,9499000,-63444000,99112000,99112000,0,0.174,0.518,0.386,0.204,859000,12203000,1.0,4496704,4486000,4588000,22.094,82941000,0,7702000,751000,18.354,61328000
NATH,MRY,2016-12-31,2016-03-27,2016-03-27,2018-02-02,0,71549000,79998250,60979000,10570000,1.261,-16.83,-992000,50228000,50228000,61555000,6096000,5.445,-1.989,130266000,0,130266000,130266000,0,1255000,0,0.595,25.0,25014000,26269000,0.26,26269000,25014000,10384000,1.38,1.37,1.38,-72336000,-65448250,-72336000,253037785,10,9.633,11488000,2.593,1.0,39335000,0.39,1448000,14630000,138939000,140542250,687000,0,0,0,143885000,11200000,132685000,182776785,-1165000,0,-19142000,-60000,-375000,-19634000,5989000,6981000,12480000,0,6096000,6096000,6096000,0,0,0.06,14372000,24963000,4887000,18.116,-2.527,29.983,30.457,9013000,0,42.03,1.812,1.846,8721000,-57348000,100890000,100890000,0,0.076,-0.093,0.178,0.248,722000,13117000,1.0,4348722,4430000,4463000,22.774,70101000,0,4288000,713000,16.31,49779000
NATH,MRY,2017-12-31,2017-03-26,2017-03-26,2018-02-02,0,78125000,77423250,67535000,10590000,1.248,-15.926,-1128000,56915000,56915000,55416000,7485000,6.269,-2.175,131475000,0,131475000,131475000,0,1297000,0,0.0,0.0,26469000,27766000,0.287,27766000,26469000,11804000,1.79,1.78,1.79,-66491000,-68055750,-66491000,328077543,12,11.816,9284000,2.225,1.0,41236000,0.427,1448000,14665000,140465000,139600250,579000,0,0,0,144616000,10772000,133844000,253304543,6687000,0,-1228000,0,-375000,-2597000,-1128000,0,10412000,0,7485000,7485000,7485000,0,0,0.077,14956000,26280000,4809000,0.0,-3.81,33.842,33.883,8844000,0,60.65,2.621,2.618,8948000,-49863000,96652000,96652000,0,0.097,-0.11,0.19,0.274,1241000,13659000,1.0,4176497,4172000,4206000,23.167,76677000,0,4319000,814000,18.366,56763000
