ticker,dimension,calendardate,datekey,reportperiod,lastupdated,accoci,assets,assetsavg,assetsc,assetsnc,assetturnover,bvps,capex,cashneq,cashnequsd,cor,consolinc,currentratio,de,debt,debtc,debtnc,debtusd,deferredrev,depamor,deposits,divyield,dps,ebit,ebitda,ebitdamargin,ebitdausd,ebitusd,ebt,eps,epsdil,epsusd,equity,equityavg,equityusd,ev,evebit,evebitda,fcf,fcfps,fxusd,gp,grossmargin,intangibles,intexp,invcap,invcapavg,inventory,investments,investmentsc,investmentsnc,liabilities,liabilitiesc,liabilitiesnc,marketcap,ncf,ncfbus,ncfcommon,ncfdebt,ncfdiv,ncff,ncfi,ncfinv,ncfo,ncfx,netinc,netinccmn,netinccmnusd,netincdis,netincnci,netmargin,opex,opinc,payables,payoutratio,pb,pe,pe1,ppnenet,prefdivis,price,ps,ps1,receivables,retearn,revenue,revenueusd,rnd,roa,roe,roic,ros,sbcomp,sgna,sharefactor,sharesbas,shareswa,shareswadil,sps,tangibles,taxassets,taxexp,taxliabilities,tbvps,workingcapital
NBIX,MRY,2011-12-31,2011-12-31,2011-12-31,2018-04-30,-87000,138368000,137199500,132476000,5892000,0.564,1.087,-505000,54413000,54413000,0,37571000,2.812,1.303,0,0,0,0,37161000,694000,0,0.0,0.0,37571000,38265000,0.494,38265000,37571000,37571000,0.68,0.67,0.68,60081000,41595500,60081000,424037788,11,11.082,-1203000,-0.022,1.0,77413000,1.0,0,0,36845000,49682500,0,78996000,78996000,0,78287000,47110000,31177000,469681788,-3944000,0,286000,0,0,286000,-3532000,-4823000,-698000,0,37571000,37571000,37571000,0,0,0.485,43491000,33922000,1111000,0.0,7.817,12.501,12.5,1586000,0,8.5,6.067,6.058,1903000,-724698000,77413000,77413000,30951000,0.274,0.903,0.756,0.485,2918000,12458000,1.0,55256681,55176000,56347000,1.403,138368000,0,0,0,2.504,85366000
NBIX,MRY,2012-12-31,2012-12-31,2012-12-31,2018-04-30,-2000,195979000,200364500,189264000,6715000,0.265,2.324,-939000,68089000,68089000,0,5025000,12.097,0.27,0,0,0,0,2919000,657000,0,0.0,0.0,5025000,5682000,0.107,5682000,5025000,5025000,0.08,0.08,0.08,154372000,146561000,154372000,447735481,89,78.799,-36233000,-0.552,1.0,53140000,1.0,0,0,112244000,113101750,0,109739000,109259000,480000,41607000,15646000,25961000,496557481,13647000,0,83702000,0,0,83702000,-34761000,-33793000,-35294000,0,5025000,5025000,5025000,0,0,0.095,51692000,1448000,911000,0.0,3.217,98.817,93.5,1900000,0,7.48,9.344,9.237,14089000,-719673000,53140000,53140000,37163000,0.025,0.034,0.044,0.095,5479000,13437000,1.0,66384690,65619000,66946000,0.81,195979000,0,0,0,2.951,173618000
NBIX,MRY,2013-12-31,2013-12-31,2013-12-31,2018-04-30,5000,154676000,169845000,148462000,6214000,0.017,1.788,-505000,49232000,49232000,0,-46090000,12.69,0.285,0,0,0,0,0,671000,0,0.0,0.0,-46090000,-45419000,-15.56,-45419000,-46090000,-46090000,-0.69,-0.69,-0.69,120410000,132667750,120410000,589763299,-12,-12.985,-30112000,-0.45,1.0,2919000,1.0,0,0,93745000,113228750,0,100950000,100950000,0,34266000,11699000,22567000,628987299,-18965000,0,5302000,0,0,5302000,5340000,5953000,-29607000,0,-46090000,-46090000,-46090000,0,0,-15.79,52597000,-49678000,101000,0.0,5.224,-13.647,-13.536,1771000,0,9.34,215.48,214.346,0,-765763000,2919000,2919000,39248000,-0.271,-0.347,-0.407,-15.79,6819000,13349000,1.0,67343394,66989000,66989000,0.044,154676000,0,0,0,2.297,136763000
NBIX,MRY,2014-12-31,2014-12-31,2014-12-31,2018-04-30,-277000,243033000,262404750,198203000,44830000,0.0,2.74,-1567000,35845000,35845000,0,-60542000,12.653,0.165,0,0,0,0,0,827000,0,0.0,0.0,-60542000,-59715000,,-59715000,-60542000,-60542000,-0.81,-0.81,-0.81,208699000,229159500,208699000,1664466162,-27,-27.874,-48707000,-0.653,1.0,0,,0,0,191524000,194013000,0,200287000,162795000,37492000,34334000,15664000,18670000,1697955162,-13775000,0,138731000,0,0,138731000,-105366000,-103411000,-47140000,0,-60542000,-60542000,-60542000,0,0,,64411000,-64411000,246000,0.0,8.136,-28.046,-27.58,2507000,0,22.34,,,0,-826305000,0,0,46425000,-0.231,-0.264,-0.312,,10382000,17986000,1.0,76005155,74577000,74577000,0.0,243033000,0,0,0,3.191,182539000
NBIX,MRY,2015-12-31,2015-12-31,2015-12-31,2018-04-30,-977000,474785000,501551250,384074000,90711000,0.039,4.924,-1925000,78986000,78986000,0,-88929000,14.936,0.119,0,0,0,0,10231000,1009000,0,0.0,0.0,-88929000,-87920000,-4.447,-87920000,-88929000,-88929000,-1.05,-1.05,-1.05,424454000,455766750,424454000,4804974245,-54,-54.652,-39922000,-0.472,1.0,19769000,1.0,0,0,370084000,366448750,0,387484000,304996000,82488000,50331000,25715000,24616000,4876143245,43181000,0,276992000,0,0,276992000,-195814000,-193929000,-37997000,0,-88929000,-88929000,-88929000,0,0,-4.498,113971000,-94202000,2561000,0.0,11.488,-54.832,-53.876,3432000,0,56.57,246.656,241.79,0,-915234000,19769000,19769000,81491000,-0.177,-0.195,-0.243,-4.498,28392000,32480000,1.0,86196628,84496000,84496000,0.234,474785000,0,0,0,5.508,358359000
NBIX,MRY,2016-12-31,2016-12-31,2016-12-31,2018-04-30,-318000,365086000,413354250,310442000,54644000,0.036,3.624,-4095000,88150000,88150000,0,-141090000,10.207,0.159,0,0,0,0,10231000,1453000,0,0.0,0.0,-141090000,-139637000,-9.309,-139637000,-141090000,-141090000,-1.63,-1.63,-1.63,314877000,365131250,314877000,3257275813,-23,-23.327,-110276000,-1.272,1.0,15000000,1.0,0,0,246522000,285486750,0,267573000,224083000,43490000,50209000,30414000,19795000,3361919813,9072000,0,2390000,0,0,2390000,112863000,117050000,-106181000,0,-141090000,-141090000,-141090000,0,0,-9.406,162372000,-147372000,26182000,0.0,10.677,-23.828,-23.742,6271000,0,38.7,224.128,223.72,0,-1056324000,15000000,15000000,94291000,-0.341,-0.386,-0.494,-9.406,28464000,68081000,1.0,86871313,86713000,86713000,0.173,365086000,0,0,0,4.202,280028000
NBIX,MRY,2017-12-31,2017-12-31,2017-12-31,2018-04-30,-1850000,817591000,658384250,554919000,262672000,0.245,4.197,-6933000,259212000,259212000,1254000,-142542000,10.196,1.197,369618000,0,369618000,369618000,10231000,2400000,0,0.0,0.0,-123019000,-120619000,-0.746,-120619000,-123019000,-142542000,-1.62,-1.62,-1.62,372138000,328007250,372138000,6958854361,-56,-57.693,-101264000,-1.15,1.0,160372000,0.992,0,19523000,873571000,667542750,0,508578000,261217000,247361000,445453000,54426000,391027000,6866175361,171445000,0,13865000,502781000,0,516646000,-250870000,-244320000,-94331000,0,-142542000,-142542000,-142542000,0,0,-0.882,291733000,-131361000,53520000,0.0,18.451,-48.169,-47.895,10811000,0,77.59,42.482,42.288,31127000,-1198866000,161626000,161626000,121827000,-0.217,-0.435,-0.184,-0.761,42522000,169906000,1.0,88493045,88089000,88089000,1.835,817591000,0,0,0,9.22,500493000
