ticker,dimension,calendardate,datekey,reportperiod,lastupdated,accoci,assets,assetsavg,assetsc,assetsnc,assetturnover,bvps,capex,cashneq,cashnequsd,cor,consolinc,currentratio,de,debt,debtc,debtnc,debtusd,deferredrev,depamor,deposits,divyield,dps,ebit,ebitda,ebitdamargin,ebitdausd,ebitusd,ebt,eps,epsdil,epsusd,equity,equityavg,equityusd,ev,evebit,evebitda,fcf,fcfps,fxusd,gp,grossmargin,intangibles,intexp,invcap,invcapavg,inventory,investments,investmentsc,investmentsnc,liabilities,liabilitiesc,liabilitiesnc,marketcap,ncf,ncfbus,ncfcommon,ncfdebt,ncfdiv,ncff,ncfi,ncfinv,ncfo,ncfx,netinc,netinccmn,netinccmnusd,netincdis,netincnci,netmargin,opex,opinc,payables,payoutratio,pb,pe,pe1,ppnenet,prefdivis,price,ps,ps1,receivables,retearn,revenue,revenueusd,rnd,roa,roe,roic,ros,sbcomp,sgna,sharefactor,sharesbas,shareswa,shareswadil,sps,tangibles,taxassets,taxexp,taxliabilities,tbvps,workingcapital
NGG,MRY,2011-12-31,2011-03-31,2011-03-31,2017-12-03,0,46400000000,44976500000,6323000000,40077000000,0.319,3.776,-3108000000,384000000,616735701,10598000000,2163000000,-0.926,-4.12,-23198000000,-2952000000,-20246000000,-37257903130,0,1245000000,0,0.147,7.69,5035000000,6280000000,0.438,10086198450,8086625668,2620000000,3.34,3.1,5.364,9060000000,6629500000,14551107956,-11994759566,-1,-1.189,-3255000000,-1.357,0.623,3745000000,0.261,5277000000,2415000000,24367000000,21572000000,320000000,3532000000,2939000000,593000000,-37331000000,-6826000000,-30505000000,25145962438,-346000000,20000000,3229000000,-1763000000,-858000000,-430000000,-4774000000,-1712000000,-147000000,0,2159000000,2159000000,3467532238,0,4000000,0.151,0,3745000000,-2828000000,1.434,1.728,7.252,9.77,31956000000,0,52.407,1.092,5.458,2212000000,12153000000,14343000000,23036042098,0,0.048,0.326,0.233,0.351,25000000,0,0.2,2399090921,2399090920,,9.602,41123000000,0,461000000,-4269000000,17.141,13149000000
NGG,MRY,2012-12-31,2012-03-31,2012-03-31,2017-12-03,0,47335000000,46867500000,5387000000,41948000000,0.295,2.763,-3326000000,332000000,528803883,10297000000,1919000000,-0.897,-4.123,-23025000000,-2492000000,-20533000000,-36673823570,0,1282000000,0,0.059,3.27,2380000000,3662000000,0.265,5832770550,3790823022,2380000000,2.81,2.8,4.476,9239000000,9149500000,14715720129,-1678844219,0,-0.288,-3531000000,-1.056,0.628,3535000000,0.256,5322000000,0,24660000000,24513500000,376000000,2983000000,2391000000,592000000,-38089000000,-6004000000,-32085000000,36833635346,-43000000,391000000,9000000,-154000000,-1006000000,-1900000000,-2371000000,540000000,-205000000,0,1917000000,1917000000,3053364594,0,-2000000,0.139,0,3535000000,-2685000000,0.731,2.503,12.063,12.304,33701000000,0,55.069,1.672,8.359,1971000000,12297000000,13832000000,22031371449,0,0.041,0.21,0.097,0.172,24000000,0,0.2,3344311186,3344311185,,6.588,42013000000,0,463000000,-4121000000,12.563,11391000000
NGG,MRY,2013-12-31,2013-03-31,2013-03-31,2017-12-03,0,54705000000,51020000000,9576000000,45129000000,0.281,3.015,-3357000000,671000000,1019851384,10610000000,2154000000,-1.286,-4.348,-28095000000,-3448000000,-24647000000,-42701527041,0,1361000000,0,0.055,3.45,2710000000,4071000000,0.284,6187503704,4118922878,2710000000,3.12,3.11,4.742,10229000000,9734000000,15547033995,6602414754,1,1.067,-3469000000,-1.023,0.658,3749000000,0.261,5617000000,0,27767000000,26213500000,291000000,6080000000,5431000000,649000000,-44471000000,-7445000000,-37026000000,42938416596,335000000,204000000,13000000,4304000000,-810000000,2715000000,-6130000000,-3006000000,-112000000,0,2153000000,2153000000,3272339836,0,-1000000,0.15,0,3749000000,-3051000000,0.728,2.762,13.122,13.345,36592000000,0,63.284,1.967,9.837,2910000000,13133000000,14359000000,21824211667,0,0.042,0.221,0.103,0.189,20000000,0,0.2,3392537081,3392537080,,6.433,49088000000,0,557000000,-4308000000,14.469,17021000000
NGG,MRY,2014-12-31,2014-03-31,2014-03-31,2017-12-03,0,52384000000,53544500000,7489000000,44895000000,0.277,3.424,-3119000000,354000000,589152602,11074000000,2464000000,-1.022,-3.397,-25950000000,-3511000000,-22439000000,-43187881430,0,1417000000,0,0.046,3.47,2760000000,4177000000,0.282,6951667851,4593393169,2760000000,3.56,3.54,5.925,11911000000,11070000000,19823154363,7448117994,1,1.071,-3269000000,-0.94,0.601,3735000000,0.252,5263000000,0,28148000000,27957500000,268000000,4234000000,3599000000,635000000,-40465000000,-7331000000,-33134000000,52167830828,-283000000,38000000,9000000,-1021000000,-1059000000,-2972000000,-1330000000,1716000000,-150000000,0,2476000000,2476000000,4120739669,0,12000000,0.167,0,3735000000,-3031000000,0.586,2.632,12.66,12.657,37179000000,0,74.989,2.117,10.583,2855000000,14895000000,14809000000,24646217190,0,0.046,0.224,0.099,0.186,20000000,0,0.2,3478361332,3478361332,,7.086,47121000000,0,284000000,-4250000000,13.547,14820000000
NGG,MRY,2015-12-31,2015-03-31,2015-03-31,2017-12-03,0,55089000000,53736500000,6031000000,49058000000,0.249,3.386,-2740000000,119000000,176678182,10406000000,2011000000,-0.818,-3.604,-25910000000,-3028000000,-22882000000,-38468333776,0,1202000000,0,0.089,6.29,3386000000,4588000000,0.343,6811760531,5027162414,2478000000,2.65,2.63,3.934,11962000000,11936500000,17759869109,5782346443,1,0.849,-2757000000,-0.78,0.674,2951000000,0.221,5947000000,908000000,30487000000,29317500000,340000000,3207000000,2559000000,648000000,-43115000000,-7374000000,-35741000000,49805777406,-247000000,0,-322000000,-682000000,-1271000000,-3253000000,-2001000000,1157000000,-17000000,0,2011000000,2011000000,2985712822,-518000000,0,0.151,0,2951000000,-3292000000,1.599,2.804,16.681,17.915,40723000000,0,70.484,2.512,12.558,2836000000,14870000000,13357000000,19831012514,0,0.037,0.168,0.115,0.254,18000000,0,0.2,3533144711,3533144710,,5.613,49142000000,0,467000000,-4481000000,13.909,13405000000
NGG,MRY,2016-12-31,2016-03-31,2016-03-31,2017-12-03,0,58934000000,57011500000,6312000000,52622000000,0.232,3.8,-3047000000,127000000,182166867,9987000000,2594000000,-0.818,-3.347,-28344000000,-3611000000,-24733000000,-40656202351,0,1311000000,0,0.046,3.62,3899000000,5210000000,0.394,7473144730,5592666277,3021000000,3.44,3.42,4.934,13555000000,12758500000,19443085763,15842835442,2,2.12,-3087000000,-0.865,0.697,3225000000,0.244,6202000000,878000000,31982000000,31234500000,437000000,3877000000,2998000000,879000000,-45369000000,-7721000000,-37648000000,55588927104,4000000,0,-257000000,1100000000,-1337000000,-1328000000,-4036000000,-507000000,-40000000,0,2594000000,2594000000,3720794132,-692000000,0,0.196,0,3225000000,-3285000000,0.734,2.859,14.94,15.79,43364000000,0,77.913,2.933,14.666,2395000000,16305000000,13212000000,18951091782,0,0.045,0.203,0.125,0.295,21000000,0,0.2,3567384242,3567384242,,5.312,52732000000,77000000,427000000,-4886000000,14.782,14033000000
NGG,MRY,2017-12-31,2017-03-31,2017-03-31,2017-12-03,0,65840000000,62387000000,13574000000,52266000000,0.241,5.662,-3501000000,1139000000,1422327672,11827000000,7794000000,-1.291,-2.232,-28638000000,-5496000000,-23142000000,-35761738261,0,1481000000,0,0.047,3.26,9250000000,10731000000,0.714,13400349650,11550949050,8168000000,10.35,10.31,12.925,20368000000,16961500000,25434565434,9233700167,0,0.689,-3537000000,-0.983,0.801,3208000000,0.213,7019000000,1082000000,39555000000,35768500000,403000000,11924000000,8741000000,3183000000,-45456000000,-10511000000,-34945000000,49819587551,984000000,5454000000,-177000000,937000000,-1463000000,69000000,-4314000000,-5737000000,-36000000,0,7794000000,7794000000,9732767232,-5984000000,0,0.518,0,3208000000,-3438000000,0.252,1.959,5.119,5.358,39825000000,0,69.251,2.654,13.268,2782000000,22582000000,15035000000,18774975025,0,0.125,0.46,0.259,0.615,32000000,0,0.2,3597034913,3597034912,,5.22,58821000000,317000000,374000000,-4586000000,16.353,24085000000
