ticker,dimension,calendardate,datekey,reportperiod,lastupdated,accoci,assets,assetsavg,assetsc,assetsnc,assetturnover,bvps,capex,cashneq,cashnequsd,cor,consolinc,currentratio,de,debt,debtc,debtnc,debtusd,deferredrev,depamor,deposits,divyield,dps,ebit,ebitda,ebitdamargin,ebitdausd,ebitusd,ebt,eps,epsdil,epsusd,equity,equityavg,equityusd,ev,evebit,evebitda,fcf,fcfps,fxusd,gp,grossmargin,intangibles,intexp,invcap,invcapavg,inventory,investments,investmentsc,investmentsnc,liabilities,liabilitiesc,liabilitiesnc,marketcap,ncf,ncfbus,ncfcommon,ncfdebt,ncfdiv,ncff,ncfi,ncfinv,ncfo,ncfx,netinc,netinccmn,netinccmnusd,netincdis,netincnci,netmargin,opex,opinc,payables,payoutratio,pb,pe,pe1,ppnenet,prefdivis,price,ps,ps1,receivables,retearn,revenue,revenueusd,rnd,roa,roe,roic,ros,sbcomp,sgna,sharefactor,sharesbas,shareswa,shareswadil,sps,tangibles,taxassets,taxexp,taxliabilities,tbvps,workingcapital
NGL,MRY,2011-12-31,2011-03-31,2011-03-31,2018-02-09,56000,163833000,137706500,77490000,86343000,4.519,4.331,-1440000,16337000,16337000,583032000,12679000,1.533,2.46,66371000,830000,65541000,66371000,0,4406000,7714000,,0.0,15161000,19567000,0.031,19567000,15161000,12679000,1.16,1.16,1.16,47353000,46765500,47353000,,,,32569000,2.979,1.0,39200000,0.063,20323000,2482000,143000000,90626500,12697000,0,0,0,116480000,50544000,65936000,,12354000,-17400000,0,26289000,0,-3170000,-18438000,111000,34009000,-47000,12679000,12666000,12666000,0,0,0.02,24363000,14837000,37244000,0.0,,,,66020000,13000,,,,44346000,,622232000,622232000,0,0.092,0.271,0.167,0.024,0,20922000,1.0,8864222,10933568,10933568,56.91,143510000,0,0,0,13.126,26946000
NGL,MRY,2012-12-31,2012-03-31,2012-03-31,2018-02-09,31000,749519000,491416250,198624000,550895000,2.667,19.901,-7544000,7832000,7832000,1217023000,7864000,1.372,0.85,218711000,19534000,199177000,218711000,0,17188000,20293000,0.041,0.854,16097000,33285000,0.025,33285000,16097000,8477000,0.32,0.32,0.32,404901000,245669500,404901000,680325774,42,20.439,82785000,4.069,1.0,93450000,0.071,316735000,7620000,498862000,306890750,94504000,0,0,0,344190000,144801000,199389000,480135774,-8505000,-297401000,71341000,145342000,0,198063000,-296897000,6464000,90329000,0,7876000,7868000,7868000,0,-12000,0.006,78420000,15030000,90831000,2.669,1.186,61.024,64.406,231394000,8000,20.61,0.366,0.32,86286000,,1310473000,1310473000,0,0.016,0.032,0.052,0.012,0,63309000,1.0,23296253,20345367,20345367,64.411,432784000,0,601000,0,21.272,53823000
NGL,MRY,2013-12-31,2013-03-31,2013-03-31,2018-02-09,24000,2291618000,2164679000,761987000,1529631000,2.041,21.369,-72475000,11561000,11561000,4039110000,48190000,1.155,1.587,749062000,8626000,740436000,749062000,0,77513000,22372000,0.063,1.688,82809000,160322000,0.036,160322000,82809000,49815000,0.96,0.96,0.96,883678000,840393250,883678000,2134079230,25,13.311,60159000,1.455,1.0,378657000,0.086,996652000,32994000,1372908000,1275350250,126895000,0,0,0,1402200000,659559000,742641000,1321777230,3729000,-490805000,-642000,489127000,-71608000,417716000,-546621000,11579000,132634000,0,47940000,45023000,45023000,0,250000,0.01,291350000,87307000,542955000,1.758,1.496,29.358,28.021,526437000,2917000,26.9,0.299,0.252,585640000,,4417767000,4417767000,0,0.021,0.054,0.065,0.019,8670000,222310000,1.0,49136700,41353574,41353574,106.829,1294966000,0,1875000,0,31.314,102428000
NGL,MRY,2014-12-31,2014-03-31,2014-03-31,2018-02-09,-236000,4147631000,3501100750,1286299000,2861332000,2.77,20.851,-165148000,10440000,10440000,9132699000,48758000,1.319,1.713,1636914000,7080000,1629834000,1636914000,0,132653000,29965000,0.054,2.014,107446000,240099000,0.025,240099000,107446000,48592000,0.51,0.51,0.51,1526579000,1301462750,1526579000,4322634929,40,18.004,-79912000,-1.29,1.0,566575000,0.058,1821499000,58854000,2977722000,2254010250,310160000,194821000,0,194821000,2615778000,974884000,1640894000,2806217929,-1121000,-1278734000,650155000,861966000,-145090000,1369016000,-1455373000,-35956000,85236000,0,47655000,33507000,33507000,0,1103000,0.003,460010000,106565000,796149000,3.949,1.838,83.75,73.588,835848000,14148000,37.53,0.289,0.24,885349000,,9699274000,9699274000,0,0.01,0.026,0.048,0.011,14054000,335659000,1.0,74772660,61970471,61970471,156.514,2326132000,0,937000,0,31.772,311415000
NGL,MRY,2015-12-31,2015-03-31,2015-03-31,2018-02-09,-109000,6655792000,6094718750,1647496000,5008296000,2.757,22.755,-227978000,41303000,41303000,15958207000,50193000,1.471,1.846,2731936000,4472000,2727464000,2731936000,0,210475000,54234000,0.09,2.367,143807000,354282000,0.021,354282000,143807000,33684000,-0.05,-0.05,-0.05,2146442000,1834623250,2146442000,5080659722,35,14.341,34413000,0.398,1.0,843850000,0.05,2790541000,110123000,5436017000,4704290250,442025000,480827000,0,480827000,3962360000,1119867000,2842493000,2353438722,30863000,-1365299000,541128000,866736000,-242595000,1134693000,-1366221000,1625000,262391000,0,37306000,-8394000,-8394000,0,12887000,0.0,736430000,107420000,858812000,-47.34,1.096,-280.372,-524.6,1624016000,45700000,26.23,0.14,0.135,1042961000,,16802057000,16802057000,0,-0.001,-0.005,0.031,0.009,32767000,513561000,1.0,89723169,86359300,86359300,194.56,3865251000,0,-3622000,0,40.976,527629000
NGL,MRY,2016-12-31,2016-03-31,2016-03-31,2018-02-09,-157000,5560155000,6304278500,1028480000,4531675000,1.863,15.785,-661885000,28176000,28176000,10839037000,-187097000,1.457,2.334,2920744000,7907000,2912837000,2920744000,0,249211000,56185000,0.337,2.537,-66207000,183004000,0.016,183004000,-66207000,-199296000,-2.35,-2.35,-2.35,1656358000,1876523000,1656358000,4111028782,-62,22.464,-310390000,-2.961,1.0,903073000,0.077,2464252000,133089000,5282454000,5828347250,367806000,241812000,0,241812000,3866090000,706017000,3160073000,805115782,-13127000,94823000,-17680000,463978000,-322007000,80705000,-445327000,7618000,351495000,0,-198929000,-246549000,-246549000,0,11832000,-0.021,1007676000,-104603000,427499000,-1.08,0.486,-3.266,-3.2,1649572000,47620000,7.52,0.069,0.067,536639000,,11742110000,11742110000,0,-0.039,-0.131,-0.011,-0.006,51565000,540659000,1.0,107063269,104838886,104838886,112.001,3095903000,0,-367000,0,29.505,322463000
NGL,MRY,2017-12-31,2017-03-31,2017-03-31,2018-02-09,-1828000,6320379000,6193788750,1484207000,4836172000,2.102,18.769,-341871000,12264000,12264000,12321909000,143874000,1.581,1.941,2993073000,29590000,2963483000,2993073000,0,237795000,35944000,0.069,1.56,289459000,527254000,0.04,527254000,289459000,138981000,0.99,0.95,0.99,2140056000,1989308250,2140056000,5708421598,19,10.827,-368695000,-3.411,1.0,700319000,0.054,2615672000,150478000,5746918000,5698053000,561432000,190623000,0,190623000,4153577000,938598000,3214979000,2487342598,-15912000,-5420000,287136000,61963000,-181581000,374038000,-363126000,8916000,-26824000,0,137042000,106668000,106668000,0,6832000,0.008,445236000,255083000,665939000,1.576,1.162,23.319,22.828,1790273000,30374000,22.6,0.191,0.188,807318000,,13022228000,13022228000,0,0.017,0.054,0.051,0.022,53102000,424491000,1.0,110059407,108091486,111850621,120.474,3704707000,0,1939000,0,32.491,545609000
