ticker,dimension,calendardate,datekey,reportperiod,lastupdated,accoci,assets,assetsavg,assetsc,assetsnc,assetturnover,bvps,capex,cashneq,cashnequsd,cor,consolinc,currentratio,de,debt,debtc,debtnc,debtusd,deferredrev,depamor,deposits,divyield,dps,ebit,ebitda,ebitdamargin,ebitdausd,ebitusd,ebt,eps,epsdil,epsusd,equity,equityavg,equityusd,ev,evebit,evebitda,fcf,fcfps,fxusd,gp,grossmargin,intangibles,intexp,invcap,invcapavg,inventory,investments,investmentsc,investmentsnc,liabilities,liabilitiesc,liabilitiesnc,marketcap,ncf,ncfbus,ncfcommon,ncfdebt,ncfdiv,ncff,ncfi,ncfinv,ncfo,ncfx,netinc,netinccmn,netinccmnusd,netincdis,netincnci,netmargin,opex,opinc,payables,payoutratio,pb,pe,pe1,ppnenet,prefdivis,price,ps,ps1,receivables,retearn,revenue,revenueusd,rnd,roa,roe,roic,ros,sbcomp,sgna,sharefactor,sharesbas,shareswa,shareswadil,sps,tangibles,taxassets,taxexp,taxliabilities,tbvps,workingcapital
NICE,MRY,2011-12-31,2011-12-31,2011-12-31,2018-03-30,-1895000,1581836000,1558127000,543171000,1038665000,0.509,18.278,-18373000,204437000,204437000,307305000,57263000,1.47,0.365,0,0,0,0,160242000,66958000,0,0.0,0.0,69649000,136607000,0.172,136607000,69649000,69649000,0.91,0.89,0.91,1158644000,1159702000,1158644000,2074277000,29,15.184,136001000,2.145,1.0,486526000,0.613,767340000,0,240431000,334513500,13404000,358139000,144003000,214136000,423192000,369628000,53564000,2183803000,94911000,-143377000,-69135000,0,0,-68763000,9444000,174194000,154374000,-144000,57263000,57263000,57263000,0,0,0.072,427498000,59028000,19014000,0.0,1.885,38.136,37.857,28299000,0,34.45,2.751,2.751,170922000,252508000,793831000,793831000,109127000,0.037,0.049,0.208,0.088,20787000,294694000,1.0,63390508,63390508,,12.523,814496000,10405000,12386000,27766000,12.849,173543000
NICE,MRY,2012-12-31,2012-12-31,2012-12-31,2018-03-30,12194000,1660945000,1621390500,521064000,1139881000,0.542,19.271,-28794000,98596000,98596000,351223000,67894000,1.359,0.394,0,0,0,0,150424000,95477000,0,0.0,0.0,53900000,149377000,0.17,149377000,53900000,53900000,1.11,1.09,1.11,1191088000,1174866000,1191088000,1864867018,34,12.484,106845000,1.729,1.0,527789000,0.6,923773000,0,255147000,247789000,13897000,346109000,199955000,146154000,469857000,383429000,86428000,2069304018,-105841000,-164545000,-76658000,0,0,-76554000,-164363000,27851000,135639000,-563000,67894000,67894000,67894000,0,0,0.077,482157000,45632000,20553000,0.0,1.737,30.478,30.162,41278000,0,33.48,2.354,2.354,193052000,320402000,879012000,879012000,121387000,0.042,0.058,0.218,0.061,23508000,326296000,1.0,61807169,61807169,,14.222,737172000,15564000,-13994000,58341000,11.927,137635000
NICE,MRY,2013-12-31,2013-12-31,2013-12-31,2018-03-30,12401000,1657058000,1659001500,460616000,1196442000,0.495,19.951,-21264000,119545000,119545000,299614000,55275000,1.199,0.375,0,0,0,0,144536000,91355000,0,0.012,0.48,82190000,173545000,0.211,173545000,82190000,82190000,0.92,0.89,0.92,1204796000,1197942000,1204796000,2369190711,28,13.652,103011000,1.706,1.0,521901000,0.635,878064000,0,275258000,265202500,13448000,323608000,82826000,240782000,452262000,384191000,68071000,2467786711,20949000,-23228000,-41066000,0,-29010000,-69184000,-33143000,11349000,124275000,-999000,55275000,55275000,55275000,-2804000,0,0.067,446442000,75459000,25962000,0.522,2.048,44.646,44.522,44343000,0,40.96,3.004,3.011,229172000,346667000,821515000,821515000,115431000,0.033,0.046,0.31,0.1,25135000,301046000,1.0,60248699,60388000,60388000,13.604,778994000,15625000,26915000,37841000,12.9,76425000
NICE,MRY,2014-12-31,2014-12-31,2014-12-31,2018-03-30,-10546000,1632952000,1645005000,485477000,1147475000,0.53,20.442,-17630000,187497000,187497000,303511000,103075000,1.283,0.346,0,0,0,0,122528000,73349000,0,0.012,0.611,112984000,186333000,0.214,186333000,112984000,112984000,1.74,1.69,1.74,1213456000,1209126000,1213456000,2924345105,25,15.694,164639000,2.773,1.0,568484000,0.652,769456000,0,297612000,286435000,0,312465000,65744000,246721000,419496000,378387000,41109000,3043890105,67952000,-748000,-64741000,0,-38142000,-101836000,-8925000,9453000,182269000,-3556000,103075000,103075000,103075000,-2925000,0,0.118,462190000,106294000,9088000,0.351,2.508,29.531,29.109,40170000,0,50.65,3.491,3.448,155628000,411600000,871995000,871995000,123141000,0.063,0.085,0.394,0.13,28609000,314457000,1.0,60096547,59362000,59362000,14.689,863496000,18853000,9909000,14176000,14.546,107090000
NICE,MRY,2015-12-31,2015-12-31,2015-12-31,2018-03-30,-24205000,1849613000,1741282500,655152000,1194461000,0.532,23.763,-17976000,325931000,325931000,303582000,258831000,1.729,0.307,0,0,0,0,151345000,57964000,0,0.01,0.582,284359000,342323000,0.369,342323000,284359000,289663000,4.35,4.22,4.35,1415149000,1314302500,1415149000,3208847243,11,9.374,234352000,3.935,1.0,623285000,0.672,719314000,-5304000,425525000,361568500,0,502444000,99195000,403249000,434464000,378843000,55621000,3396344243,138434000,184634000,-68384000,0,-38239000,-79388000,-28393000,-195051000,252328000,-6113000,258831000,258831000,258831000,-118253000,0,0.279,457179000,166106000,11719000,0.134,2.4,13.122,13.177,40593000,0,57.32,3.664,3.683,177323000,632192000,926867000,926867000,128485000,0.149,0.197,0.786,0.307,28451000,316166000,1.0,59252342,59552000,59552000,15.564,1130299000,14130000,30832000,15040000,18.98,276309000
NICE,MRY,2016-12-31,2016-12-31,2016-12-31,2018-03-30,-46824000,2631876000,2240744500,509233000,2122643000,0.453,25.329,-35780000,157026000,157026000,337733000,116920000,1.077,0.741,465180000,21164000,444016000,465180000,172511000,77801000,0,0.009,0.64,128027000,205828000,0.203,205828000,128027000,138332000,1.96,1.92,1.96,1511332000,1463240500,1511332000,3767111552,29,18.302,192432000,3.225,1.0,677809000,0.667,1903445000,-10305000,563775000,494650000,0,129013000,30287000,98726000,1120544000,472810000,647734000,4093042552,-168905000,-1166897000,-43630000,463754000,-38202000,405447000,-800018000,402659000,228212000,-2546000,116920000,116920000,116920000,6149000,0,0.115,543633000,134176000,25634000,0.327,2.708,35.007,35.082,87678000,0,68.76,4.03,4.04,260220000,710910000,1015542000,1015542000,141528000,0.052,0.08,0.259,0.126,40547000,384918000,1.0,59526506,59667000,59667000,17.02,728431000,14093000,21412000,146952000,12.208,36423000
NICE,MRY,2017-12-31,2017-12-31,2017-12-31,2018-03-30,-32914000,2845086000,2738481000,693056000,2152030000,0.486,28.945,-67825000,328302000,328302000,468673000,143291000,1.324,0.626,447642000,0,447642000,447642000,222114000,156301000,0,0.002,0.16,150071000,306372000,0.23,306372000,150071000,129660000,2.37,2.31,2.37,1749561000,1630446500,1749561000,5821512571,38,19.001,326837000,5.407,1.0,863479000,0.648,1869589000,20411000,571485000,567630000,0,196771000,63951000,132820000,1095525000,523352000,572173000,5513358571,171276000,-76027000,-24428000,-2000,-9637000,-14827000,-212980000,-69128000,394662000,4421000,143291000,143291000,143291000,0,0,0.108,713408000,150071000,29438000,0.068,3.151,38.477,38.781,118275000,0,91.91,4.139,4.17,230729000,850772000,1332152000,1332152000,181107000,0.052,0.088,0.264,0.113,56980000,490399000,1.0,59986493,60444000,60444000,22.039,975497000,11850000,-13631000,57796000,16.139,169704000
