ticker,dimension,calendardate,datekey,reportperiod,lastupdated,accoci,assets,assetsavg,assetsc,assetsnc,assetturnover,bvps,capex,cashneq,cashnequsd,cor,consolinc,currentratio,de,debt,debtc,debtnc,debtusd,deferredrev,depamor,deposits,divyield,dps,ebit,ebitda,ebitdamargin,ebitdausd,ebitusd,ebt,eps,epsdil,epsusd,equity,equityavg,equityusd,ev,evebit,evebitda,fcf,fcfps,fxusd,gp,grossmargin,intangibles,intexp,invcap,invcapavg,inventory,investments,investmentsc,investmentsnc,liabilities,liabilitiesc,liabilitiesnc,marketcap,ncf,ncfbus,ncfcommon,ncfdebt,ncfdiv,ncff,ncfi,ncfinv,ncfo,ncfx,netinc,netinccmn,netinccmnusd,netincdis,netincnci,netmargin,opex,opinc,payables,payoutratio,pb,pe,pe1,ppnenet,prefdivis,price,ps,ps1,receivables,retearn,revenue,revenueusd,rnd,roa,roe,roic,ros,sbcomp,sgna,sharefactor,sharesbas,shareswa,shareswadil,sps,tangibles,taxassets,taxexp,taxliabilities,tbvps,workingcapital
NKA,MRY,2011-12-31,2011-03-31,2011-03-31,2017-06-30,0,2061270000,2091793750,443699000,1617571000,0.11,26.64,-20375000,196849000,196849000,44772000,57457000,2.586,1.289,800000000,0,800000000,800000000,4738000,46891000,121000,0.04,0.87,104410000,151301000,0.658,151301000,104410000,27403000,0.31,0.31,0.31,900558000,920899000,900558000,1478270806,14,9.77,33010000,0.976,1.0,185303000,0.805,594450000,77007000,1898422000,1994961000,148840000,0,0,0,1160712000,171549000,1144297000,739309806,-13817000,0,333459000,-2086000,-378003000,-46630000,-20375000,0,53385000,-197000,57457000,57457000,57457000,0,0,0.25,81459000,103844000,2408000,2.806,0.821,12.867,70.548,964146000,0,21.87,3.213,3.213,47727000,0,230075000,230075000,0,0.027,0.062,0.052,0.454,0,34568000,1.0,33804745,33804745,,6.806,1466820000,0,-30054000,177536000,43.391,272150000
NKA,MRY,2012-12-31,2012-03-31,2012-03-31,2017-06-30,0,1803358000,1954697000,439427000,1363931000,0.137,19.677,-52820000,13342000,13342000,43978000,-165772000,1.447,1.657,807179000,151295000,655884000,807179000,11235000,46132000,20707000,0.147,1.4,-110829000,-64697000,-0.241,-64697000,-110829000,-185459000,-2.39,-2.39,-2.39,678690000,792238250,678690000,1088560017,-9,-16.826,-44785000,-1.298,1.0,224603000,0.836,330913000,74630000,1962534000,1995804500,246003000,0,0,0,1124668000,303748000,1112968000,329056017,-104400000,0,11000000,5233000,-74568000,-60083000,-52820000,0,8035000,468000,-165772000,-165772000,-165772000,0,0,-0.617,329889000,-105286000,1527000,-0.586,0.485,-1.985,-3.992,968128000,0,9.54,1.225,1.225,51514000,,268581000,268581000,0,-0.085,-0.209,-0.056,-0.413,0,28582000,1.0,34492245,34492245,,7.787,1472445000,0,-19687000,152773000,42.689,135679000
NKA,MRY,2013-12-31,2013-03-31,2013-03-31,2017-06-30,0,1524392000,1626126000,247775000,1276617000,0.087,17.033,-27805000,29084000,29084000,32535000,-43601000,1.745,1.595,722274000,66259000,656015000,722274000,568000,50409000,0,0.109,1.4,4467000,54876000,0.39,54876000,4467000,-62543000,-0.63,-0.63,-0.63,587519000,613328500,587519000,1201670115,269,21.898,134325000,3.894,1.0,108160000,0.769,319602000,67010000,1755957000,1833540500,98680000,0,0,0,936873000,142023000,784992000,444260115,-2732000,0,0,-88018000,-48811000,-136829000,-27805000,0,162130000,-228000,-43601000,-43601000,-43601000,0,0,-0.31,103788000,4372000,1048000,-2.222,0.756,-10.189,-20.444,918061000,0,12.88,3.158,3.158,109428000,,140695000,140695000,0,-0.027,-0.071,0.002,0.032,0,38562000,1.0,34492245,34492245,,4.079,1204790000,0,-18942000,135238000,34.929,105752000
NKA,MRY,2014-12-31,2014-03-31,2014-03-31,2017-06-30,0,1539191000,1534312000,297137000,1242054000,0.135,7.921,-3159000,40330000,40330000,40834000,-8957000,1.127,4.505,706725000,120799000,585926000,706725000,6036000,41286000,0,0.096,1.4,47102000,88388000,0.426,88388000,47102000,-19213000,-0.25,-0.25,-0.25,279604000,500604500,279604000,1233077424,26,13.951,88748000,2.514,1.0,166562000,0.803,311066000,66315000,1630761000,1700667000,75140000,0,0,0,1259587000,263759000,721292000,512573424,-2906000,0,-218000,-54975000,-34051000,-89244000,-5166000,0,91907000,-403000,-8957000,-8957000,-8957000,0,0,-0.043,81581000,84981000,1023000,-5.6,1.833,-57.226,-58.08,908274000,0,14.52,2.471,2.471,156388000,,207396000,207396000,0,-0.006,-0.018,0.028,0.227,0,39937000,1.0,35301200,35301200,,5.875,1228125000,0,-10256000,125051000,34.79,33378000
NKA,MRY,2015-12-31,2015-03-31,2015-03-31,2017-06-30,0,1160959000,1392889250,253405000,907554000,0.071,-2.153,-7573000,24984000,24984000,39230000,-350656000,0.912,-15.192,779426000,194839000,584587000,779426000,6669000,117323000,0,0.587,1.05,-330976000,-213653000,-2.173,-213653000,-330976000,-382312000,-9.34,-9.34,-9.34,-81805000,292089000,-81805000,883181815,-2,-4.134,-47017000,-1.238,1.0,59089000,0.601,41829000,51336000,1595599000,1652183250,136295000,0,0,0,1242764000,277973000,697315000,67999815,3995000,0,-13000,71844000,-20105000,51726000,-7573000,0,-39444000,-714000,-350656000,-350656000,-350656000,0,0,-3.567,389685000,-330596000,885000,-0.112,-0.831,-0.194,-0.192,820467000,0,1.79,0.692,0.692,46738000,,98319000,98319000,0,-0.252,-1.201,-0.2,-3.366,2305000,26833000,1.0,37988724,37988724,,2.588,1119130000,0,-31656000,90651000,29.46,-24568000
NKA,MRY,2016-12-31,2016-03-31,2016-03-31,2017-06-30,0,991897000,1045470500,153665000,838232000,0.052,-4.868,-3133000,23479000,23479000,29806000,-103331000,0.659,-6.363,730673000,147467000,583206000,730673000,457000,57435000,0,0.0,0.0,-62804000,-5369000,-0.099,-5369000,-62804000,-115105000,-2.67,-2.67,-2.67,-184946000,48874250,-184946000,866780519,-13,-161.442,54172000,1.426,1.0,24539000,0.452,35852000,52301000,1430108000,1486916500,41268000,0,0,0,1176843000,233131000,678127000,136379519,-1453000,0,0,-52453000,-3354000,-55807000,-3133000,0,57305000,182000,-103331000,-103331000,-103331000,0,0,-1.901,87692000,-63153000,389000,0.0,-0.737,-1.32,-1.345,772023000,0,3.59,2.51,2.51,38671000,,54345000,54345000,0,-0.099,-2.114,-0.042,-1.156,1653000,29993000,1.0,37988724,37988724,,1.431,956045000,0,-11774000,76383000,25.167,-79466000
