ticker,dimension,calendardate,datekey,reportperiod,lastupdated,accoci,assets,assetsavg,assetsc,assetsnc,assetturnover,bvps,capex,cashneq,cashnequsd,cor,consolinc,currentratio,de,debt,debtc,debtnc,debtusd,deferredrev,depamor,deposits,divyield,dps,ebit,ebitda,ebitdamargin,ebitdausd,ebitusd,ebt,eps,epsdil,epsusd,equity,equityavg,equityusd,ev,evebit,evebitda,fcf,fcfps,fxusd,gp,grossmargin,intangibles,intexp,invcap,invcapavg,inventory,investments,investmentsc,investmentsnc,liabilities,liabilitiesc,liabilitiesnc,marketcap,ncf,ncfbus,ncfcommon,ncfdebt,ncfdiv,ncff,ncfi,ncfinv,ncfo,ncfx,netinc,netinccmn,netinccmnusd,netincdis,netincnci,netmargin,opex,opinc,payables,payoutratio,pb,pe,pe1,ppnenet,prefdivis,price,ps,ps1,receivables,retearn,revenue,revenueusd,rnd,roa,roe,roic,ros,sbcomp,sgna,sharefactor,sharesbas,shareswa,shareswadil,sps,tangibles,taxassets,taxexp,taxliabilities,tbvps,workingcapital
NLST,MRY,2011-12-31,2011-12-31,2011-12-31,2018-05-15,-56000,32173000,33110000,28797000,3376000,1.834,0.784,-744000,10535000,10535000,40468000,-5599000,2.613,0.614,3262000,2144000,1118000,3262000,0,2242000,0,0.0,0.0,-5424000,-3182000,-0.052,-3182000,-5424000,-5652000,-0.22,-0.22,-0.22,19939000,18849500,19939000,57469141,-10,-18.061,-8168000,-0.326,1.0,20261000,0.334,0,228000,13878000,12585250,6057000,444000,0,444000,12234000,11022000,1212000,63901141,-3675000,0,2019000,1210000,0,3229000,520000,1264000,-7424000,0,-5599000,-5599000,-5599000,0,0,-0.092,25685000,-5424000,6155000,0.0,3.205,-11.413,-11.409,2771000,0,2.51,1.052,1.037,11399000,-72740000,60729000,60729000,14924000,-0.169,-0.297,-0.431,-0.089,1620000,10705000,1.0,25458622,25086000,25086000,2.421,32173000,0,-53000,0,1.264,17775000
NLST,MRY,2012-12-31,2012-12-29,2012-12-29,2018-05-15,0,22397000,30613000,19707000,2690000,1.204,0.483,-1655000,7755000,7755000,27474000,-13981000,2.294,0.633,3493000,3493000,0,3493000,0,1987000,0,0.0,0.0,-13655000,-11668000,-0.316,-11668000,-13655000,-13993000,-0.5,-0.5,-0.5,13712000,18273750,13712000,17180967,-1,-1.472,-8614000,-0.309,1.0,9399000,0.255,0,338000,9544000,13444000,7380000,415000,415000,0,8685000,8591000,94000,21189967,-2780000,0,5807000,27000,0,5834000,-1655000,0,-6959000,0,-13981000,-13981000,-13981000,0,0,-0.379,22998000,-13599000,3367000,0.0,1.545,-1.516,-1.492,2560000,0,0.746,0.575,0.563,3434000,-86721000,36873000,36873000,12845000,-0.457,-0.765,-1.016,-0.37,1891000,10075000,1.0,28412400,27853000,27853000,1.324,22397000,0,-12000,0,0.789,11116000
NLST,MRY,2013-12-31,2013-12-28,2013-12-28,2018-05-15,0,17675000,17857500,16110000,1565000,1.291,0.221,-85000,7801000,7801000,19943000,-10766000,2.949,1.52,5099000,0,5099000,5099000,0,1476000,0,0.0,0.0,-9825000,-8349000,-0.362,-8349000,-9825000,-10757000,-0.35,-0.35,-0.35,7013000,8643250,7013000,19655199,-2,-2.354,-4106000,-0.133,1.0,3105000,0.135,0,932000,9510000,8404500,2620000,0,0,0,10662000,5463000,5199000,22812199,-1054000,0,1183000,1454000,0,2637000,330000,415000,-4021000,0,-10766000,-10766000,-10766000,0,0,-0.467,12930000,-9825000,3795000,0.0,3.253,-2.119,-2.064,1143000,0,0.723,0.99,0.968,4866000,-97487000,23048000,23048000,4568000,-0.603,-1.246,-1.169,-0.426,1669000,6267000,1.0,31573978,30881000,30881000,0.746,17675000,0,9000,0,0.557,10647000
NLST,MRY,2014-12-31,2014-12-27,2014-12-27,2018-05-15,0,15908000,22525000,15446000,462000,0.852,0.114,-138000,11740000,11740000,15231000,-15381000,2.049,2.371,5503000,1952000,3551000,5503000,0,882000,0,0.0,0.0,-13805000,-12923000,-0.673,-12923000,-13805000,-15379000,-0.38,-0.38,-0.38,4719000,11247000,4719000,19819504,-1,-1.534,-6539000,-0.162,1.0,3964000,0.207,0,1574000,2132000,5347000,1880000,0,0,0,11189000,7539000,3650000,29450504,4339000,0,11075000,-197000,0,10878000,-138000,0,-6401000,0,-15381000,-15381000,-15381000,0,0,-0.801,17769000,-13805000,3957000,0.0,6.241,-1.915,-1.868,393000,0,0.71,1.534,1.491,1091000,-112868000,19195000,19195000,4586000,-0.683,-1.368,-2.582,-0.719,2012000,6796000,1.0,41479584,40304000,40304000,0.476,15908000,0,2000,0,0.383,7907000
NLST,MRY,2015-12-31,2016-01-02,2016-01-02,2018-05-15,0,24666000,22165000,24197000,469000,0.361,-0.026,-361000,20084000,20084000,5915000,-20527000,1.981,-19.49,13748000,13000,13735000,13748000,6857000,349000,0,0.0,0.0,-18462000,-18113000,-2.261,-18113000,-18462000,-20526000,-0.42,-0.42,-0.42,-1334000,3439000,-1334000,38533839,-2,-2.127,-9695000,-0.198,1.0,2097000,0.262,0,2064000,6114000,1032250,1658000,0,0,0,26000000,12216000,13784000,44311839,8644000,0,10552000,7787000,0,18339000,-361000,0,-9334000,0,-20527000,-20527000,-20527000,0,0,-2.562,20559000,-18462000,3299000,0.0,-33.217,-2.159,-2.095,408000,0,0.88,5.531,5.378,716000,-133395000,8012000,8012000,6049000,-0.926,-5.969,-17.885,-2.304,1770000,7841000,1.0,50354363,48967000,48967000,0.164,24666000,0,1000,0,0.489,11981000
NLST,MRY,2016-12-31,2016-12-31,2016-12-31,2018-05-15,0,19968000,20011000,19253000,715000,0.982,-0.009,-346000,12576000,12576000,12259000,-11231000,3.1,-38.747,15078000,827000,14251000,15078000,0,287000,0,0.0,0.0,-10648000,-10361000,-0.527,-10361000,-10648000,-11226000,-0.21,-0.21,-0.21,-529000,-809500,-529000,59994894,-5,-5.79,-21140000,-0.393,1.0,7396000,0.376,0,578000,16260000,13634000,3160000,0,0,0,20497000,6210000,14287000,62170894,-10208000,0,10330000,371000,0,10932000,-346000,0,-20794000,0,-11231000,-11231000,-11231000,0,0,-0.571,18044000,-10648000,4028000,0.0,-117.525,-5.536,-4.857,645000,0,1.02,3.163,2.791,1751000,-144626000,19655000,19655000,6287000,-0.561,13.874,-0.781,-0.542,1475000,9033000,1.0,60951857,53784000,53784000,0.365,19968000,0,5000,0,0.326,13043000
NLST,MRY,2017-12-31,2017-12-30,2017-12-30,2018-05-15,0,18790000,19040250,16925000,1865000,2.013,-0.073,-94000,9520000,9520000,35866000,-13420000,1.822,-4.528,16790000,2024000,14766000,16790000,0,280000,0,0.0,0.0,-12850000,-12570000,-0.328,-12570000,-12850000,-13414000,-0.2,-0.2,-0.2,-5326000,-5262500,-5326000,27902041,-2,-2.22,-11139000,-0.17,1.0,2456000,0.064,0,564000,16771000,16128500,4105000,0,0,0,24116000,9289000,14827000,21654041,-2756000,0,7224000,977000,0,8383000,-94000,0,-11045000,0,-13420000,-13420000,-13420000,0,0,-0.35,15306000,-12850000,6120000,0.0,-4.066,-1.614,-1.538,459000,0,0.307,0.565,0.526,2997000,-158046000,38322000,38322000,5231000,-0.705,2.55,-0.797,-0.335,1217000,7374000,1.0,70419646,65513000,65513000,0.585,18790000,0,6000,0,0.258,7636000
