ticker,dimension,calendardate,datekey,reportperiod,lastupdated,accoci,assets,assetsavg,assetsc,assetsnc,assetturnover,bvps,capex,cashneq,cashnequsd,cor,consolinc,currentratio,de,debt,debtc,debtnc,debtusd,deferredrev,depamor,deposits,divyield,dps,ebit,ebitda,ebitdamargin,ebitdausd,ebitusd,ebt,eps,epsdil,epsusd,equity,equityavg,equityusd,ev,evebit,evebitda,fcf,fcfps,fxusd,gp,grossmargin,intangibles,intexp,invcap,invcapavg,inventory,investments,investmentsc,investmentsnc,liabilities,liabilitiesc,liabilitiesnc,marketcap,ncf,ncfbus,ncfcommon,ncfdebt,ncfdiv,ncff,ncfi,ncfinv,ncfo,ncfx,netinc,netinccmn,netinccmnusd,netincdis,netincnci,netmargin,opex,opinc,payables,payoutratio,pb,pe,pe1,ppnenet,prefdivis,price,ps,ps1,receivables,retearn,revenue,revenueusd,rnd,roa,roe,roic,ros,sbcomp,sgna,sharefactor,sharesbas,shareswa,shareswadil,sps,tangibles,taxassets,taxexp,taxliabilities,tbvps,workingcapital
NOBH,MRY,2011-12-31,2011-11-05,2011-11-05,2018-03-19,,,,,,,,408,,,12962225,-5511475,,,,,,,,134982,,0.0,0.0,-5511475,-5376493,-0.4,-5376493,-5511475,-5511475,-1.36,-1.36,-1.36,,,,16573287,-3,-3.083,-3561532,-0.878,1.0,466474,0.035,,0,,,,,,,,,,23403950,-2019014,0,0,0,0,0,1542926,1652282,-3561940,0,-5511475,-5511475,-5511475,0,0,-0.41,3923737,-3457263,,0.0,,-4.246,-4.243,,0,5.77,1.743,1.743,,,13428699,13428699,0,,,,-0.41,96547,3923737,1.0,4056144,4056144,4056144,3.311,,,0,,,
NOBH,MRY,2012-12-31,2012-11-03,2012-11-03,2018-03-19,106090,35670859,35583897,19972029,15698830,0.445,8.452,-57982,7352480,7352480,12975478,49759,14.45,0.04,0,0,0,0,0,116248,350677,0.0,0.0,49759,166007,0.01,166007,49759,49759,0.01,0.01,0.01,34288744,34247408,34288744,15478129,311,93.238,752827,0.186,1.0,2859493,0.181,0,0,26936264,26653350,5781880,3617915,324429,3293486,1382115,1382115,0,22308792,1146262,0,0,0,0,0,335453,505924,810809,0,49759,49759,49759,0,0,0.003,2709481,150012,404546,0.0,0.651,448.337,550.0,10735549,0,5.5,1.409,1.409,2850276,32572678,15834971,15834971,0,0.001,0.001,0.002,0.003,43802,2709481,1.0,4056144,4056843,4056843,3.903,35670859,2165164,0,0,8.792,18589914
NOBH,MRY,2013-12-31,2013-11-02,2013-11-02,2018-03-19,240378,37150621,36238713,21836712,15313909,0.491,8.672,-66559,10468453,10468453,14412042,747106,11.102,0.056,0,0,0,0,0,102968,537052,0.0,0.0,740788,843756,0.047,843756,740788,740788,0.18,0.18,0.18,35183656,34576721,35183656,27672567,37,32.797,3231220,0.796,1.0,3376673,0.19,0,0,24715203,24880253,5043816,3581807,459781,3122026,1966965,1966965,0,37527740,3115973,0,0,0,0,0,-181806,1697,3297779,0,747106,747106,747106,0,0,0.042,2594981,781692,645519,0.0,1.067,50.231,51.389,10235458,0,9.25,2.11,2.11,2701057,33319784,17788715,17788715,0,0.021,0.022,0.03,0.042,13518,2594981,1.0,4057053,4057053,4057053,4.385,37150621,1996000,-6318,0,9.157,19869747
NOBH,MRY,2014-12-31,2014-11-01,2014-11-01,2018-03-19,281590,38928105,37734565,25918780,13009325,0.561,8.997,-317801,14116412,14116412,16780713,1257898,10.899,0.065,0,0,0,0,0,95843,1029088,0.0,0.0,1261934,1357777,0.064,1357777,1261934,1261934,0.31,0.31,0.31,36549960,35841931,36549960,29171824,23,21.485,3717920,0.916,1.0,4371546,0.207,0,0,22433548,23222012,5516540,6201170,503570,5697600,2378145,2378145,0,41630826,3647959,0,46603,0,0,46603,-434365,376,4035721,0,1257898,1257898,1257898,0,0,0.059,3060516,1311030,502259,0.0,1.139,33.096,33.065,8507274,0,10.25,1.968,1.967,2141468,34577682,21152259,21152259,0,0.033,0.035,0.054,0.06,8091,3060516,1.0,4061544,4059668,4060654,5.21,38928105,2001964,4036,0,9.582,23540635
NOBH,MRY,2015-12-31,2015-10-31,2015-10-31,2018-03-19,247724,42440857,40975830,29048030,13392827,0.679,9.684,-117976,16769,16769,21701429,2915395,8.684,0.086,0,0,0,0,0,110169,1323861,0.0,0.0,3051201,3161370,0.114,3161370,3051201,3051201,0.72,0.72,0.72,39095752,37964007,39095752,37180436,12,11.761,2647805,0.653,1.0,6135375,0.22,0,0,39078982,27026655,6019705,5809271,0,5809271,3345105,3345105,0,51805661,2652880,500000,-345024,0,0,-345024,232123,431,2765781,0,2915395,2915395,2915395,0,0,0.105,3193923,2941452,704467,0.0,1.325,17.77,17.847,3964878,0,12.85,1.861,1.871,2937922,37493077,27836804,27836804,0,0.071,0.077,0.113,0.11,9287,3193923,1.0,4031569,4052865,4053362,6.868,42440857,1866158,135806,0,10.513,25702925
NOBH,MRY,2016-12-31,2016-11-05,2016-11-05,2018-03-19,,,,,,,,-829002,,,26117155,5965194,,,,,,,,98616,,0.0,0.0,9184236,9282852,0.273,9282852,9184236,9184236,1.48,1.48,1.48,,,,40004399,4,4.309,5919696,1.472,1.0,7936135,0.233,,0,,,,,,,,,,62313208,7793346,1960005,-419416,0,0,-419416,1464064,503508,6748698,0,5965194,5965194,5965194,0,0,0.175,3782336,4153799,,0.0,,10.446,10.473,,0,15.5,1.83,1.83,,,34053290,34053290,0,,,,0.27,6530,3782336,1.0,4020207,4021019,4022083,8.469,,,3219042,,,
NOBH,MRY,2017-12-31,2017-11-04,2017-11-04,2018-03-19,412233,54148215,,42062783,12085432,,11.861,-350948,27910504,27910504,28881992,3309983,7.432,0.142,0,0,0,0,0,113757,2796827,0.009,0.15,5168250,5282007,0.141,5282007,5168250,5168250,0.83,0.83,0.83,47414297,,47414297,42351602,8,8.018,3414162,0.853,1.0,8661079,0.231,0,0,20578300,,7505681,6114756,1140582,4974174,6733918,5659411,1074507,67958673,3347866,0,-114747,0,-600726,-715473,298229,821695,3765110,0,3309983,3309983,3309983,0,0,0.088,4305205,4355874,849782,0.181,1.433,20.531,20.482,4904226,0,17.0,1.81,1.812,4068386,46167528,37543071,37543071,0,,,,0.138,7218,4305205,1.0,3997569,4002436,4003768,9.38,54148215,609629,1858267,1334923,13.545,36403372
