ticker,dimension,calendardate,datekey,reportperiod,lastupdated,accoci,assets,assetsavg,assetsc,assetsnc,assetturnover,bvps,capex,cashneq,cashnequsd,cor,consolinc,currentratio,de,debt,debtc,debtnc,debtusd,deferredrev,depamor,deposits,divyield,dps,ebit,ebitda,ebitdamargin,ebitdausd,ebitusd,ebt,eps,epsdil,epsusd,equity,equityavg,equityusd,ev,evebit,evebitda,fcf,fcfps,fxusd,gp,grossmargin,intangibles,intexp,invcap,invcapavg,inventory,investments,investmentsc,investmentsnc,liabilities,liabilitiesc,liabilitiesnc,marketcap,ncf,ncfbus,ncfcommon,ncfdebt,ncfdiv,ncff,ncfi,ncfinv,ncfo,ncfx,netinc,netinccmn,netinccmnusd,netincdis,netincnci,netmargin,opex,opinc,payables,payoutratio,pb,pe,pe1,ppnenet,prefdivis,price,ps,ps1,receivables,retearn,revenue,revenueusd,rnd,roa,roe,roic,ros,sbcomp,sgna,sharefactor,sharesbas,shareswa,shareswadil,sps,tangibles,taxassets,taxexp,taxliabilities,tbvps,workingcapital
NSSC,MRY,2011-12-31,2011-06-30,2011-06-30,2018-05-08,0,68795000,68681250,42181000,26614000,1.039,1.855,-737000,3077000,3077000,51291000,1121000,3.246,0.942,23777000,3572000,20205000,23777000,0,2311000,0,0.0,0.0,2467000,4778000,0.067,4778000,2467000,807000,0.06,0.06,0.06,35429000,33968500,35429000,79244267,32,16.585,3627000,0.19,1.0,20101000,0.282,12316000,1660000,64183000,66673250,24187000,0,0,0,33366000,12996000,20370000,56714267,-2445000,0,0,-6072000,0,-6072000,-737000,0,4364000,0,1121000,1121000,1121000,0,0,0.016,17588000,2513000,4649000,0.0,1.601,50.593,49.5,7741000,0,2.97,0.794,0.794,17640000,26771000,71392000,71392000,0,0.016,0.033,0.037,0.035,66000,17188000,1.0,19095713,19096000,19176000,3.739,56479000,2611000,-314000,602000,2.958,29185000
NSSC,MRY,2012-12-31,2012-06-30,2012-06-30,2018-05-08,0,64750000,65319500,40449000,24301000,1.086,1.975,-606000,2979000,2979000,49776000,2286000,4.906,0.716,20257000,1600000,18657000,20257000,0,2275000,0,0.0,0.0,3702000,5977000,0.084,5977000,3702000,2553000,0.12,0.12,0.12,37723000,36113250,37723000,74242396,20,12.421,3490000,0.183,1.0,21152000,0.298,11251000,1149000,62533000,55384250,23282000,0,0,0,27027000,8244000,18783000,56141396,-98000,0,0,-3520000,0,-3588000,-606000,0,4096000,0,2286000,2286000,2286000,0,0,0.032,17341000,3811000,3163000,0.0,1.488,24.559,24.5,7247000,0,2.94,0.792,0.792,16408000,29057000,70928000,70928000,0,0.035,0.063,0.067,0.052,8000,17341000,1.0,19095713,19096000,19303000,3.714,53499000,2412000,267000,204000,2.802,32205000
NSSC,MRY,2013-12-31,2013-06-30,2013-06-30,2018-05-08,0,63903000,61728500,41836000,22067000,1.156,2.1,-383000,3229000,3229000,49662000,3021000,4.856,0.584,16400000,1600000,14800000,16400000,0,1974000,0,0.0,0.0,3703000,5677000,0.08,5677000,3703000,3208000,0.16,0.16,0.16,40335000,37986500,40335000,107180481,28,18.88,4516000,0.235,1.0,21724000,0.304,10334000,495000,58125000,57651500,21907000,0,0,0,23568000,8615000,14953000,92236481,250000,0,-435000,-3857000,0,-4266000,-383000,0,4899000,0,3021000,3021000,3021000,0,0,0.042,18007000,3717000,3318000,0.0,2.287,30.532,29.875,6586000,0,4.78,1.292,1.286,18211000,32078000,71386000,71386000,0,0.049,0.08,0.064,0.052,0,18007000,1.0,19296335,19210000,19362000,3.716,53569000,2232000,187000,153000,2.789,33221000
NSSC,MRY,2014-12-31,2014-06-30,2014-06-30,2018-05-08,0,63364000,61565500,42679000,20685000,1.208,2.256,-753000,2483000,2483000,50669000,3476000,4.617,0.448,11800000,1600000,10200000,11800000,0,1740000,0,0.0,0.0,4302000,6042000,0.081,6042000,4302000,4007000,0.18,0.18,0.18,43752000,41429000,43752000,115220582,26,19.07,3990000,0.206,1.0,23713000,0.319,9552000,295000,53886000,52450250,25010000,0,0,0,19612000,9243000,10369000,105445582,-746000,0,-260000,-4600000,0,-4736000,-753000,0,4743000,0,3476000,3476000,3476000,0,0,0.047,19397000,4316000,4082000,0.0,2.41,30.335,30.167,6394000,0,5.43,1.418,1.416,16904000,35554000,74382000,74382000,0,0.056,0.084,0.082,0.058,76000,19397000,1.0,19419076,19392000,19428000,3.836,53812000,1865000,531000,169000,2.775,33436000
NSSC,MRY,2015-12-31,2015-06-30,2015-06-30,2018-05-08,0,65037000,62766500,45023000,20014000,1.239,2.427,-730000,2346000,2346000,51715000,4845000,4.773,0.399,10700000,1600000,9100000,10700000,0,1570000,0,0.0,0.0,5276000,6846000,0.088,6846000,5276000,5061000,0.25,0.25,0.25,46504000,44245000,46504000,117615238,22,17.18,3157000,0.165,1.0,26047000,0.335,8886000,215000,55072000,53128500,26870000,0,0,0,18533000,9433000,9100000,108690238,-137000,0,-2194000,-1100000,0,-3294000,-730000,0,3887000,0,4845000,4845000,4845000,0,0,0.062,20766000,5281000,3954000,0.0,2.337,22.433,22.92,6234000,0,5.73,1.398,1.412,17994000,40399000,77762000,77762000,0,0.077,0.11,0.099,0.068,101000,20766000,1.0,18968628,19164000,19169000,4.058,56151000,1514000,216000,5000,2.93,35590000
NSSC,MRY,2016-12-31,2016-06-30,2016-06-30,2018-05-08,0,64769000,63011000,45884000,18885000,1.31,2.717,-693000,3805000,3805000,54929000,5773000,5.1,0.263,4800000,300000,4500000,4800000,0,1420000,0,0.0,0.0,6323000,7743000,0.094,7743000,6323000,6144000,0.31,0.31,0.31,51273000,48263000,51273000,123690639,19,15.975,8467000,0.449,1.0,27584000,0.334,8357000,179000,48411000,50494750,25337000,0,0,0,13496000,8996000,4500000,119484639,1459000,0,-1108000,-5900000,0,-7008000,-693000,0,9160000,0,5773000,5773000,5773000,0,0,0.07,21261000,6323000,4328000,0.0,2.33,20.697,20.516,6049000,0,6.36,1.448,1.455,19012000,46172000,82513000,82513000,0,0.092,0.12,0.125,0.077,103000,21261000,1.0,18786893,18874000,18894000,4.372,56412000,1139000,371000,8000,2.989,36888000
NSSC,MRY,2017-12-31,2017-06-30,2017-06-30,2018-05-08,0,70862000,66288000,51271000,19591000,1.318,3.025,-1414000,3454000,3454000,57796000,5599000,4.896,0.246,3500000,0,3500000,3500000,0,1374000,0,0.0,0.0,6378000,7752000,0.089,7752000,6378000,6295000,0.3,0.3,0.3,56889000,53851000,56889000,178211775,27,22.989,1034000,0.055,1.0,29578000,0.339,7916000,83000,52519000,48661750,30579000,0,0,0,13973000,10473000,3500000,177139775,-351000,0,49000,-1300000,0,-1385000,-1414000,0,2448000,0,5599000,5599000,5599000,0,0,0.064,23200000,6378000,5653000,0.0,3.114,31.638,31.333,6543000,0,9.4,2.027,2.024,20275000,51771000,87374000,87374000,0,0.084,0.104,0.131,0.073,236000,23200000,1.0,18844657,18809000,18854000,4.645,62946000,644000,696000,289000,3.347,40798000
