ticker,dimension,calendardate,datekey,reportperiod,lastupdated,accoci,assets,assetsavg,assetsc,assetsnc,assetturnover,bvps,capex,cashneq,cashnequsd,cor,consolinc,currentratio,de,debt,debtc,debtnc,debtusd,deferredrev,depamor,deposits,divyield,dps,ebit,ebitda,ebitdamargin,ebitdausd,ebitusd,ebt,eps,epsdil,epsusd,equity,equityavg,equityusd,ev,evebit,evebitda,fcf,fcfps,fxusd,gp,grossmargin,intangibles,intexp,invcap,invcapavg,inventory,investments,investmentsc,investmentsnc,liabilities,liabilitiesc,liabilitiesnc,marketcap,ncf,ncfbus,ncfcommon,ncfdebt,ncfdiv,ncff,ncfi,ncfinv,ncfo,ncfx,netinc,netinccmn,netinccmnusd,netincdis,netincnci,netmargin,opex,opinc,payables,payoutratio,pb,pe,pe1,ppnenet,prefdivis,price,ps,ps1,receivables,retearn,revenue,revenueusd,rnd,roa,roe,roic,ros,sbcomp,sgna,sharefactor,sharesbas,shareswa,shareswadil,sps,tangibles,taxassets,taxexp,taxliabilities,tbvps,workingcapital
NTCT,MRY,2011-12-31,2011-03-31,2011-03-31,2018-05-22,-676000,527570000,495898500,283726000,243844000,0.586,7.537,-7491000,67168000,67168000,61361000,37265000,2.077,0.651,68106000,15000000,53106000,68106000,99976000,13877000,0,0.0,0.0,58745000,72622000,0.25,72622000,58745000,56293000,0.89,0.87,0.89,319559000,296551000,319559000,1104148961,18,15.204,59698000,1.419,1.0,229179000,0.789,175863000,2452000,216055000,167376750,8925000,161310000,133430000,27880000,208011000,136590000,71421000,1153774961,3846000,0,-367000,-11250000,0,-3379000,-59964000,-52473000,67189000,0,37265000,37265000,37265000,0,0,0.128,171114000,58065000,9709000,0.0,3.611,30.961,30.697,13467000,0,27.32,3.971,3.955,62801000,128424000,290540000,290540000,40628000,0.075,0.126,0.351,0.202,6439000,128579000,1.0,42231880,42059000,42973000,6.908,351707000,31755000,19028000,0,8.295,147136000
NTCT,MRY,2012-12-31,2012-03-31,2012-03-31,2018-05-22,212000,567757000,526317500,289687000,278070000,0.586,8.198,-11088000,117255000,117255000,65672000,32428000,2.16,0.658,62000000,0,62000000,62000000,112215000,16642000,0,0.0,0.0,52684000,69326000,0.225,69326000,52684000,50918000,0.77,0.76,0.77,342369000,326578500,342369000,804418941,15,11.603,57219000,1.361,1.0,243007000,0.787,225069000,1766000,153342000,165638250,8021000,96261000,79617000,16644000,225388000,134091000,91297000,845180941,50087000,-46721000,-20122000,-7415000,0,-27418000,9208000,67217000,68307000,-10000,32428000,32428000,32428000,0,0,0.105,189324000,53683000,7539000,0.0,2.469,26.063,26.416,16457000,0,20.34,2.738,2.77,69795000,160852000,308679000,308679000,49478000,0.062,0.099,0.318,0.171,8651000,137112000,1.0,41552652,42035000,42750000,7.343,342688000,26729000,18490000,0,8.206,155596000
NTCT,MRY,2013-12-31,2013-03-31,2013-03-31,2018-05-22,671000,552176000,550673250,237312000,314864000,0.637,8.958,-11671000,99930000,99930000,74008000,40609000,1.635,0.485,0,0,0,0,120962000,17464000,0,0.0,0.0,65027000,82491000,0.235,82491000,65027000,63736000,0.97,0.96,0.97,371903000,356637000,371903000,931624132,14,11.294,83741000,2.01,1.0,276542000,0.789,266280000,1291000,40795000,78777750,7563000,54161000,37338000,16823000,180273000,145171000,35102000,1022460132,-17325000,-51273000,-26873000,-62000000,0,-91004000,-21742000,41479000,95412000,9000,40609000,40609000,40609000,0,0,0.116,212013000,64529000,10161000,0.0,2.749,25.178,25.33,19678000,0,24.57,2.917,2.92,73900000,201461000,350550000,350550000,61546000,0.074,0.114,0.825,0.185,9591000,146525000,1.0,41614169,41665000,42322000,8.414,285896000,18749000,23127000,114000,6.887,92141000
NTCT,MRY,2014-12-31,2014-03-31,2014-03-31,2018-05-22,2772000,607763000,566674500,278762000,329001000,0.7,9.928,-13066000,102076000,102076000,84513000,49106000,1.711,0.485,0,0,0,0,133940000,18260000,0,0.0,0.0,78624000,96884000,0.244,96884000,78624000,77856000,1.19,1.17,1.19,409161000,390249750,409161000,1464498600,18,15.116,97880000,2.366,1.0,312134000,0.787,261959000,768000,80764000,62538000,12580000,116718000,75234000,41484000,198602000,162964000,35638000,1553146600,2146000,0,-33510000,0,0,-31963000,-76581000,-62429000,110946000,-256000,49106000,49106000,49106000,0,0,0.124,234120000,78014000,11541000,0.0,3.796,31.628,31.58,23098000,0,37.58,3.916,3.919,60518000,250567000,396647000,396647000,70454000,0.087,0.126,1.257,0.198,12930000,160234000,1.0,41329074,41366000,41955000,9.589,345804000,16858000,28750000,791000,8.391,115798000
NTCT,MRY,2015-12-31,2015-03-31,2015-03-31,2018-05-22,-4645000,669049000,621913750,337284000,331765000,0.729,10.619,-12808000,104893000,104893000,94561000,61192000,1.798,0.535,0,0,0,0,150383000,19709000,0,0.0,0.0,95738000,115447000,0.254,115447000,95738000,94965000,1.49,1.47,1.49,435750000,423279000,435750000,1700682498,17,14.731,94125000,2.29,1.0,359108000,0.792,247625000,773000,128898000,112109750,12130000,159964000,101392000,58572000,233299000,187633000,45666000,1807386498,2817000,0,-51574000,0,0,-48760000,-56185000,-43203000,106933000,829000,61192000,61192000,61192000,0,0,0.135,262335000,96773000,13077000,0.0,4.148,29.536,29.43,23864000,0,43.85,3.984,3.973,82226000,311759000,453669000,453669000,75242000,0.098,0.145,0.854,0.211,16580000,183742000,1.0,41217480,41105000,41637000,11.037,421424000,23148000,33773000,107000,10.27,149651000
NTCT,MRY,2016-12-31,2016-03-31,2016-03-31,2018-05-22,-1501000,3592843000,2868445000,740478000,2852365000,0.333,25.365,-26408000,210711000,210711000,328449000,-28369000,1.62,0.47,300000000,0,300000000,300000000,364777000,140071000,0,0.0,0.0,-26110000,113961000,0.119,113961000,-26110000,-32439000,-0.35,-0.35,-0.35,2443382000,1998173250,2443382000,2283641363,-87,20.039,70803000,0.864,1.0,626970000,0.656,2763409000,6329000,461667000,381039000,58029000,141364000,128003000,13361000,1149461000,457056000,692405000,2264162363,105818000,27700000,1000,294623000,0,-17226000,25089000,18453000,97211000,744000,-28369000,-28369000,-28369000,0,0,-0.03,652520000,-25550000,43969000,0.0,0.927,-79.811,-65.629,62033000,0,22.97,2.37,1.97,247199000,283390000,955419000,955419000,208630000,-0.01,-0.014,-0.069,-0.027,28351000,411049000,1.0,98570412,81927000,81927000,11.662,829434000,24343000,-4070000,2091000,8.61,283422000
NTCT,MRY,2017-12-31,2017-03-31,2017-03-31,2018-05-22,-3472000,3601513000,3517163250,854466000,2747047000,0.33,26.512,-31117000,304880000,304880000,346139000,33291000,1.857,0.478,300000000,0,300000000,300000000,397189000,160863000,0,0.0,0.0,61369000,222232000,0.191,222232000,61369000,52185000,0.36,0.36,0.36,2436250000,2399934750,2436250000,3538480955,57,15.922,195647000,2.121,1.0,815973000,0.702,2649431000,9184000,487015000,443983750,40002000,159825000,137892000,21933000,1165263000,460187000,705076000,3483313955,94829000,-3946000,2000,0,0,-89553000,-41621000,-18391000,226764000,-761000,33291000,33291000,33291000,0,0,0.029,753909000,62064000,37407000,0.0,1.43,104.632,105.417,61393000,0,37.95,2.997,3.012,294374000,316681000,1162112000,1162112000,232701000,0.009,0.014,0.138,0.053,39189000,447066000,1.0,91786929,92226000,92920000,12.601,952082000,46926000,18894000,5057000,10.361,394279000
NTCT,MRY,2018-12-31,2018-03-31,2018-03-31,2018-05-22,2895000,3368608000,3363845500,752408000,2616200000,0.293,25.002,-16050000,369821000,369821000,271905000,79812000,1.82,0.628,600000000,0,600000000,600000000,393334000,153503000,0,0.0,0.0,-6026000,147477000,0.149,147477000,-6026000,-18659000,0.91,0.9,0.91,2068782000,2237501500,2068782000,2267576243,-376,15.376,206404000,2.361,1.0,714882000,0.724,2544138000,12633000,641349000,440620750,34774000,77941000,77941000,0,1299826000,413300000,886526000,2299488243,65005000,-7811000,1000,294619000,0,-220962000,57128000,81533000,222454000,6385000,79812000,79812000,79812000,0,0,0.081,718940000,-4058000,30133000,0.0,1.112,28.811,28.956,52511000,0,26.35,2.33,2.334,213438000,396493000,986787000,986787000,215076000,0.024,0.036,-0.014,-0.006,47317000,422015000,1.0,87267106,87425000,88261000,11.287,824470000,29617000,-98471000,1526000,9.964,339108000
