ticker,dimension,calendardate,datekey,reportperiod,lastupdated,accoci,assets,assetsavg,assetsc,assetsnc,assetturnover,bvps,capex,cashneq,cashnequsd,cor,consolinc,currentratio,de,debt,debtc,debtnc,debtusd,deferredrev,depamor,deposits,divyield,dps,ebit,ebitda,ebitdamargin,ebitdausd,ebitusd,ebt,eps,epsdil,epsusd,equity,equityavg,equityusd,ev,evebit,evebitda,fcf,fcfps,fxusd,gp,grossmargin,intangibles,intexp,invcap,invcapavg,inventory,investments,investmentsc,investmentsnc,liabilities,liabilitiesc,liabilitiesnc,marketcap,ncf,ncfbus,ncfcommon,ncfdebt,ncfdiv,ncff,ncfi,ncfinv,ncfo,ncfx,netinc,netinccmn,netinccmnusd,netincdis,netincnci,netmargin,opex,opinc,payables,payoutratio,pb,pe,pe1,ppnenet,prefdivis,price,ps,ps1,receivables,retearn,revenue,revenueusd,rnd,roa,roe,roic,ros,sbcomp,sgna,sharefactor,sharesbas,shareswa,shareswadil,sps,tangibles,taxassets,taxexp,taxliabilities,tbvps,workingcapital
NTWK,MRY,2011-12-31,2011-06-30,2011-06-30,2018-05-14,-8805922,85646379,82690696,34590438,51055941,0.442,9.511,-8771213,9872802,9872802,14804126,9702970,1.728,0.396,12847792,12127436,720356,12847792,2653460,4288512,0,0.0,0.0,6712337,11000849,0.301,11000849,6712337,5848630,1.18,1.16,1.18,52410690,47784395,52410690,100235413,14,9.112,5150978,1.061,1.0,21743448,0.595,35041480,863707,33565040,32784230,0,0,0,0,20735205,20014849,720356,96314714,97256,0,5714300,-156205,-1291313,4266782,-17795596,-927982,13922191,-296121,5728088,5728088,5728088,0,3974882,0.157,12437596,9305852,4730027,0.0,1.838,16.814,14.746,16014461,0,17.4,2.635,2.311,22663732,-34130944,36547574,36547574,0,0.069,0.12,0.205,0.184,1345392,10084094,1.0,5535328,4854320,4956819,7.529,50604899,0,120542,0,9.183,14575589
NTWK,MRY,2012-12-31,2012-06-30,2012-06-30,2018-05-14,-12361759,91347214,87491785,36278106,55069108,0.455,9.585,-4867632,7740838,7740838,18278023,6649271,2.719,0.274,9569745,6557182,3012563,9569745,2704661,4641987,0,0.0,0.0,3325612,7967599,0.2,7967599,3325612,2501928,0.39,0.39,0.39,59595231,55639813,59595231,33535519,10,4.209,3245083,0.522,1.0,21497501,0.54,38156313,823684,41679809,39429297,0,0,0,0,16352562,13339999,3012563,32749990,3426805,-253192,6471800,-2597161,-341657,9091751,-11407346,-119417,8112715,-2370315,2446544,2446544,2446544,0,4202727,0.062,14232919,7264582,3869355,0.0,0.55,13.386,11.231,16912795,0,4.38,0.823,0.685,25888966,-31684399,39775524,39775524,0,0.028,0.044,0.084,0.084,669546,12001812,1.0,7477166,6217842,6244185,6.397,53190901,0,55384,0,8.555,22938107
NTWK,MRY,2013-12-31,2013-06-30,2013-06-30,2018-05-14,-15714112,102704115,99742113,42074279,60629836,0.5,8.089,-8840444,9749555,9749555,20301739,12088055,3.545,0.184,6720838,5308626,1412212,6720838,2446018,5702749,0,0.0,0.0,8992536,14695285,0.295,14695285,8992536,8328569,0.96,0.95,0.96,72150524,66903188,72150524,87232666,9,5.936,5005375,0.61,1.0,29547724,0.593,39105984,663967,48699298,44191242,0,545483,0,545483,13282328,11870116,1412212,89831001,274711,0,2537518,1164949,0,1690794,-14472252,-799349,13845819,-789650,7863143,7863143,7863143,0,4224912,0.158,16096079,13451645,4027147,0.0,1.245,11.424,10.479,20978369,0,10.06,1.802,1.655,30051410,-23821256,49849463,49849463,158821,0.079,0.118,0.203,0.18,717284,14381856,1.0,8929523,8201247,8288951,6.078,63598131,0,465426,0,7.13,30204163
NTWK,MRY,2014-12-31,2014-06-30,2014-06-30,2018-05-14,-14979223,94903274,100751975,26862560,68040714,0.361,6.845,-13147495,13991539,13991539,27720340,-12937722,1.838,0.258,7323338,5791258,1532080,7323338,3239852,8730736,0,0.0,0.0,-10762088,-2031352,-0.056,-2031352,-10762088,-11017765,-1.25,-1.25,-1.25,62633167,67696025,62633167,28319354,-2,-13.941,5487407,0.605,1.0,8664463,0.238,38319586,255677,35301972,40956249,0,0,0,0,16145595,14613515,1532080,35505449,3588377,1810700,709435,363542,0,-233144,-14739798,-17852,18634902,-73583,-11356047,-11356047,-11356047,0,-1581675,-0.312,21754296,-13089833,5234887,0.0,0.567,-3.127,-3.104,29721128,0,3.88,0.976,0.966,10013142,-35177303,36384803,36384803,249712,-0.113,-0.168,-0.263,-0.296,1266547,19618436,1.0,9150889,9063345,9063345,4.015,56583688,0,338282,0,6.184,12249045
NTWK,MRY,2015-12-31,2015-06-30,2015-06-30,2018-05-14,-17167100,88962334,90711866,31279515,57682819,0.563,5.867,-2456097,14258957,14258957,33591512,-5249172,2.109,0.256,4383845,3896353,487492,4383845,4897327,10343814,0,0.0,0.0,-4968358,5375456,0.105,5375456,-4968358,-5135320,-0.57,-0.57,-0.57,59799636,60408953,59799636,45205513,-9,8.41,2622185,0.27,1.0,17457066,0.342,32332035,166962,31920622,32517455,0,0,0,0,15322057,14834565,487492,52599185,2706262,-577222,2485999,-2668861,0,1461230,-3033319,0,5078282,-799931,-5548818,-5548818,-5548818,0,299646,-0.109,22622872,-5165806,5952561,0.0,0.88,-9.479,-9.035,25119634,0,5.15,1.03,0.981,15239518,-40726121,51048578,51048578,314892,-0.061,-0.092,-0.153,-0.097,1997637,20301023,1.0,10213434,9728122,9728122,5.248,56630299,0,413498,0,5.556,16444950
NTWK,MRY,2016-12-31,2016-06-30,2016-06-30,2018-05-14,-18730494,93349415,89135835,40451826,52897589,0.724,6.096,-2349488,11647527,11647527,33748607,5057141,2.656,0.244,4917776,4440084,477692,4917776,4739214,7152139,0,0.0,0.0,4319818,11471957,0.178,11471957,4319818,4055307,0.33,0.32,0.33,64303629,60861943,64303629,54544936,12,4.755,-690452,-0.066,1.0,30801586,0.477,29190601,264511,42198671,37434488,0,0,0,0,15708084,15230392,477692,61662224,-2611430,-1322953,1202411,382877,0,598179,-3672441,0,1659036,-1196204,3402761,3402761,3402761,0,1654380,0.053,24499885,6301701,5962770,0.0,0.959,18.121,17.697,22774435,0,5.84,0.955,0.94,26679671,-37323360,64550193,64550193,485783,0.038,0.056,0.115,0.067,1533209,22551229,1.0,10558600,10391157,10584835,6.212,64158814,0,652546,0,6.082,25221434
NTWK,MRY,2017-12-31,2017-06-30,2017-06-30,2018-05-14,-18074570,99677330,96148292,44272075,55405255,0.68,5.712,-1422185,14262954,14262954,36958332,-1736436,2.097,0.339,10589557,10222795,366762,10589557,3925702,6562334,0,0.0,0.0,-3736035,2826299,0.043,2826299,-3736035,-4046079,-0.46,-0.46,-0.46,63394471,64085165,63394471,41582653,-11,14.713,-967820,-0.089,1.0,28407936,0.435,26559719,310044,48327199,47189084,0,200000,200000,0,21483777,21117015,366762,43972778,2615427,-1105555,827553,5630587,0,4377249,-2727740,-200000,454365,511553,-4978030,-4978030,-4978030,0,3241594,-0.076,29409150,-1001214,6880194,0.0,0.694,-8.833,-8.587,20370703,0,3.95,0.673,0.659,32608773,-42301390,65366268,65366268,393345,-0.052,-0.078,-0.079,-0.057,2763323,26493779,1.0,11132349,10912284,10912284,5.99,73117611,0,931951,0,6.589,23155060
