ticker,dimension,calendardate,datekey,reportperiod,lastupdated,accoci,assets,assetsavg,assetsc,assetsnc,assetturnover,bvps,capex,cashneq,cashnequsd,cor,consolinc,currentratio,de,debt,debtc,debtnc,debtusd,deferredrev,depamor,deposits,divyield,dps,ebit,ebitda,ebitdamargin,ebitdausd,ebitusd,ebt,eps,epsdil,epsusd,equity,equityavg,equityusd,ev,evebit,evebitda,fcf,fcfps,fxusd,gp,grossmargin,intangibles,intexp,invcap,invcapavg,inventory,investments,investmentsc,investmentsnc,liabilities,liabilitiesc,liabilitiesnc,marketcap,ncf,ncfbus,ncfcommon,ncfdebt,ncfdiv,ncff,ncfi,ncfinv,ncfo,ncfx,netinc,netinccmn,netinccmnusd,netincdis,netincnci,netmargin,opex,opinc,payables,payoutratio,pb,pe,pe1,ppnenet,prefdivis,price,ps,ps1,receivables,retearn,revenue,revenueusd,rnd,roa,roe,roic,ros,sbcomp,sgna,sharefactor,sharesbas,shareswa,shareswadil,sps,tangibles,taxassets,taxexp,taxliabilities,tbvps,workingcapital
NX,MRY,2011-12-31,2011-10-31,2011-10-31,2018-03-06,-3642000,584929000,584987500,245073000,339856000,1.45,11.907,-25205000,89619000,89619000,712091000,9066000,2.34,0.338,1666000,352000,1314000,1666000,0,33932000,0,0.011,0.16,15952000,49884000,0.059,49884000,15952000,15503000,0.24,0.24,0.24,437226000,437153250,437226000,497441226,31,9.972,27739000,0.75,1.0,136203000,0.161,157375000,449000,234852000,243349500,55842000,0,0,0,147703000,104749000,42954000,558186226,-97559000,-110845000,-9213000,-340000,-5979000,-14914000,-135367000,0,52944000,-222000,9066000,9066000,9066000,12000,0,0.011,119725000,16478000,66339000,0.667,1.277,61.569,61.458,158209000,0,14.75,0.658,0.643,81969000,213143000,848294000,848294000,0,0.015,0.021,0.066,0.019,4477000,83994000,1.0,37843134,37007000,37537000,22.923,427554000,18889000,6437000,8412000,11.644,140324000
NX,MRY,2012-12-31,2012-10-31,2012-10-31,2018-03-06,-5299000,589538000,575664250,250870000,338668000,0.831,11.483,-42827000,71255000,71255000,355669000,-16534000,1.963,0.398,1401000,368000,1033000,1401000,0,37596000,0,0.01,0.2,-18610000,18986000,0.04,18986000,-18610000,-19041000,-0.45,-0.45,-0.45,421827000,420836750,421827000,669035073,-35,35.238,-16349000,-0.446,1.0,122909000,0.257,146711000,431000,245161000,245762250,65904000,0,0,0,167711000,127812000,39899000,730000073,-18364000,0,1731000,-264000,-5891000,-3928000,-41704000,0,26478000,790000,-16534000,-16534000,-16534000,9973000,0,-0.035,131771000,-8862000,80985000,-0.444,1.731,-44.151,-43.933,168877000,0,19.77,1.525,1.513,85644000,193105000,478578000,478578000,0,-0.029,-0.039,-0.076,-0.039,3907000,100884000,1.0,36924637,36622000,36622000,13.068,442827000,29350000,-2507000,6736000,12.054,123058000
NX,MRY,2013-12-31,2013-10-31,2013-10-31,2018-03-06,-2400000,571815000,570083500,236283000,335532000,0.973,11.266,-37591000,49734000,49734000,419733000,-11703000,1.939,0.374,863000,162000,701000,863000,0,60504000,0,0.009,0.16,-17970000,42534000,0.077,42534000,-17970000,-18591000,-0.32,-0.32,-0.32,416194000,412910500,416194000,644070077,-35,15.142,5928000,0.161,1.0,135134000,0.244,150828000,621000,250248000,282955750,41679000,0,0,0,155621000,121868000,33753000,659015077,-21521000,-22096000,2583000,-1757000,-5931000,-4869000,-59687000,0,43519000,-484000,-11703000,-11703000,-11703000,-681000,0,-0.021,153955000,-18821000,37532000,-0.5,1.583,-56.312,-55.563,106821000,0,17.78,1.188,1.181,59460000,177456000,554867000,554867000,0,-0.021,-0.028,-0.064,-0.032,4674000,98969000,1.0,37064965,36864000,36864000,15.052,420987000,23378000,-6888000,5396000,11.396,114415000
NX,MRY,2014-12-31,2014-10-31,2014-10-31,2018-03-06,-5708000,517113000,532086500,260429000,256684000,1.119,11.377,-32947000,120384000,120384000,464584000,29234000,3.506,0.229,785000,199000,586000,785000,0,36910000,0,0.008,0.16,35264000,72174000,0.121,72174000,35264000,34702000,0.79,0.78,0.79,420920000,428387250,420920000,618049871,17,8.563,-12169000,-0.328,1.0,130800000,0.22,140696000,562000,182542000,206065500,57358000,0,0,0,96193000,74276000,21917000,751461871,70650000,102270000,-19032000,-175000,-5992000,-24459000,74124000,0,20778000,207000,29234000,29234000,29234000,-20896000,0,0.049,116524000,14276000,41488000,0.203,1.785,25.705,25.342,109487000,0,20.02,1.262,1.248,55193000,202319000,595384000,595384000,0,0.055,0.068,0.171,0.059,3271000,82150000,1.0,37535558,37128000,37679000,16.036,376417000,22987000,5468000,4733000,10.174,186153000
NX,MRY,2015-12-31,2015-10-31,2015-10-31,2018-03-06,-10049000,565516000,518048000,158226000,407290000,1.246,11.751,-29718000,23125000,23125000,499097000,16093000,1.793,0.431,56126000,2359000,53767000,56126000,0,35220000,0,0.008,0.16,24623000,59843000,0.093,59843000,24623000,23632000,0.47,0.47,0.47,395295000,385972250,395295000,705040638,28,11.782,37369000,1.099,1.0,146431000,0.227,250580000,991000,259689000,244531500,63029000,0,0,0,170221000,88248000,81973000,640008638,-97259000,-131689000,-47610000,48484000,-5515000,-4581000,-160144000,0,67087000,379000,16093000,16093000,16093000,-479000,0,0.025,121756000,24675000,47778000,0.34,1.619,39.769,40.149,140672000,0,18.87,0.991,0.994,64080000,222138000,645528000,645528000,0,0.031,0.042,0.101,0.038,4206000,86536000,1.0,33916727,33993000,34502000,18.99,314936000,8783000,7539000,1311000,9.362,69978000
NX,MRY,2016-12-31,2016-10-31,2016-10-31,2018-03-06,-38765000,780353000,820781500,203974000,576379000,1.131,10.833,-36199000,25526000,25526000,710644000,-1859000,1.787,1.121,269531000,10520000,259011000,269531000,0,53146000,0,0.01,0.16,30874000,84020000,0.091,84020000,30874000,-5624000,-0.05,-0.05,-0.05,367831000,377924750,367831000,827678084,26,9.851,50219000,1.482,1.0,217540000,0.234,371215000,36498000,539009000,586663750,84335000,0,0,0,412522000,114134000,298388000,557794084,2401000,-245904000,3400000,198305000,-5470000,196371000,-282103000,0,86418000,1715000,-1859000,-1859000,-1859000,0,0,-0.002,181187000,36353000,47781000,-3.2,1.516,-300.051,-326.0,198497000,0,16.3,0.601,0.595,83625000,214047000,928184000,928184000,0,-0.002,-0.005,0.053,0.033,5953000,114910000,1.0,34220496,33876000,33876000,27.399,409138000,0,-3765000,19633000,12.05,89840000
NX,MRY,2017-12-31,2017-10-31,2017-10-31,2018-03-06,-25076000,773879000,772927000,191801000,582078000,1.121,11.794,-32627000,17455000,17455000,672162000,18683000,1.802,0.902,239426000,21242000,218184000,239426000,0,57495000,0,0.007,0.16,35097000,92592000,0.107,92592000,35097000,25502000,0.55,0.54,0.55,406847000,385307500,406847000,1011186666,28,10.921,45927000,1.342,1.0,194393000,0.224,361972000,9595000,527423000,555389250,87529000,0,0,0,367032000,106455000,260577000,762580666,-8071000,-8497000,7953000,-48097000,-5516000,-45412000,-41124000,0,78554000,-89000,18683000,18683000,18683000,0,0,0.022,160026000,34367000,44150000,0.291,1.874,40.817,39.909,211131000,0,21.95,0.88,0.867,79411000,225704000,866555000,866555000,0,0.024,0.048,0.063,0.041,4941000,97981000,1.0,34741716,34230000,34837000,25.316,411907000,0,6819000,24152000,11.94,85346000
