ticker,dimension,calendardate,datekey,reportperiod,lastupdated,accoci,assets,assetsavg,assetsc,assetsnc,assetturnover,bvps,capex,cashneq,cashnequsd,cor,consolinc,currentratio,de,debt,debtc,debtnc,debtusd,deferredrev,depamor,deposits,divyield,dps,ebit,ebitda,ebitdamargin,ebitdausd,ebitusd,ebt,eps,epsdil,epsusd,equity,equityavg,equityusd,ev,evebit,evebitda,fcf,fcfps,fxusd,gp,grossmargin,intangibles,intexp,invcap,invcapavg,inventory,investments,investmentsc,investmentsnc,liabilities,liabilitiesc,liabilitiesnc,marketcap,ncf,ncfbus,ncfcommon,ncfdebt,ncfdiv,ncff,ncfi,ncfinv,ncfo,ncfx,netinc,netinccmn,netinccmnusd,netincdis,netincnci,netmargin,opex,opinc,payables,payoutratio,pb,pe,pe1,ppnenet,prefdivis,price,ps,ps1,receivables,retearn,revenue,revenueusd,rnd,roa,roe,roic,ros,sbcomp,sgna,sharefactor,sharesbas,shareswa,shareswadil,sps,tangibles,taxassets,taxexp,taxliabilities,tbvps,workingcapital
ODP,MRY,2011-12-31,2011-12-31,2011-12-31,2018-05-09,194522000,4250984000,4316138000,2744132000,1506852000,2.662,2.635,-130000000,570681000,570681000,8784000000,96000000,1.34,4.259,684714000,36401000,648313000,684714000,0,211000000,0,0.0,0.0,66000000,277000000,0.024,277000000,66000000,33000000,0.22,0.22,0.22,739071000,727816500,739071000,833280539,12,3.008,70000000,0.25,1.0,2705000000,0.235,97122000,33000000,2220458000,2380065500,1146974000,0,0,0,3148063000,2047437000,1100626000,603005539,-56000000,-65000000,0,-59000000,0,-98000000,-157000000,0,200000000,-1000000,96000000,60000000,60000000,0,0,0.005,2671000000,34000000,993636000,0.0,0.816,10.05,9.773,1067040000,36000000,2.15,0.052,0.052,862831000,-539124000,11489000000,11489000000,0,0.014,0.082,0.028,0.006,14000000,2604000000,1.0,280467693,280467693,,40.964,4153862000,47791000,-63000000,459702000,14.81,696695000
ODP,MRY,2012-12-31,2012-12-29,2012-12-29,2018-05-09,213000000,4011000000,4010827750,2697000000,1314000000,2.667,2.321,-120260000,671000000,671000000,7448067000,-77120000,1.318,4.476,659000000,174000000,485000000,659000000,0,203189000,0,0.0,0.0,-6477000,196712000,0.018,196712000,-6477000,-75414000,-0.39,-0.39,-0.39,662000000,719683250,662000000,984286774,-151,5.004,59072000,0.207,1.0,3247585000,0.304,81000000,68937000,1872000000,2097044250,1051000000,0,0,0,2963000000,2046000000,917000000,932704774,100130000,81963000,1586000,-34828000,0,-55182000,-29727000,0,179332000,5707000,-77111000,-110045000,-110045000,0,-9000,-0.01,3278426000,-30841000,935000000,0.0,1.409,-8.476,-8.385,856000000,32934000,3.27,0.087,0.087,804000000,-616000000,10695652000,10695652000,0,-0.027,-0.153,-0.003,-0.001,13579000,3208200000,1.0,285230818,285230818,,37.498,3930000000,33000000,1697000,434000000,13.778,651000000
ODP,MRY,2013-12-31,2013-12-28,2013-12-28,2018-05-09,272000000,7477000000,4666996000,4396000000,3081000000,2.409,7.137,-137000000,955000000,955000000,8616000000,-20000000,1.504,2.598,1584000000,29000000,1555000000,1584000000,0,209000000,0,0.0,0.0,196000000,405000000,0.036,405000000,196000000,127000000,-0.29,-0.29,-0.29,2063000000,1011068500,2063000000,1270740074,6,3.138,-244000000,-0.844,1.0,2626000000,0.234,511000000,69000000,4673000000,2533951500,1812000000,0,0,0,5359000000,2922000000,2437000000,1500306074,284000000,1169000000,3000000,-172000000,0,-640000000,1028000000,0,-107000000,3000000,-20000000,-93000000,-93000000,0,0,-0.008,2831000000,-205000000,1426000000,0.0,0.727,-16.132,-17.897,1309000000,73000000,5.19,0.133,0.133,2278000000,-636000000,11242000000,11242000000,0,-0.02,-0.092,0.077,0.017,38000000,2560000000,1.0,289076315,289076315,,38.889,6966000000,35000000,147000000,723000000,24.097,1474000000
ODP,MRY,2014-12-31,2014-12-27,2014-12-27,2018-05-09,107000000,6757000000,6905250000,4131000000,2626000000,2.331,3.01,-123000000,1071000000,1071000000,12320000000,-352000000,1.429,3.168,1541000000,32000000,1509000000,1541000000,0,313000000,0,0.0,0.0,-253000000,60000000,0.004,60000000,-253000000,-342000000,-0.66,-0.66,-0.66,1621000000,1788000000,1621000000,5350413856,-21,89.174,33000000,0.061,1.0,3776000000,0.235,463000000,89000000,3874000000,4266500000,1638000000,0,0,0,5136000000,2890000000,2246000000,4761413856,116000000,55000000,39000000,-24000000,0,15000000,-28000000,43000000,156000000,-27000000,-354000000,-354000000,-354000000,0,2000000,-0.022,4051000000,-275000000,1340000000,0.0,2.937,-13.45,-13.394,963000000,0,8.84,0.296,0.296,2190000000,-990000000,16096000000,16096000000,0,-0.051,-0.198,-0.059,-0.016,38000000,3479000000,1.0,538621477,538621477,,29.884,6294000000,36000000,12000000,545000000,11.685,1241000000
ODP,MRY,2015-12-31,2015-12-26,2015-12-26,2018-05-09,30000000,6442000000,6452250000,4060000000,2382000000,2.245,2.921,-163000000,860000000,860000000,10983000000,8000000,1.48,3.019,1498000000,51000000,1447000000,1498000000,0,283000000,0,0.0,0.0,140000000,423000000,0.029,423000000,140000000,47000000,0.01,0.01,0.01,1603000000,1597000000,1603000000,3637873916,25,8.6,-37000000,-0.067,1.0,3502000000,0.242,416000000,93000000,3921000000,3989750000,1406000000,0,0,0,4839000000,2743000000,2096000000,3072873916,-2000000,88000000,7000000,-31000000,0,-25000000,-74000000,0,126000000,-29000000,8000000,8000000,8000000,0,0,0.001,3387000000,115000000,987000000,0.0,1.917,384.109,560.0,665000000,0,5.6,0.212,0.212,1651000000,-982000000,14485000000,14485000000,0,0.001,0.005,0.035,0.01,44000000,3042000000,1.0,548727485,548727485,,26.397,6026000000,11000000,39000000,430000000,10.982,1317000000
ODP,MRY,2016-12-31,2016-12-31,2016-12-31,2018-05-09,-129000000,5540000000,5907000000,2973000000,2567000000,1.866,3.505,-111000000,763000000,763000000,8313000000,529000000,1.464,1.991,1185000000,29000000,1156000000,1185000000,0,181000000,0,0.011,0.05,389000000,570000000,0.052,570000000,389000000,309000000,0.98,0.96,0.98,1852000000,1805500000,1852000000,2778291684,7,4.874,259000000,0.49,1.0,2708000000,0.246,396000000,80000000,3535000000,3692750000,1279000000,0,0,0,3688000000,2031000000,1657000000,2388291684,-262000000,27000000,-132000000,-311000000,-26000000,-470000000,-154000000,0,370000000,-8000000,529000000,529000000,529000000,150000000,0,0.048,2177000000,531000000,893000000,0.051,1.29,4.515,4.612,601000000,0,4.52,0.217,0.217,1572000000,-453000000,11021000000,11021000000,0,0.09,0.293,0.105,0.035,40000000,2242000000,1.0,528383116,528383116,,20.858,5144000000,466000000,-220000000,364000000,9.735,942000000
ODP,MRY,2017-12-31,2017-12-30,2017-12-30,2018-05-09,-78000000,6323000000,5641750000,2871000000,3452000000,1.815,4.108,-183000000,622000000,622000000,7779000000,181000000,1.403,1.974,1808000000,96000000,1712000000,1808000000,0,159000000,0,0.028,0.1,396000000,555000000,0.054,555000000,396000000,334000000,0.35,0.34,0.35,2120000000,2022750000,2120000000,2102058789,5,3.787,275000000,0.533,1.0,2461000000,0.24,1299000000,62000000,4164000000,3694250000,1093000000,0,0,0,4185000000,2046000000,2139000000,1827058789,-171000000,-850000000,-73000000,609000000,-53000000,465000000,-1101000000,0,458000000,7000000,181000000,181000000,181000000,-35000000,0,0.018,2120000000,341000000,892000000,0.286,0.862,10.094,10.114,725000000,0,3.54,0.178,0.178,1794000000,-273000000,10240000000,10240000000,0,0.032,0.089,0.107,0.039,28000000,2022000000,1.0,516118302,516118302,,19.84,5024000000,305000000,153000000,341000000,9.734,825000000
