ticker,dimension,calendardate,datekey,reportperiod,lastupdated,accoci,assets,assetsavg,assetsc,assetsnc,assetturnover,bvps,capex,cashneq,cashnequsd,cor,consolinc,currentratio,de,debt,debtc,debtnc,debtusd,deferredrev,depamor,deposits,divyield,dps,ebit,ebitda,ebitdamargin,ebitdausd,ebitusd,ebt,eps,epsdil,epsusd,equity,equityavg,equityusd,ev,evebit,evebitda,fcf,fcfps,fxusd,gp,grossmargin,intangibles,intexp,invcap,invcapavg,inventory,investments,investmentsc,investmentsnc,liabilities,liabilitiesc,liabilitiesnc,marketcap,ncf,ncfbus,ncfcommon,ncfdebt,ncfdiv,ncff,ncfi,ncfinv,ncfo,ncfx,netinc,netinccmn,netinccmnusd,netincdis,netincnci,netmargin,opex,opinc,payables,payoutratio,pb,pe,pe1,ppnenet,prefdivis,price,ps,ps1,receivables,retearn,revenue,revenueusd,rnd,roa,roe,roic,ros,sbcomp,sgna,sharefactor,sharesbas,shareswa,shareswadil,sps,tangibles,taxassets,taxexp,taxliabilities,tbvps,workingcapital
OESX,MRY,2011-12-31,2011-03-31,2011-03-31,2018-02-07,0,121087000,113096500,64214000,56873000,0.725,3.963,-5110000,11560000,11560000,54398000,341000,2.65,0.339,5362000,1137000,4225000,5362000,10204000,3270000,0,0.0,0.0,-495000,2775000,0.034,2775000,-495000,-901000,0.02,0.01,0.02,90455000,89439500,90455000,88095269,-177,31.746,-13755000,-0.607,1.0,27639000,0.337,1620000,406000,89038000,85967750,29089000,1011000,1011000,0,30632000,24231000,6401000,92074269,-11804000,0,504000,1647000,0,1962000,-5121000,-11000,-8645000,0,341000,341000,341000,0,0,0.004,27693000,-54000,12483000,0.0,1.018,270.013,201.75,30017000,0,4.035,1.122,1.115,30652000,-1776000,82037000,82037000,2333000,0.003,0.004,-0.006,-0.006,1301000,25360000,1.0,22818902,22678411,23198063,3.617,119467000,3403000,-1242000,0,5.234,39983000
OESX,MRY,2012-12-31,2012-03-31,2012-03-31,2018-02-07,0,125650000,125735500,67242000,58408000,0.8,4.05,-4527000,23011000,23011000,70524000,483000,2.959,0.354,9495000,2791000,6704000,9495000,5662000,4236000,0,0.0,0.0,1404000,5640000,0.056,5640000,1404000,853000,0.02,0.02,0.02,92769000,91981500,92769000,48487354,34,8.597,6968000,0.304,1.0,30038000,0.299,1689000,551000,87722000,90684750,30460000,1016000,1016000,0,32881000,22723000,10158000,54765354,11451000,0,-566000,4189000,0,4488000,-4532000,-5000,11495000,0,483000,483000,483000,0,0,0.005,29516000,522000,14300000,0.0,0.59,113.386,119.0,30225000,0,2.38,0.545,0.543,26722000,-1293000,100562000,100562000,2518000,0.004,0.005,0.015,0.014,1267000,26998000,1.0,23010653,22953037,23386525,4.381,123961000,4158000,370000,0,5.412,44519000
OESX,MRY,2013-12-31,2013-03-31,2013-03-31,2018-02-07,0,102097000,110898750,52690000,49407000,0.776,3.855,-2266000,14376000,14376000,59356000,-10399000,2.807,0.313,6706000,2597000,4109000,6706000,4204000,4577000,0,0.0,0.0,-5759000,-1182000,-0.014,-1182000,-5759000,-6326000,-0.5,-0.5,-0.5,77769000,79883000,77769000,44356592,-7,-37.527,-5000,0.0,1.0,26730000,0.311,1709000,567000,73945000,79144000,26721000,1021000,1021000,0,24328000,18773000,5555000,49973592,-8635000,0,-5944000,-2751000,0,-8625000,-2271000,-5000,2261000,0,-10399000,-10399000,-10399000,0,0,-0.121,33334000,-6604000,7773000,0.0,0.643,-4.806,-4.96,27947000,0,2.48,0.581,0.605,23466000,-11692000,86086000,86086000,2259000,-0.094,-0.13,-0.073,-0.067,1164000,31075000,1.0,20150642,20996625,20996625,4.1,100388000,0,4073000,0,4.977,33917000
OESX,MRY,2014-12-31,2014-03-31,2014-03-31,2018-02-07,0,98940000,106473000,50341000,48599000,0.832,3.588,-373000,17568000,17568000,65643000,-6199000,2.928,0.285,6601000,3450000,3151000,6601000,1930000,4502000,0,0.0,0.0,-7776000,-3274000,-0.037,-3274000,-7776000,-8257000,-0.3,-0.3,-0.3,77012000,80318250,77012000,144334788,-18,-44.085,9528000,0.454,1.0,22980000,0.259,11960000,481000,58822000,66293750,22397000,470000,470000,0,21928000,17191000,4737000,155234788,3192000,-4992000,1125000,-3014000,0,-1895000,-4814000,551000,9901000,0,-6199000,-6199000,-6199000,0,0,-0.07,31323000,-8343000,8530000,0.0,2.016,-25.042,-24.167,23135000,0,7.25,1.752,1.717,17064000,-17891000,88623000,88623000,2026000,-0.058,-0.077,-0.117,-0.088,1593000,28478000,1.0,21411695,20987964,20987964,4.223,86980000,0,-2058000,0,4.053,33150000
OESX,MRY,2015-12-31,2015-03-31,2015-03-31,2018-02-07,0,87805000,83722500,55045000,32760000,0.862,2.683,-1200000,20002000,20002000,73347000,-32061000,3.005,0.361,5054000,1832000,3222000,5054000,1518000,4180000,0,0.0,0.0,-31636000,-27456000,-0.38,-27456000,-31636000,-32012000,-1.43,-1.43,-1.43,64511000,61190000,64511000,68503747,-2,-2.495,-14012000,-0.627,1.0,-1137000,-0.016,10744000,376000,43794000,46168500,14283000,0,0,0,23294000,18319000,4975000,68902747,2434000,0,17906000,-1502000,0,15976000,-730000,470000,-12812000,0,-32061000,-32061000,-32061000,0,0,-0.444,30799000,-31936000,11003000,0.0,1.068,-2.149,-2.196,21223000,0,3.14,0.954,0.972,18689000,-49952000,72210000,72210000,2554000,-0.383,-0.524,-0.685,-0.438,1499000,28198000,1.0,21943550,22353419,22353419,3.23,77061000,0,49000,0,3.206,36726000
OESX,MRY,2016-12-31,2016-03-31,2016-03-31,2018-02-07,0,70875000,78507250,48530000,22345000,0.862,1.657,-372000,15542000,15542000,51645000,-20126000,2.516,0.541,4767000,746000,4021000,4767000,1265000,4165000,0,0.0,0.0,-19793000,-15628000,-0.231,-15628000,-19793000,-20090000,-0.73,-0.73,-0.73,45983000,55457000,45983000,27573724,-1,-1.764,-3845000,-0.139,1.0,15997000,0.236,5048000,297000,35761000,41447000,17024000,0,0,0,24892000,19291000,5601000,38578724,-4460000,0,102000,-683000,0,-615000,-372000,0,-3473000,0,-20126000,-20126000,-20126000,0,0,-0.298,35918000,-19921000,11716000,0.0,0.839,-1.917,-1.904,17004000,0,1.39,0.57,0.568,10997000,-70078000,67642000,67642000,1668000,-0.256,-0.363,-0.478,-0.293,1462000,28227000,1.0,27754478,27627693,27627693,2.448,65827000,0,36000,0,2.371,29239000
OESX,MRY,2017-12-31,2017-03-31,2017-03-31,2018-02-07,0,62051000,66188750,43883000,18168000,1.061,1.252,1649000,17307000,17307000,52874000,-12288000,2.385,0.75,6971000,152000,6819000,6971000,1565000,2332000,0,0.0,0.0,-12276000,-9944000,-0.142,-9944000,-12276000,-12549000,-0.44,-0.44,-0.44,35450000,41094000,35450000,43216131,-3,-4.346,-254000,-0.009,1.0,17337000,0.247,4207000,273000,29112000,31265750,13593000,0,0,0,26601000,18396000,8205000,56044131,1765000,0,8000,2030000,0,2019000,1649000,0,-1903000,0,-12288000,-12288000,-12288000,0,0,-0.175,29864000,-12527000,11635000,0.0,1.581,-4.561,-4.5,13786000,0,1.98,0.798,0.794,9171000,-82366000,70211000,70211000,2004000,-0.186,-0.299,-0.393,-0.175,1605000,27610000,1.0,28305117,28156382,28156382,2.494,57844000,0,-261000,0,2.043,25487000
