ticker,dimension,calendardate,datekey,reportperiod,lastupdated,accoci,assets,assetsavg,assetsc,assetsnc,assetturnover,bvps,capex,cashneq,cashnequsd,cor,consolinc,currentratio,de,debt,debtc,debtnc,debtusd,deferredrev,depamor,deposits,divyield,dps,ebit,ebitda,ebitdamargin,ebitdausd,ebitusd,ebt,eps,epsdil,epsusd,equity,equityavg,equityusd,ev,evebit,evebitda,fcf,fcfps,fxusd,gp,grossmargin,intangibles,intexp,invcap,invcapavg,inventory,investments,investmentsc,investmentsnc,liabilities,liabilitiesc,liabilitiesnc,marketcap,ncf,ncfbus,ncfcommon,ncfdebt,ncfdiv,ncff,ncfi,ncfinv,ncfo,ncfx,netinc,netinccmn,netinccmnusd,netincdis,netincnci,netmargin,opex,opinc,payables,payoutratio,pb,pe,pe1,ppnenet,prefdivis,price,ps,ps1,receivables,retearn,revenue,revenueusd,rnd,roa,roe,roic,ros,sbcomp,sgna,sharefactor,sharesbas,shareswa,shareswadil,sps,tangibles,taxassets,taxexp,taxliabilities,tbvps,workingcapital
OFED,MRY,2011-12-31,2011-06-30,2011-06-30,2018-05-14,136000,374277000,366925000,,,0.028,12.636,-15000,60830000,60830000,0,2299000,,3.666,0,,,0,0,324000,292469000,0.008,0.1,3665000,3989000,0.389,3989000,3665000,3665000,0.81,0.81,0.81,80211000,70329500,80211000,-16969560,-4,-4.254,4056000,0.639,1.0,10258000,1.0,0,0,313447000,291113250,0,305243000,,,294066000,,,76366440,11038000,0,17292000,0,-222000,36883000,-29916000,-29901000,4071000,0,2299000,2299000,2299000,0,0,0.224,6593000,3665000,0,0.123,0.952,33.217,14.852,5509000,0,12.03,7.445,7.445,0,61516000,10258000,10258000,0,0.006,0.033,0.013,0.357,60000,3945000,1.0,6348000,6348000,,1.616,374277000,0,1366000,0,58.96,
OFED,MRY,2012-12-31,2012-06-30,2012-06-30,2018-05-14,599000,377753000,376405250,,,0.032,13.072,-153000,47612000,47612000,0,4013000,,3.552,0,,,0,0,579000,293368000,0.031,0.4,6585000,7164000,0.587,7164000,6585000,6585000,0.66,0.65,0.66,82984000,82016750,82984000,33276000,5,4.645,4997000,0.787,1.0,12209000,1.0,0,0,330141000,323605250,0,323899000,,,294769000,,,82524000,-13218000,0,-141000,0,-2058000,-1300000,-17068000,-16915000,5150000,0,4013000,4013000,4013000,0,0,0.329,5624000,6585000,0,0.606,0.994,20.564,19.697,4037000,0,13.0,6.759,6.759,0,63693000,12209000,12209000,0,0.011,0.049,0.02,0.539,274000,4509000,1.0,6348000,6348000,,1.923,377753000,0,2572000,0,59.507,
OFED,MRY,2013-12-31,2013-06-30,2013-06-30,2018-05-14,-559000,370095000,374869000,,,0.032,12.667,-70000,37942000,37942000,0,4040000,,3.859,0,,,0,0,1154000,292422000,0.027,0.4,6472000,7626000,0.637,7626000,6472000,6472000,0.67,0.67,0.67,76162000,80261500,76162000,41383569,6,5.427,6139000,1.021,1.0,11968000,1.0,0,0,332153000,328462500,0,317905000,,,293933000,,,89043569,-9670000,0,-7777000,0,-2418000,-11141000,-4738000,3332000,6209000,0,4040000,4040000,4040000,0,0,0.338,5496000,6472000,0,0.597,1.169,22.04,22.104,4094000,0,14.81,7.44,7.44,0,65315000,11968000,11968000,0,0.011,0.05,0.02,0.541,491000,4909000,1.0,6012395,6012395,,1.991,370095000,0,2432000,0,61.555,
OFED,MRY,2014-12-31,2014-06-30,2014-06-30,2018-05-14,-147000,360501000,361636500,,,0.033,13.191,-152000,11890000,11890000,0,3639000,,3.683,0,,,0,0,907000,281015000,0.022,0.4,5689000,6596000,0.55,6596000,5689000,5689000,0.64,0.64,0.64,76981000,75930000,76981000,86872263,15,13.17,4312000,0.739,1.0,11996000,1.0,0,0,348611000,340613000,0,334313000,,,283520000,,,105396263,-26052000,0,-1626000,0,-2236000,-15269000,-15247000,-15095000,4464000,0,3639000,3639000,3639000,0,0,0.303,6307000,5689000,0,0.625,1.369,28.963,28.219,3737000,0,18.06,8.786,8.786,0,66705000,11996000,11996000,0,0.01,0.048,0.017,0.474,630000,5540000,1.0,5835895,5835895,,2.056,360501000,650000,2050000,0,61.773,
OFED,MRY,2015-12-31,2015-06-30,2015-06-30,2018-05-14,-26000,475344000,450782250,,,0.036,13.735,-435000,26192000,26192000,0,4512000,,4.884,0,,,0,0,1075000,394093000,0.022,0.4,7202000,8277000,0.512,8277000,7202000,7202000,0.79,0.78,0.79,80790000,79518000,80790000,82764376,11,9.999,5296000,0.9,1.0,16159000,1.0,3467000,0,445685000,427746250,0,420296000,,,394554000,,,108231376,14302000,24079000,-35000,0,-2242000,-28413000,36984000,13340000,5731000,0,4512000,4512000,4512000,0,0,0.279,8957000,7202000,0,0.506,1.34,23.987,23.291,9150000,0,18.4,6.698,6.698,0,68950000,16159000,16159000,0,0.01,0.057,0.017,0.446,753000,7932000,1.0,5882140,5882140,,2.747,471877000,3766000,2690000,0,80.222,
OFED,MRY,2016-12-31,2016-06-30,2016-06-30,2018-05-14,1808000,485640000,479404500,,,0.039,14.545,-204000,27676000,27676000,0,5246000,,4.687,0,,,0,0,1269000,399634000,0.02,0.4,7278000,8547000,0.456,8547000,7278000,7278000,0.91,0.9,0.91,85401000,83671750,85401000,87275570,11,10.211,7946000,1.353,1.0,18758000,1.0,3337000,0,454627000,452099750,0,424867000,,,400239000,,,114904570,1484000,0,-1013000,0,-2252000,2276000,-8942000,-738000,8150000,0,5246000,5246000,5246000,0,0,0.28,11480000,7278000,0,0.44,1.345,21.903,21.505,8165000,0,19.57,6.126,6.126,0,71909000,18758000,18758000,0,0.011,0.063,0.016,0.388,796000,9700000,1.0,5871465,5871465,,3.195,482303000,1128000,2032000,0,82.144,
OFED,MRY,2017-12-31,2017-06-30,2017-06-30,2018-05-14,-202000,481317000,482060500,,,0.037,14.889,-183000,20745000,20745000,0,5525000,,4.599,0,,,0,0,1420000,394505000,0.015,0.4,7003000,8423000,0.474,8423000,7003000,7003000,0.97,0.95,0.97,85961000,84951500,85961000,133732992,19,15.877,5946000,1.03,1.0,17753000,1.0,3161000,0,457411000,455248500,0,426712000,,,395356000,,,158771992,-6931000,0,-1486000,0,-2221000,-8836000,-4224000,-4041000,6129000,0,5525000,5525000,5525000,0,0,0.311,10750000,7003000,0,0.412,1.847,28.737,28.351,7439000,0,27.5,8.943,8.943,0,75169000,17753000,17753000,0,0.011,0.065,0.015,0.394,752000,9527000,1.0,5773527,5773527,,3.075,478156000,2370000,1478000,0,82.819,
