ticker,dimension,calendardate,datekey,reportperiod,lastupdated,accoci,assets,assetsavg,assetsc,assetsnc,assetturnover,bvps,capex,cashneq,cashnequsd,cor,consolinc,currentratio,de,debt,debtc,debtnc,debtusd,deferredrev,depamor,deposits,divyield,dps,ebit,ebitda,ebitdamargin,ebitdausd,ebitusd,ebt,eps,epsdil,epsusd,equity,equityavg,equityusd,ev,evebit,evebitda,fcf,fcfps,fxusd,gp,grossmargin,intangibles,intexp,invcap,invcapavg,inventory,investments,investmentsc,investmentsnc,liabilities,liabilitiesc,liabilitiesnc,marketcap,ncf,ncfbus,ncfcommon,ncfdebt,ncfdiv,ncff,ncfi,ncfinv,ncfo,ncfx,netinc,netinccmn,netinccmnusd,netincdis,netincnci,netmargin,opex,opinc,payables,payoutratio,pb,pe,pe1,ppnenet,prefdivis,price,ps,ps1,receivables,retearn,revenue,revenueusd,rnd,roa,roe,roic,ros,sbcomp,sgna,sharefactor,sharesbas,shareswa,shareswadil,sps,tangibles,taxassets,taxexp,taxliabilities,tbvps,workingcapital
OFIX,MRY,2011-12-31,2011-12-31,2011-12-31,2018-04-30,3714000,685380000,654940750,531133000,154247000,0.665,15.84,-25758000,78683000,78683000,96415000,-17698000,2.891,1.347,210013000,18818000,191195000,210013000,0,23182000,0,0.0,0.0,2186000,25368000,0.058,25368000,2186000,-3255000,-0.97,-0.97,-0.97,292074000,294502500,292074000,796109101,364,31.382,38972000,2.139,1.0,339104000,0.779,81940000,5441000,551071000,473763250,81528000,0,0,0,393306000,183699000,209607000,648622101,19182000,-5250000,20113000,-10061000,0,-13664000,-31476000,-468000,64730000,-408000,-17698000,-17698000,-17698000,1892000,0,-0.041,332493000,6611000,18231000,0.0,2.221,-36.649,-36.32,46137000,0,35.23,1.489,1.474,141425000,72009000,435519000,435519000,22861000,-0.027,-0.06,0.005,0.005,4911000,249941000,1.0,18411073,18219343,18219343,23.904,603440000,53054000,14443000,9778000,32.726,347434000
OFIX,MRY,2012-12-31,2012-12-31,2012-12-31,2018-04-30,5490000,464546000,572631250,300632000,163914000,0.769,18.445,-28774000,52081000,52081000,100726000,42852000,4.602,0.303,20016000,16000,20000000,20016000,0,20732000,0,0.0,0.0,70957000,91689000,0.208,91689000,70957000,66796000,2.26,2.21,2.26,356439000,356668250,356439000,659264770,9,7.19,-18612000,-0.981,1.0,339463000,0.771,81678000,4161000,285470000,290021000,69813000,0,0,0,108107000,65333000,42774000,759873770,-1976000,153773000,25586000,-189992000,0,-137587000,125163000,164000,10162000,286000,42852000,42852000,42852000,2269000,0,0.097,264591000,74872000,22575000,0.0,2.132,17.733,17.403,52793000,0,39.33,1.726,1.696,103802000,102709000,440189000,440189000,28577000,0.075,0.12,0.245,0.161,5283000,232421000,1.0,19320462,18977263,19390413,23.196,382868000,60010000,23944000,11350000,19.812,235299000
OFIX,MRY,2013-12-31,2013-12-31,2013-12-31,2018-04-30,3503000,411975000,444310250,265106000,146869000,0.895,16.35,-29678000,52685000,52685000,106912000,-28812000,3.768,0.392,20000000,0,20000000,20000000,0,22822000,0,0.0,0.0,-19383000,3439000,0.009,3439000,-19383000,-21210000,-1.54,-1.54,-1.54,295863000,333384750,295863000,400803169,-20,116.546,37364000,1.998,1.0,290699000,0.731,62611000,1827000,246329000,273465500,72678000,0,0,0,116112000,70350000,45762000,443924169,-1843000,0,-36044000,-16000,0,-38353000,-31052000,-1374000,67042000,520000,-28812000,-28812000,-28812000,10607000,0,-0.072,301891000,-11192000,20674000,0.0,1.5,-15.408,-14.818,54372000,0,22.82,1.116,1.073,70811000,73897000,397611000,397611000,26768000,-0.065,-0.086,-0.071,-0.049,6185000,242985000,1.0,19453294,18697228,18697228,21.266,349364000,62393000,7602000,13026000,19.307,194756000
OFIX,MRY,2014-12-31,2014-12-31,2014-12-31,2018-04-30,-382000,392956000,410492750,218995000,173961000,0.98,16.099,-18525000,71239000,71239000,98912000,-8537000,3.296,0.311,0,0,0,0,0,22878000,0,0.0,0.0,9448000,32326000,0.08,32326000,9448000,7663000,-0.46,-0.46,-0.46,299627000,302604250,299627000,528184670,55,16.339,32639000,1.768,1.0,303365000,0.754,60717000,1785000,194557000,223405750,59846000,0,0,0,93329000,66443000,26886000,554201670,7891000,0,11074000,-20000000,0,-20200000,-19950000,-1457000,51164000,-3123000,-8537000,-8537000,-8537000,4793000,0,-0.021,286229000,17136000,13223000,0.0,1.85,-64.918,-65.348,48549000,0,30.06,1.378,1.379,61358000,65360000,402277000,402277000,24994000,-0.021,-0.028,0.042,0.023,5724000,245621000,1.0,18436516,18459054,18459054,21.793,332239000,55725000,16200000,0,17.851,152552000
OFIX,MRY,2015-12-31,2015-12-31,2015-12-31,2018-04-30,-6232000,400222000,394634750,212252000,187970000,1.005,15.423,-27899000,63663000,63663000,86525000,-2809000,2.589,0.379,0,0,0,0,0,20923000,0,0.0,0.0,8529000,29452000,0.074,29452000,8529000,8040000,-0.15,-0.15,-0.15,290311000,293933500,290311000,676975646,79,22.986,15711000,0.836,1.0,309964000,0.782,58867000,489000,195704000,201718750,57563000,0,0,0,109911000,81988000,27923000,740669646,26848000,0,-6321000,-1825000,0,24728000,-38349000,-15250000,43610000,-3141000,-2809000,-2809000,-2809000,467000,0,-0.007,300709000,9255000,16391000,0.0,2.551,-263.677,-261.4,52306000,0,39.21,1.868,1.859,59839000,62551000,396489000,396489000,26389000,-0.007,-0.01,0.042,0.022,7214000,265237000,1.0,18889815,18795194,18795194,21.095,341355000,57306000,10849000,0,18.134,130264000
OFIX,MRY,2016-12-31,2016-12-31,2016-12-31,2018-04-30,-6580000,372103000,368917250,194373000,177730000,1.111,14.752,-18334000,53941000,53941000,87853000,3056000,2.329,0.412,0,0,0,0,0,20841000,0,0.0,0.0,17820000,38661000,0.094,38661000,17820000,18583000,0.17,0.17,0.17,263477000,267589750,263477000,598125600,33,15.471,26373000,1.454,1.0,321935000,0.786,61026000,-763000,173695000,187125000,63346000,0,0,0,108626000,83441000,25185000,644949600,-24091000,0,-43705000,0,0,-46112000,-21947000,0,44707000,-739000,3056000,3056000,3056000,441000,0,0.007,300868000,21067000,14353000,0.0,2.448,211.044,212.824,48916000,0,36.18,1.574,1.602,57848000,64179000,409788000,409788000,28803000,0.008,0.011,0.095,0.043,15966000,255691000,1.0,17826136,18144019,18463161,22.585,311077000,47325000,15527000,0,17.417,110932000
OFIX,MRY,2017-12-31,2017-12-31,2017-12-31,2018-04-30,3787000,405354000,378519250,251801000,153553000,1.146,16.247,-16948000,81157000,81157000,93037000,6223000,3.171,0.367,0,0,0,0,0,20124000,0,0.0,0.0,35739000,55863000,0.129,55863000,35739000,35323000,0.34,0.34,0.34,296608000,281500000,296608000,943328969,26,16.886,36393000,2.009,1.0,340786000,0.786,64026000,416000,180765000,189722250,81330000,0,0,0,108746000,79406000,29340000,997253969,41585000,0,7783000,-445000,0,3538000,-16474000,0,53341000,1180000,6223000,6223000,6223000,1068000,0,0.014,299975000,40811000,18111000,0.0,3.362,160.253,160.882,45139000,0,54.7,2.299,2.284,63437000,70402000,433823000,433823000,29700000,0.016,0.022,0.188,0.082,12557000,272758000,1.0,18231334,18117405,18498745,23.945,341328000,23315000,29100000,0,18.696,172395000
