ticker,dimension,calendardate,datekey,reportperiod,lastupdated,accoci,assets,assetsavg,assetsc,assetsnc,assetturnover,bvps,capex,cashneq,cashnequsd,cor,consolinc,currentratio,de,debt,debtc,debtnc,debtusd,deferredrev,depamor,deposits,divyield,dps,ebit,ebitda,ebitdamargin,ebitdausd,ebitusd,ebt,eps,epsdil,epsusd,equity,equityavg,equityusd,ev,evebit,evebitda,fcf,fcfps,fxusd,gp,grossmargin,intangibles,intexp,invcap,invcapavg,inventory,investments,investmentsc,investmentsnc,liabilities,liabilitiesc,liabilitiesnc,marketcap,ncf,ncfbus,ncfcommon,ncfdebt,ncfdiv,ncff,ncfi,ncfinv,ncfo,ncfx,netinc,netinccmn,netinccmnusd,netincdis,netincnci,netmargin,opex,opinc,payables,payoutratio,pb,pe,pe1,ppnenet,prefdivis,price,ps,ps1,receivables,retearn,revenue,revenueusd,rnd,roa,roe,roic,ros,sbcomp,sgna,sharefactor,sharesbas,shareswa,shareswadil,sps,tangibles,taxassets,taxexp,taxliabilities,tbvps,workingcapital
OMN,MRY,2011-12-31,2011-11-30,2011-11-30,2018-03-28,-90300000,865100000,883725000,377800000,487300000,1.359,2.646,-24100000,103100000,103100000,982500000,-2800000,2.414,6.108,455600000,11300000,444300000,455600000,0,33500000,0,0.0,0.0,48600000,82100000,0.068,82100000,48600000,10600000,-0.06,-0.06,-0.06,121700000,134675000,121700000,562178202,11,6.847,-8400000,-0.188,1.0,218600000,0.182,175500000,38000000,885600000,904075000,84500000,0,0,0,743400000,156500000,586900000,200078202,27700000,-271600000,2400000,41100000,0,39300000,-42100000,0,15700000,14800000,-2800000,-2800000,-2800000,19500000,0,-0.002,149500000,69100000,106400000,0.0,1.644,-71.457,-72.5,220800000,0,4.35,0.167,0.162,163200000,-114800000,1201100000,1201100000,0,-0.003,-0.021,0.054,0.04,3400000,108600000,1.0,45994989,44800000,45200000,26.81,689600000,75600000,13400000,28400000,14.991,221300000
OMN,MRY,2012-12-31,2012-11-30,2012-11-30,2018-03-28,-114700000,873700000,887425000,400300000,473400000,1.268,2.893,-32800000,148500000,148500000,898300000,27600000,2.751,5.71,452200000,9600000,442600000,452200000,0,32000000,0,0.0,0.0,75300000,107300000,0.095,107300000,75300000,38800000,0.61,0.6,0.61,130200000,137825000,130200000,648378567,8,6.043,32500000,0.713,1.0,227200000,0.202,166300000,36500000,865600000,867900000,96200000,0,0,0,743500000,145500000,598000000,346778567,44100000,12400000,2000000,-3600000,0,-2900000,-20100000,0,65300000,1800000,27600000,27600000,27600000,-1900000,0,0.025,153800000,73400000,102800000,0.0,2.663,12.564,12.164,222800000,0,7.42,0.308,0.301,130100000,-87200000,1125500000,1125500000,0,0.031,0.2,0.087,0.067,4500000,121200000,1.0,46735656,45600000,46000000,24.682,707400000,76400000,11200000,23900000,15.72,254800000
OMN,MRY,2013-12-31,2013-11-30,2013-11-30,2018-03-28,-88600000,854700000,862400000,402100000,452600000,1.181,3.861,-28900000,164900000,164900000,805400000,19600000,3.174,3.802,448600000,4600000,444000000,448600000,0,33600000,0,0.0,0.0,57500000,91100000,0.089,91100000,57500000,25600000,0.42,0.42,0.42,178000000,147975000,178000000,709443233,12,7.788,16900000,0.367,1.0,212700000,0.209,162500000,31900000,849200000,872375000,88100000,0,0,0,676700000,126700000,550000000,412843233,21900000,0,100000,-7100000,0,-1500000,-22000000,0,45800000,-400000,19600000,19600000,19600000,900000,0,0.019,154100000,58600000,92100000,0.0,2.319,21.063,20.857,226500000,0,8.76,0.406,0.397,123100000,-67600000,1018100000,1018100000,0,0.023,0.132,0.066,0.056,2200000,118100000,1.0,47128223,46100000,46600000,22.085,692200000,55300000,6000000,23300000,15.015,275400000
OMN,MRY,2014-12-31,2014-11-30,2014-11-30,2018-03-28,-128800000,829200000,856050000,355900000,473300000,1.153,3.251,-29800000,99500000,99500000,788000000,11500000,2.875,4.51,412000000,5600000,406400000,412000000,0,34800000,0,0.0,0.0,44000000,78800000,0.08,78800000,44000000,11100000,0.25,0.25,0.25,150500000,174950000,150500000,615781912,13,7.814,-14800000,-0.32,1.0,199400000,0.202,151800000,32900000,866100000,873175000,92700000,0,0,0,678700000,123800000,554900000,316781912,-65400000,0,-1100000,-51400000,0,-52500000,-25000000,2300000,15000000,-2900000,11500000,11500000,11500000,600000,0,0.012,156400000,43000000,94300000,0.0,2.105,27.546,26.72,238400000,0,6.68,0.321,0.313,135700000,-56100000,987400000,987400000,0,0.013,0.066,0.05,0.045,2700000,120200000,1.0,47422442,46300000,47100000,21.326,677400000,75200000,-400000,21600000,14.631,232100000
OMN,MRY,2015-12-31,2015-11-30,2015-11-30,2018-03-28,-135900000,687200000,764025000,250900000,436300000,1.097,2.474,-24000000,44900000,44900000,644100000,-17800000,2.23,5.299,356700000,2500000,354200000,356700000,0,34000000,0,0.0,0.0,8100000,42100000,0.05,42100000,8100000,-20200000,-0.39,-0.39,-0.39,109100000,125925000,109100000,651166317,80,15.467,19700000,0.435,1.0,193900000,0.231,141700000,28300000,744800000,822200000,81900000,0,0,0,578100000,112500000,465600000,344566317,-54600000,-5000000,-18600000,-54100000,0,-72700000,-29000000,0,43700000,3400000,-17800000,-17800000,-17800000,-900000,0,-0.021,179200000,14700000,72000000,0.0,3.158,-19.358,-19.282,214900000,0,7.52,0.411,0.407,105300000,-73900000,838000000,838000000,0,-0.023,-0.141,0.01,0.01,2400000,119300000,1.0,45819989,45300000,45700000,18.499,545500000,67800000,-2400000,9500000,12.37,138400000
OMN,MRY,2016-12-31,2016-11-30,2016-11-30,2018-03-28,-138500000,687300000,731800000,277000000,410300000,1.038,2.495,-25600000,72000000,72000000,556000000,-400000,2.443,5.26,356700000,4200000,352500000,356700000,0,30600000,0,0.0,0.0,34600000,65200000,0.086,65200000,34600000,9900000,-0.01,-0.01,-0.01,109800000,120150000,109800000,720515004,20,11.051,25300000,0.575,1.0,203900000,0.268,136900000,24700000,721700000,739250000,74000000,0,0,0,577500000,113400000,464100000,433215004,33100000,5200000,0,1300000,0,600000,-20300000,0,50900000,1900000,-400000,-400000,-400000,0,0,-0.001,167100000,36800000,68700000,0.0,3.945,-1083.038,-960.0,202700000,0,9.6,0.57,0.556,87200000,-74300000,759900000,759900000,0,-0.001,-0.003,0.047,0.046,3500000,118500000,1.0,45126563,44000000,44000000,17.27,550400000,66700000,10300000,11400000,12.509,163600000
OMN,MRY,2017-12-31,2017-11-30,2017-11-30,2018-03-28,-125300000,612800000,672150000,276000000,336800000,1.165,0.855,-25100000,88000000,88000000,582300000,-87800000,2.367,15.042,354000000,4200000,349800000,354000000,0,27900000,0,0.0,0.0,17400000,45300000,0.058,45300000,17400000,-4100000,-1.98,-1.98,-1.98,38200000,99050000,38200000,759978804,43,16.777,22700000,0.511,1.0,200800000,0.256,122300000,21500000,639900000,698675000,76500000,0,0,0,574600000,116600000,458000000,480078804,16000000,-7300000,0,-4200000,0,-6600000,-28600000,3800000,47800000,3400000,-87800000,-87800000,-87800000,0,0,-0.112,184300000,16500000,78300000,0.0,12.568,-5.468,-5.404,208900000,0,10.7,0.613,0.607,99000000,-159200000,783100000,783100000,0,-0.131,-0.886,0.025,0.022,1900000,117100000,1.0,44867178,44400000,44400000,17.637,490500000,0,83700000,23400000,10.973,159400000
