ticker,dimension,calendardate,datekey,reportperiod,lastupdated,accoci,assets,assetsavg,assetsc,assetsnc,assetturnover,bvps,capex,cashneq,cashnequsd,cor,consolinc,currentratio,de,debt,debtc,debtnc,debtusd,deferredrev,depamor,deposits,divyield,dps,ebit,ebitda,ebitdamargin,ebitdausd,ebitusd,ebt,eps,epsdil,epsusd,equity,equityavg,equityusd,ev,evebit,evebitda,fcf,fcfps,fxusd,gp,grossmargin,intangibles,intexp,invcap,invcapavg,inventory,investments,investmentsc,investmentsnc,liabilities,liabilitiesc,liabilitiesnc,marketcap,ncf,ncfbus,ncfcommon,ncfdebt,ncfdiv,ncff,ncfi,ncfinv,ncfo,ncfx,netinc,netinccmn,netinccmnusd,netincdis,netincnci,netmargin,opex,opinc,payables,payoutratio,pb,pe,pe1,ppnenet,prefdivis,price,ps,ps1,receivables,retearn,revenue,revenueusd,rnd,roa,roe,roic,ros,sbcomp,sgna,sharefactor,sharesbas,shareswa,shareswadil,sps,tangibles,taxassets,taxexp,taxliabilities,tbvps,workingcapital
OPNT,MRY,2011-12-31,2011-07-31,2011-07-31,2018-05-09,0,77715,77459,51789,25926,0.0,-0.45,0,51789,51789,0,-9435787,,-1.23,0,,,0,0,1016,0,0.0,0.0,-9435787,-9434771,,-9434771,-9435787,-9435787,-14.0,-14.0,-14.0,-338517,-526632,-338517,51362315,-5,-5.444,-2955913,-4.401,1.0,0,,25926,0,0,0,0,0,0,0,416232,,,51518833,49489,0,3078020,-72618,0,3005402,0,0,-2955913,0,-9435787,-9435787,-9435787,0,0,,9435787,-9435787,412105,0.0,-152.19,-5.46,-5.0,0,0,70.0,,,0,-11507707,0,0,0,-121.817,17.917,,,6649420,9435787,1.0,735983,671637,671637,0.0,51789,0,0,0,0.069,
OPNT,MRY,2012-12-31,2012-07-31,2012-07-31,2018-05-09,0,44976,51553,20423,24553,0.0,-0.508,0,20423,20423,0,-12421188,0.031,-1.073,223693,223693,0,223693,0,1373,0,0.0,0.0,-12359799,-12358426,,-12358426,-12359799,-12421188,-12.0,-12.0,-12.0,-618718,-407288,-618718,17676135,-1,-1.43,-1096738,-1.056,1.0,0,,24553,61389,-440001,-35000,0,0,0,0,663694,663694,0,17601135,-31366,0,802929,262443,0,1065372,0,0,-1096738,0,-12421188,-12421188,-12421188,0,0,,12335706,-12335706,191909,0.0,-28.448,-1.417,-1.25,0,0,15.0,,,0,-23928895,0,0,506169,-240.937,30.497,353.135,,11238058,11829537,1.0,1173409,1038812,1038812,0.0,20423,0,0,0,0.017,-643271
OPNT,MRY,2013-12-31,2013-07-31,2013-07-31,2018-05-09,0,643053,377045,619873,23180,0.0,-0.691,0,598623,598623,0,-9177491,0.702,-1.65,25000,25000,0,25000,750000,1373,0,0.0,0.0,-8624446,-8623073,,-8623073,-8624446,-9177491,-6.0,-6.0,-6.0,-990016,-845650,-990016,4234619,0,-0.491,-747300,-0.522,1.0,0,,23180,553045,-836819,6517,0,0,0,0,1633069,883069,750000,4658423,578200,0,55000,520500,0,1325500,0,0,-747300,0,-9177491,-9177491,-9177491,0,0,,8806572,-8806572,390767,0.0,-4.705,-0.508,-0.5,0,0,3.0,,,0,-34850395,0,0,282670,-24.341,10.853,-1323.275,,7808715,8523902,1.0,1552807,1432434,1432434,0.0,619873,0,0,0,0.433,-263196
OPNT,MRY,2014-12-31,2014-07-31,2014-07-31,2018-05-09,0,300657,337938,278849,21808,0.0,-1.727,0,254770,254770,0,-11482818,0.142,-1.098,0,0,0,0,1411470,1372,0,0.0,0.0,-11322515,-11321143,,-11321143,-11322515,-11482818,-6.57,-6.57,-6.57,-3078068,-2220311,-3078068,10493616,0,-0.927,-1005323,-0.575,1.0,0,,21808,160303,-1943176,-1489199,0,0,0,0,3378725,1967255,1411470,10674443,-343853,0,0,0,0,661470,0,0,-1005323,0,-11482818,-11482818,-11482818,0,0,,11303369,-11303369,550604,0.0,-3.468,-0.93,-0.913,0,0,6.0,,,0,-46333213,0,0,464609,-33.979,5.172,7.603,,9217549,10838760,1.0,1779073,1747881,1747881,0.0,278849,0,0,0,0.156,-1688406
OPNT,MRY,2015-12-31,2015-07-31,2015-07-31,2018-05-09,0,487795,1178871,467360,20435,1.315,-4.555,0,434217,434217,0,-7037873,0.131,-1.058,0,0,0,0,5300000,1373,0,0.0,0.0,-7009641,-7008268,-4.521,-7008268,-7009641,-7037873,-3.88,-3.88,-3.88,-8386725,-6218725,-8386725,12146017,-1,-1.733,-4239083,-2.338,1.0,1550000,1.0,20435,28232,-3541377,-2437600,0,0,0,0,8874520,3574520,5300000,13485246,179447,0,0,-220000,0,4418530,0,0,-4239083,0,-7037873,-7037873,-7037873,0,0,-4.541,8449493,-6899493,445460,0.0,-1.608,-1.916,-1.881,0,0,7.3,8.7,8.539,0,-53371086,1550000,1550000,2414973,-5.97,1.132,2.876,-4.522,1729216,6034520,1.0,1847294,1813069,1813069,0.855,467360,0,0,0,0.254,-3107160
OPNT,MRY,2016-12-31,2016-07-31,2016-07-31,2018-05-09,0,1881878,1540733,1856295,25583,6.424,-2.358,-7537,1481393,1481393,0,-7814256,0.438,-1.4,165000,165000,0,165000,2600000,2389,0,0.0,0.0,-7826146,-7823757,-0.79,-7823757,-7826146,-7814256,-4.09,-4.09,-4.09,-4704956,-5634498,-4704956,13199920,-1,-1.687,-922824,-0.483,1.0,9897595,1.0,19062,-11890,-3690411,-3836991,0,0,0,0,6586834,4236834,2350000,15563385,1047176,0,0,-130000,0,1962463,-7537,0,-915287,0,-7814256,-7814256,-7814256,0,0,-0.79,17636074,-7738479,140584,0.0,-3.308,-1.992,-1.914,6521,0,7.83,1.572,1.511,312498,-61185342,9897595,9897595,2808757,-5.072,1.387,2.04,-0.791,11496025,14827317,1.0,1987661,1910489,1910489,5.181,1862816,0,0,0,0.933,-2380539
OPNT,MRY,2017-12-31,2017-07-31,2017-07-31,2018-05-09,0,10807885,6344881,10787442,20443,2.907,2.119,0,6872555,6872555,0,6580613,2.589,1.494,0,0,0,0,2560146,5140,0,0.0,0.0,7151053,7156193,0.388,7156193,7151053,7131087,3.27,2.94,3.27,4334409,-185273,4334409,16665450,2,2.329,5556162,2.758,1.0,18445996,1.0,17690,19966,-249309,-1969860,0,0,0,0,6473476,4166949,2306527,26345904,5391162,0,0,-165000,0,-165000,0,0,5556162,0,6580613,6580613,6580613,0,0,0.357,11353231,7092765,2211971,0.0,6.078,4.004,3.976,2753,0,13.0,1.428,1.42,3750000,-54604729,18445996,18445996,3171599,1.037,-35.518,-3.63,0.388,1696926,8181632,1.0,2026608,2014540,2235851,9.156,10790195,0,550474,0,5.274,6620493
