ticker,dimension,calendardate,datekey,reportperiod,lastupdated,accoci,assets,assetsavg,assetsc,assetsnc,assetturnover,bvps,capex,cashneq,cashnequsd,cor,consolinc,currentratio,de,debt,debtc,debtnc,debtusd,deferredrev,depamor,deposits,divyield,dps,ebit,ebitda,ebitdamargin,ebitdausd,ebitusd,ebt,eps,epsdil,epsusd,equity,equityavg,equityusd,ev,evebit,evebitda,fcf,fcfps,fxusd,gp,grossmargin,intangibles,intexp,invcap,invcapavg,inventory,investments,investmentsc,investmentsnc,liabilities,liabilitiesc,liabilitiesnc,marketcap,ncf,ncfbus,ncfcommon,ncfdebt,ncfdiv,ncff,ncfi,ncfinv,ncfo,ncfx,netinc,netinccmn,netinccmnusd,netincdis,netincnci,netmargin,opex,opinc,payables,payoutratio,pb,pe,pe1,ppnenet,prefdivis,price,ps,ps1,receivables,retearn,revenue,revenueusd,rnd,roa,roe,roic,ros,sbcomp,sgna,sharefactor,sharesbas,shareswa,shareswadil,sps,tangibles,taxassets,taxexp,taxliabilities,tbvps,workingcapital
OSIS,MRY,2011-12-31,2011-06-30,2011-06-30,2018-04-30,2145000,584916000,545220250,405286000,179630000,1.203,20.032,-13392000,55619000,55619000,416834000,33422000,2.518,0.52,2756000,0,2756000,2756000,41147000,18529000,0,0.0,0.0,47761000,66290000,0.101,66290000,47761000,46735000,1.77,1.71,1.77,384800000,353267250,384800000,782633174,16,11.806,26747000,1.419,1.0,239266000,0.365,103999000,1026000,267073000,255966750,169634000,0,0,0,200116000,160981000,39135000,819228174,3630000,-10617000,17422000,-33312000,0,-15890000,-24009000,0,40139000,3390000,33422000,33422000,33422000,0,0,0.051,191505000,47761000,66462000,0.0,2.129,24.512,24.294,55017000,0,43.0,1.249,1.235,136716000,110103000,656100000,656100000,45448000,0.061,0.095,0.187,0.073,10651000,142633000,1.0,19051818,18843000,19548000,34.819,480917000,17156000,13313000,0,25.036,244305000
OSIS,MRY,2012-12-31,2012-06-30,2012-06-30,2018-04-30,-4288000,749896000,673786500,483113000,266783000,1.177,21.868,-68490000,91452000,91452000,524348000,45548000,3.007,0.727,2682000,215000,2467000,2682000,142871000,20199000,0,0.0,0.0,65940000,86139000,0.109,86139000,65940000,61983000,2.31,2.24,2.31,434119000,410568500,434119000,1169394905,17,13.576,52073000,2.639,1.0,268642000,0.339,119891000,3957000,380586000,326633250,195178000,0,0,0,315777000,160649000,155128000,1257602905,35833000,-12692000,956000,-217000,0,-1730000,-81182000,0,120563000,-1818000,45548000,45548000,45548000,0,0,0.057,202702000,65940000,56422000,0.0,2.897,27.61,27.42,111664000,0,63.34,1.586,1.576,156867000,155651000,792990000,792990000,49565000,0.068,0.111,0.202,0.083,11717000,151746000,1.0,19854798,19732000,20330000,40.188,630005000,0,16435000,0,31.735,322464000
OSIS,MRY,2013-12-31,2013-06-30,2013-06-30,2018-04-30,-6336000,952739000,852187750,543124000,409615000,0.941,24.004,-157367000,34697000,34697000,511621000,44135000,1.821,0.991,71470000,60797000,10673000,71470000,130563000,27507000,0,0.0,0.0,74438000,101945000,0.127,101945000,74438000,69414000,2.21,2.15,2.21,478451000,458649000,478451000,1304584078,17,12.797,-98702000,-4.946,1.0,290426000,0.362,120346000,5024000,570927000,490659250,206213000,0,0,0,474288000,298239000,176049000,1284370078,-56755000,-10486000,-7337000,68826000,0,51058000,-167853000,0,58665000,1375000,44135000,44135000,44135000,0,0,0.055,215988000,74438000,97050000,0.0,2.684,29.101,29.149,249029000,0,64.42,1.601,1.603,206817000,199786000,802047000,802047000,48240000,0.052,0.096,0.152,0.093,20012000,159761000,1.0,19937443,19956000,20568000,40.191,832393000,41617000,25279000,66024000,41.762,244885000
OSIS,MRY,2014-12-31,2014-06-30,2014-06-30,2018-04-30,-2901000,1011077000,959719000,566121000,444956000,0.945,26.691,-54598000,38831000,38831000,601742000,47894000,1.871,0.9,37255000,26819000,10436000,37255000,149170000,54239000,0,0.0,0.0,81295000,135534000,0.149,135534000,81295000,75855000,2.4,2.33,2.4,532213000,502901500,532213000,1326904764,16,9.79,74572000,3.738,1.0,305000000,0.336,136222000,5440000,570672000,557836750,234138000,0,0,0,478864000,302607000,176257000,1331126764,4134000,-17636000,-10555000,-35170000,0,-54294000,-72234000,0,129170000,1492000,47894000,47894000,47894000,0,0,0.053,223705000,81295000,74460000,0.0,2.501,27.793,27.813,260479000,0,66.75,1.468,1.469,185773000,247680000,906742000,906742000,44792000,0.05,0.095,0.146,0.09,21556000,166869000,1.0,19941974,19952000,20587000,45.446,874855000,60401000,27961000,93717000,43.874,263514000
OSIS,MRY,2015-12-31,2015-06-30,2015-06-30,2018-04-30,-10264000,937289000,1006983000,496634000,440655000,0.952,29.433,-15286000,47593000,47593000,632849000,65151000,2.055,0.611,11357000,2801000,8556000,11357000,89176000,58976000,0,0.0,0.0,92108000,151084000,0.158,151084000,92108000,88853000,3.29,3.17,3.29,581779000,550633250,581779000,1371141201,14,9.075,89817000,4.536,1.0,325353000,0.34,148580000,3255000,510830000,545662500,230421000,0,0,0,355510000,241643000,113867000,1402340201,8762000,-20147000,-27146000,-25686000,0,-60026000,-35433000,0,105103000,-882000,65151000,65151000,65151000,0,0,0.068,233245000,92108000,61932000,0.0,2.41,21.524,21.517,225703000,0,70.79,1.464,1.463,178519000,312831000,958202000,958202000,51639000,0.065,0.118,0.169,0.096,22501000,171756000,1.0,19809863,19799000,20526000,48.396,788709000,0,23702000,30688000,39.902,254991000
OSIS,MRY,2016-12-31,2016-06-30,2016-06-30,2018-04-30,-17256000,991723000,1023060000,555318000,436405000,0.811,28.622,-17688000,104370000,104370000,552801000,26157000,1.51,0.834,133813000,127759000,6054000,133813000,55408000,57922000,0,0.0,0.0,38374000,96296000,0.116,96296000,38374000,35495000,1.35,1.3,1.35,540846000,551130000,540846000,1135489532,29,11.792,41530000,2.138,1.0,276859000,0.334,179102000,2879000,474229000,518245500,273288000,0,0,0,450877000,367835000,83042000,1098385532,56777000,-25791000,-67231000,122774000,0,41828000,-43479000,0,59218000,-790000,26157000,26157000,26157000,0,0,0.032,238485000,38374000,69490000,0.0,2.031,41.992,43.059,183114000,0,58.13,1.324,1.361,141716000,338988000,829660000,829660000,49816000,0.026,0.047,0.074,0.046,20759000,166655000,1.0,18895330,19427000,20076000,42.707,812621000,43475000,9338000,29160000,43.005,187483000
OSIS,MRY,2017-12-31,2017-06-30,2017-06-30,2018-04-30,-17188000,1230087000,1244210500,653000000,577087000,0.772,30.465,-17096000,169650000,169650000,637450000,21076000,1.887,1.161,347146000,105396000,241750000,347146000,37934000,68235000,0,0.0,0.0,33292000,101527000,0.106,101527000,33292000,25751000,1.12,1.07,1.12,569213000,553584500,569213000,1580680820,47,15.569,45683000,2.418,1.0,323501000,0.337,360579000,7541000,700870000,600621750,248510000,0,0,0,660874000,346134000,314740000,1403724820,65280000,-183592000,-40796000,254464000,0,203584000,-200688000,0,62779000,-395000,21076000,21076000,21076000,0,0,0.022,290209000,33292000,76121000,0.0,2.466,66.603,67.098,141539000,0,75.15,1.461,1.478,206526000,363872000,960951000,960951000,50951000,0.017,0.038,0.055,0.035,26132000,192560000,1.0,18678973,18894000,19689000,50.86,869508000,34897000,4675000,20681000,46.538,306866000
