ticker,dimension,calendardate,datekey,reportperiod,lastupdated,accoci,assets,assetsavg,assetsc,assetsnc,assetturnover,bvps,capex,cashneq,cashnequsd,cor,consolinc,currentratio,de,debt,debtc,debtnc,debtusd,deferredrev,depamor,deposits,divyield,dps,ebit,ebitda,ebitdamargin,ebitdausd,ebitusd,ebt,eps,epsdil,epsusd,equity,equityavg,equityusd,ev,evebit,evebitda,fcf,fcfps,fxusd,gp,grossmargin,intangibles,intexp,invcap,invcapavg,inventory,investments,investmentsc,investmentsnc,liabilities,liabilitiesc,liabilitiesnc,marketcap,ncf,ncfbus,ncfcommon,ncfdebt,ncfdiv,ncff,ncfi,ncfinv,ncfo,ncfx,netinc,netinccmn,netinccmnusd,netincdis,netincnci,netmargin,opex,opinc,payables,payoutratio,pb,pe,pe1,ppnenet,prefdivis,price,ps,ps1,receivables,retearn,revenue,revenueusd,rnd,roa,roe,roic,ros,sbcomp,sgna,sharefactor,sharesbas,shareswa,shareswadil,sps,tangibles,taxassets,taxexp,taxliabilities,tbvps,workingcapital
OVTI,MRY,2011-12-31,2011-04-30,2011-04-30,2017-04-23,1426000,1034158000,937667250,730971000,303187000,1.02,13.027,-73813000,379379000,379379000,678459000,124482000,4.909,0.376,46239000,4323000,41916000,46239000,16594000,20564000,0,0.0,0.0,129857000,150421000,0.157,150421000,129857000,128707000,2.25,2.11,2.25,751325000,662139000,751325000,1605237861,12,10.672,63481000,1.147,1.0,278017000,0.291,71014000,1150000,481085000,482620750,106873000,192121000,87505000,104616000,282833000,148919000,133914000,1933766861,145356000,1028000,76189000,-4303000,0,71986000,-64706000,8079000,137294000,782000,124482000,124482000,124482000,0,0,0.13,152110000,125907000,102519000,0.0,2.574,15.535,14.929,115446000,0,33.59,2.022,1.943,142606000,394735000,956476000,956476000,88519000,0.133,0.188,0.269,0.136,20355000,62817000,1.0,57569719,55324000,59106000,17.289,963144000,4937000,4225000,87526000,16.7,582052000
OVTI,MRY,2012-12-31,2012-04-30,2012-04-30,2017-04-23,2970000,1102957000,1101164500,742765000,360192000,0.815,14.54,-24186000,290492000,290492000,649719000,65849000,3.545,0.45,42483000,3146000,39337000,42483000,10115000,29771000,0,0.0,0.0,74754000,104525000,0.116,104525000,74754000,72648000,1.16,1.13,1.16,760879000,791146250,760879000,795892308,10,7.614,-15749000,-0.278,1.0,248011000,0.276,79255000,2106000,566169000,550560500,291340000,169455000,40515000,128940000,342078000,209524000,132554000,963765308,-88887000,-28421000,-80414000,-4341000,0,-84280000,-13039000,46068000,8437000,-5000,65849000,65849000,65849000,0,0,0.073,183899000,64112000,159860000,0.0,1.267,14.636,15.879,144792000,0,18.42,1.074,1.163,107793000,460584000,897730000,897730000,110730000,0.06,0.083,0.136,0.083,27746000,63883000,1.0,52321678,56666000,58233000,15.842,1023702000,4083000,6799000,89146000,19.562,533241000
OVTI,MRY,2013-12-31,2013-04-30,2013-04-30,2017-04-23,3952000,1227014000,1184582000,825177000,401837000,1.189,15.669,-35323000,190171000,190171000,1163815000,42902000,3.291,0.452,39478000,3769000,35709000,39478000,15493000,32524000,0,0.0,0.0,52864000,85388000,0.061,85388000,52864000,50164000,0.8,0.8,0.8,845209000,810899750,845209000,567821721,10,6.65,-95947000,-1.792,1.0,244114000,0.173,67031000,2700000,758589000,735258250,430315000,161910000,22164000,139746000,381805000,250701000,131104000,723188721,-100321000,-9000000,7807000,-3144000,0,7359000,-47064000,17816000,-60624000,8000,42902000,42902000,42902000,0,0,0.03,195438000,48676000,188261000,0.0,0.856,16.857,16.762,158394000,0,13.41,0.514,0.51,166517000,503486000,1407929000,1407929000,113194000,0.036,0.053,0.072,0.038,34511000,72958000,1.0,53929062,53529000,53671000,26.302,1159983000,4028000,7262000,93681000,21.504,574476000
OVTI,MRY,2014-12-31,2014-04-30,2014-04-30,2017-04-23,2378000,1323075000,1284733500,905901000,417174000,1.132,17.61,-14849000,297952000,297952000,1178207000,94997000,4.4,0.341,35832000,3802000,32030000,35832000,25783000,32726000,0,0.0,0.0,106958000,139684000,0.096,139684000,106958000,104929000,1.71,1.7,1.71,986857000,937819000,986857000,821366934,7,5.88,223044000,4.016,1.0,275722000,0.19,76444000,2029000,778639000,779455000,270935000,307402000,152993000,154409000,336218000,205872000,130346000,1094217934,107781000,21160000,13673000,-3830000,0,7881000,-138024000,-132033000,237893000,31000,94997000,94997000,94997000,0,0,0.065,201826000,73896000,142012000,0.0,1.109,11.518,11.421,153792000,0,19.53,0.753,0.746,172472000,598483000,1453929000,1453929000,119248000,0.074,0.101,0.137,0.074,35547000,73292000,1.0,56027544,55537000,56043000,26.179,1246631000,4973000,9932000,88814000,22.245,700029000
OVTI,MRY,2015-12-31,2015-04-30,2015-04-30,2017-04-23,40069000,1468396000,1438390000,1044492000,423904000,0.959,20.012,-11311000,318892000,318892000,1075326000,93390000,5.182,0.263,32095000,7096000,24999000,32095000,22621000,34686000,0,0.0,0.0,83420000,118106000,0.086,118106000,83420000,81897000,1.62,1.57,1.62,1162780000,1099839500,1162780000,1344916613,16,11.387,63894000,1.11,1.0,303449000,0.22,62514000,1523000,917516000,856890750,343966000,397292000,205271000,192021000,305616000,201569000,104047000,1620878613,20940000,302000,13352000,-3812000,0,11550000,-65798000,-54789000,75205000,-17000,93390000,93390000,93390000,0,0,0.068,227323000,76126000,118796000,0.0,1.394,17.356,17.219,145214000,0,27.895,1.176,1.165,151086000,691873000,1378775000,1378775000,135575000,0.065,0.085,0.097,0.061,34760000,82462000,1.0,58106421,57563000,59516000,23.952,1405882000,7149000,-11493000,58594000,24.196,842923000
