ticker,dimension,calendardate,datekey,reportperiod,lastupdated,accoci,assets,assetsavg,assetsc,assetsnc,assetturnover,bvps,capex,cashneq,cashnequsd,cor,consolinc,currentratio,de,debt,debtc,debtnc,debtusd,deferredrev,depamor,deposits,divyield,dps,ebit,ebitda,ebitdamargin,ebitdausd,ebitusd,ebt,eps,epsdil,epsusd,equity,equityavg,equityusd,ev,evebit,evebitda,fcf,fcfps,fxusd,gp,grossmargin,intangibles,intexp,invcap,invcapavg,inventory,investments,investmentsc,investmentsnc,liabilities,liabilitiesc,liabilitiesnc,marketcap,ncf,ncfbus,ncfcommon,ncfdebt,ncfdiv,ncff,ncfi,ncfinv,ncfo,ncfx,netinc,netinccmn,netinccmnusd,netincdis,netincnci,netmargin,opex,opinc,payables,payoutratio,pb,pe,pe1,ppnenet,prefdivis,price,ps,ps1,receivables,retearn,revenue,revenueusd,rnd,roa,roe,roic,ros,sbcomp,sgna,sharefactor,sharesbas,shareswa,shareswadil,sps,tangibles,taxassets,taxexp,taxliabilities,tbvps,workingcapital
PAM,MRY,2011-12-31,2011-12-31,2011-12-31,2018-04-30,-12650920,12088483176,10906322865,1898715834,10189767342,0.48,1.856,-665317264,345118745,80246699,4726852788,-819931002,0.752,3.411,3381451954,893801060,2487650894,786252158,174796000,368162054,0,0.008,0.088,-360447855,7714199,0.001,1793698,-83811010,-778307795,-14.102,-14.102,-3.279,2439370220,2807296229,567200163,1163914904,-13,648.891,416165200,0.317,4.301,502813212,0.096,1791802004,417859940,10808780221,9903336438,60421699,978938090,72698858,906239232,8321148616,2524234160,5796914456,565153684,-192909397,-324197676,0,359253874,-18111204,383135512,-1657527373,47420310,1081482464,97168233,-741395337,-741395337,-172388574,90851233,78535665,-0.142,1312342080,-809528868,3000334479,-0.027,0.996,-3.278,-3.278,5892575944,0,10.75,0.465,11.619,1715749493,-667906366,5229666000,1215997220,0,-0.068,-0.264,-0.036,-0.069,8945352,662392777,0.04,1314310895,1314310895,,0.925,10296681172,116574172,-36912458,1063082200,7.834,-625518326
PAM,MRY,2012-12-31,2012-12-31,2012-12-31,2018-04-30,-10753372,11319483931,11703983553,2127142341,9192341590,0.572,1.37,-640405788,156647001,31870756,6355771263,-1079569783,0.663,4.993,3009399997,790916969,2218483028,612280190,264427265,374037848,0,0.022,0.075,-281062964,92974884,0.014,18916288,-57183918,-783005276,-12.357,-12.367,-2.514,1800518866,2119944543,366326189,977607559,-17,51.681,571643254,0.435,4.915,339593556,0.051,1798492198,501942312,9165352598,9987066409,107342562,865300443,236646460,628653983,8989168787,3208392131,5780776656,180849179,-247304948,-198565,0,-679012125,-13992428,-556218936,-903135054,-26405515,1212049042,41682204,-649694254,-649694254,-132184130,-31066521,429875529,-0.097,993135333,-653541777,4383591773,-0.03,0.494,-1.368,-1.368,6103838253,0,3.44,0.133,3.319,1962660875,-771796574,6695364819,1362211488,0,-0.056,-0.306,-0.028,-0.042,8945352,877319905,0.04,1314310895,1314310895,,1.036,9520991733,87532301,-133311022,935094394,7.244,-1081249790
PAM,MRY,2013-12-31,2013-12-31,2013-12-31,2018-04-30,-24385321,12562554232,11941019081,3558075029,9004479203,0.447,1.597,-1049865673,341668865,52434306,5603274246,614785320,0.771,4.616,3678102235,753571799,2924530436,564460977,33665717,374791231,0,0.0,0.0,1087780530,1462571761,0.274,224453979,166936539,273904810,7.072,7.072,1.085,2098850339,1949684602,322100647,802516530,4,3.575,606330924,0.461,6.516,-268280696,-0.05,901846313,813875720,10384059446,9774706022,114615289,1600408162,844259368,756148794,9687732129,4613081843,5074650286,275479563,122677528,-205386,0,-123087821,0,-76931201,-1456587868,-337064394,1656196597,51190336,286083801,286083801,43903929,126858328,328701519,0.054,935893569,-1204174265,4921810849,0.0,0.855,6.275,4.828,6902661359,0,5.24,0.336,8.412,2623652755,286083801,5334993550,818736261,0,0.024,0.147,0.111,0.204,8945352,1198002525,0.04,1314310895,1314310895,,0.623,11660707919,63214262,-12178991,806375409,8.872,-1055006814
PAM,MRY,2014-12-31,2014-12-31,2014-12-31,2018-04-30,-32191096,16866973361,14714763796,4402992558,12463980803,0.415,2.222,-2329000000,335234106,39531820,5925000000,530000000,0.69,4.559,4570571693,783583090,3786988603,538975646,109852804,467000000,0,0.0,0.0,1756000000,2223000000,0.364,262142887,207072834,643000000,14.135,12.705,1.667,2920407893,2509629116,344383337,943867985,4,3.601,-136000000,-0.103,8.48,176000000,0.029,872384099,1113000000,13853094199,12118576822,135570860,2351654566,1028577127,1323077439,13313134346,6376832650,6936301696,526775806,-46000000,0,0,-303000000,0,233000000,-2472000000,134000000,2193000000,39000000,743000000,743000000,87616808,0,-213000000,0.122,1597000000,-1421000000,7234038349,0.0,1.53,6.012,6.011,9218099975,0,10.02,0.732,18.305,3858254888,743159355,6101000000,719448384,22000000,0.05,0.296,0.145,0.288,7000000,1540000000,0.04,1314310895,1314310895,,0.547,15994589262,93681916,-100000000,983744823,12.17,-1973840092
PAM,MRY,2015-12-31,2015-12-31,2015-12-31,2018-04-30,-31000000,29150000000,23008486680,9699000000,19451000000,0.309,5.318,-4798000000,517000000,39943538,7038000000,3849000000,1.012,2.971,7993000000,1308000000,6685000000,617541007,155000000,720000000,0,0.0,0.0,4909000000,5629000000,0.792,434897827,379270462,3652000000,56.9,56.9,4.396,6990000000,4955203946,540048998,1554160859,4,3.574,-432000000,-0.329,12.943,68000000,0.01,734000000,1257000000,26310000000,20081547099,225000000,7006000000,4081000000,2925000000,20769000000,9582000000,11187000000,1080363555,103000000,0,0,1779000000,0,2852000000,-7115000000,-2610000000,4366000000,79000000,3065000000,3065000000,236802600,0,784000000,0.431,-3576000000,3644000000,10305000000,0.0,2.0,4.562,4.675,14509000000,0,20.55,1.968,49.196,6105000000,3065000000,7106000000,549011184,3000000,0.133,0.619,0.244,0.691,0,2194000000,0.04,1314310895,1314310895,,0.418,28416000000,52000000,587000000,1604000000,21.62,117000000
PAM,MRY,2016-12-31,2016-12-31,2016-12-31,2018-04-30,70000000,77277000000,53213500000,23150000000,54127000000,0.472,6.518,-5093000000,1421000000,88984908,20153000000,-252000000,0.77,5.718,25972000000,10686000000,15286000000,1626401152,201000000,2201000000,0,0.0,0.0,3065000000,5266000000,0.21,329763917,191934372,-1212000000,-0.158,-0.158,-0.01,11054000000,9022000000,692216168,2860687219,14,8.675,852000000,0.502,15.969,4957000000,0.197,2103000000,4277000000,69662000000,47986000000,3360000000,9501000000,4211000000,5290000000,63203000000,30063000000,33140000000,2361314710,544000000,-8840000000,0,10912000000,0,5830000000,-11231000000,3392000000,5945000000,360000000,-11000000,-11000000,-688834,-72000000,-241000000,0.0,3566000000,1391000000,20042000000,0.0,3.411,-3427.985,-3518.233,41001000000,0,34.81,1.502,37.543,18613000000,-11000000,25110000000,1572421566,94000000,0.0,-0.001,0.064,0.122,0,5760000000,0.04,1695859459,1695859459,,0.927,75174000000,1232000000,-1201000000,8882000000,44.328,-6913000000
PAM,MRY,2017-12-31,2017-12-31,2017-12-31,2018-04-30,252000000,104467000000,90872000000,36912000000,67555000000,0.554,9.208,-10725000000,799000000,43189189,34427000000,5670000000,1.232,4.988,42966000000,5840000000,37126000000,2322486486,198000000,3421000000,0,0.0,0.0,8351000000,11772000000,0.234,636324324,451405405,3239000000,58.422,58.422,3.158,16910000000,13982000000,914054054,6537994046,14,10.275,-9000000,-0.005,18.5,15920000000,0.316,1586000000,5112000000,115090000000,92376000000,2326000000,20542000000,14638000000,5904000000,84355000000,29958000000,54397000000,4942374509,-484000000,328000000,-72000000,8948000000,0,8085000000,-19285000000,-7712000000,10716000000,23000000,4606000000,4606000000,248972972,-94000000,1064000000,0.091,6873000000,9047000000,26730000000,0.0,5.407,19.851,21.305,41214000000,0,67.28,1.816,45.402,24187000000,3243000000,50347000000,2721459459,44000000,0.051,0.329,0.09,0.166,0,7809000000,0.04,1836494690,1836494690,,1.482,102881000000,1306000000,-1367000000,5663000000,56.02,6954000000
