ticker,dimension,calendardate,datekey,reportperiod,lastupdated,accoci,assets,assetsavg,assetsc,assetsnc,assetturnover,bvps,capex,cashneq,cashnequsd,cor,consolinc,currentratio,de,debt,debtc,debtnc,debtusd,deferredrev,depamor,deposits,divyield,dps,ebit,ebitda,ebitdamargin,ebitdausd,ebitusd,ebt,eps,epsdil,epsusd,equity,equityavg,equityusd,ev,evebit,evebitda,fcf,fcfps,fxusd,gp,grossmargin,intangibles,intexp,invcap,invcapavg,inventory,investments,investmentsc,investmentsnc,liabilities,liabilitiesc,liabilitiesnc,marketcap,ncf,ncfbus,ncfcommon,ncfdebt,ncfdiv,ncff,ncfi,ncfinv,ncfo,ncfx,netinc,netinccmn,netinccmnusd,netincdis,netincnci,netmargin,opex,opinc,payables,payoutratio,pb,pe,pe1,ppnenet,prefdivis,price,ps,ps1,receivables,retearn,revenue,revenueusd,rnd,roa,roe,roic,ros,sbcomp,sgna,sharefactor,sharesbas,shareswa,shareswadil,sps,tangibles,taxassets,taxexp,taxliabilities,tbvps,workingcapital
PBH,MRY,2011-12-31,2011-03-31,2011-03-31,2018-05-10,0,1056918000,919393250,107582000,949336000,0.366,7.215,-643000,13334000,13334000,165632000,29220000,1.985,1.921,486945000,0,486945000,486945000,0,10108000,0,0.0,0.0,75887000,85995000,0.256,85995000,75887000,48569000,0.58,0.58,0.58,361832000,351808750,361832000,998585693,13,11.612,86027000,1.718,1.0,170878000,0.508,941257000,27318000,535064000,444087500,39751000,0,0,0,695086000,54208000,640878000,577628693,-27763000,-275037000,331000,161269000,0,161247000,-275680000,0,86670000,0,29220000,29220000,29220000,-41000,0,0.087,94733000,76145000,21615000,0.0,1.596,19.768,19.828,1444000,0,11.5,1.717,1.711,44393000,-26187000,336510000,336510000,0,0.032,0.083,0.171,0.226,3575000,84857000,1.0,50228582,50081000,50338000,6.719,115661000,5292000,19349000,153933000,2.306,53374000
PBH,MRY,2012-12-31,2012-03-31,2012-03-31,2018-05-10,-13000,1758276000,1226970000,147035000,1611241000,0.359,8.005,-606000,19015000,19015000,213701000,37212000,2.3,3.366,1123908000,0,1123908000,1123908000,0,10734000,0,0.0,0.0,102495000,113229000,0.257,113229000,102495000,61157000,0.74,0.73,0.74,402728000,393394000,402728000,1306766524,12,11.541,66846000,1.33,1.0,227384000,0.516,1574224000,41338000,1225022000,682827250,51113000,0,0,0,1355548000,63923000,1291625000,881573524,5681000,-661600000,889000,599816000,0,600434000,-662206000,0,67452000,1000,37212000,37212000,37212000,0,0,0.084,124561000,102823000,26726000,0.0,2.189,23.691,23.622,1304000,0,17.48,1.999,1.992,60228000,10742000,441085000,441085000,0,0.03,0.095,0.15,0.232,3078000,113827000,1.0,50433268,50270000,50748000,8.774,184052000,5283000,23945000,167717000,3.658,83112000
PBH,MRY,2013-12-31,2013-03-31,2013-03-31,2018-05-10,-104000,1739799000,1752866500,164173000,1575626000,0.354,9.346,-10253000,15670000,15670000,276381000,65505000,1.698,2.64,970900000,0,970900000,970900000,0,13235000,0,0.0,0.0,190454000,203689000,0.328,203689000,190454000,106034000,1.29,1.27,1.29,477943000,448078250,477943000,2301403614,12,11.299,127352000,2.515,1.0,343737000,0.554,1540786000,84420000,1057575000,1138034750,60201000,0,0,0,1261856000,96668000,1165188000,1311534614,-3345000,21474000,6029000,-158146000,0,-152117000,11221000,0,137605000,-54000,65505000,65505000,65505000,0,0,0.106,151853000,191884000,51376000,0.0,2.744,20.022,19.915,9896000,0,25.69,2.115,2.098,73053000,76247000,620118000,620118000,0,0.037,0.146,0.167,0.307,3772000,138618000,1.0,51052340,50633000,51440000,12.247,199013000,6349000,40529000,194288000,3.892,67505000
PBH,MRY,2014-12-31,2014-03-31,2014-03-31,2018-05-10,739000,1795663000,1801169750,177185000,1618478000,0.332,10.819,-2761000,28331000,28331000,261830000,72615000,2.1,2.187,934414000,0,934414000,934414000,0,13486000,0,0.0,0.0,170390000,183876000,0.308,183876000,170390000,101748000,1.41,1.39,1.41,563360000,537214250,563360000,2347002877,13,12.764,108821000,2.107,1.0,335551000,0.562,1585728000,68642000,1031660000,1060578000,65586000,0,0,0,1232303000,84358000,1147945000,1411554877,12661000,-55215000,5907000,-40500000,0,-41153000,-57976000,0,111582000,208000,72615000,72615000,72615000,0,0,0.122,146935000,188616000,48286000,0.0,2.506,19.439,19.326,9597000,0,27.25,2.363,2.356,65050000,149145000,597381000,597381000,0,0.04,0.135,0.161,0.285,5146000,133449000,1.0,51800179,51641000,52349000,11.568,209935000,6544000,29133000,213204000,4.032,92827000
PBH,MRY,2015-12-31,2015-03-31,2015-03-31,2018-05-10,-23412000,2641967000,2475545750,201707000,2440260000,0.289,11.989,3899000,21318000,21318000,308400000,78260000,2.037,3.209,1561273000,0,1561273000,1561273000,0,17740000,0,0.0,0.0,208784000,226524000,0.317,226524000,208784000,127458000,1.5,1.49,1.5,627624000,604101750,627624000,3858007590,18,17.031,160154000,3.07,1.0,406223000,0.568,2425351000,81326000,1657534000,1580555750,74000000,0,0,0,2014343000,99037000,1915306000,2241997590,-7013000,-809157000,4011000,656100000,0,643265000,-805258000,0,156255000,-1275000,78260000,78260000,78260000,0,0,0.11,198664000,207559000,46115000,0.0,3.572,28.648,28.593,13744000,0,42.89,3.137,3.131,87858000,227405000,714623000,714623000,0,0.032,0.13,0.132,0.292,6918000,180924000,1.0,52273201,52170000,52670000,13.698,216616000,8097000,49198000,351569000,4.138,102670000
PBH,MRY,2016-12-31,2016-03-31,2016-03-31,2018-05-10,-23525000,2948791000,2713295750,249013000,2699778000,0.297,14.088,-3224000,27230000,27230000,339036000,99907000,2.334,2.962,1625309000,0,1625309000,1625309000,0,23676000,0,0.0,0.0,242507000,266183000,0.33,266183000,242507000,157185000,1.89,1.88,1.89,744336000,703438250,744336000,4214608727,17,15.834,173086000,3.281,1.0,467211000,0.579,2682914000,85322000,1757272000,1623678750,91263000,0,0,0,2204455000,106684000,2097771000,2816549727,5912000,-219747000,7233000,58900000,0,52076000,-222971000,0,176310000,497000,99907000,99907000,99907000,0,0,0.124,206896000,260315000,38296000,0.0,3.784,28.192,28.249,15540000,0,53.39,3.493,3.493,95247000,327312000,806247000,806247000,0,0.037,0.142,0.149,0.301,11914000,183220000,1.0,52754256,52754000,53143000,15.283,265877000,10108000,57278000,469622000,5.032,142329000
PBH,MRY,2017-12-31,2017-03-31,2017-03-31,2018-05-10,-26352000,3911348000,3107904500,334434000,3576914000,0.284,15.513,-2892000,41855000,41855000,381774000,69395000,2.064,3.755,2193732000,0,2193732000,2193732000,0,25792000,0,0.0,0.0,204396000,230188000,0.261,230188000,204396000,110850000,1.31,1.3,1.31,822549000,783631750,822549000,4293428327,21,18.652,145780000,2.752,1.0,500286000,0.567,3518865000,93546000,2382351000,1822785000,115609000,0,0,0,3088799000,162009000,2926790000,2941138327,14625000,-691703000,4028000,569500000,0,560957000,-694595000,0,148672000,-409000,69395000,69395000,69395000,0,0,0.079,242853000,257433000,70218000,0.0,3.576,42.383,42.412,50595000,0,55.56,3.334,3.337,136742000,396707000,882060000,882060000,0,0.022,0.089,0.112,0.232,9048000,217502000,1.0,52936255,52976000,53362000,16.65,392483000,0,41455000,715086000,7.402,172425000
PBH,MRY,2018-12-31,2018-03-31,2018-03-31,2018-05-10,-19315000,3760612000,3865072000,303477000,3457135000,0.269,22.184,-12532000,32548000,32548000,464674000,339570000,2.463,2.191,1992952000,0,1992952000,1992952000,0,33426000,0,0.0,0.0,213353000,246779000,0.237,246779000,213353000,107086000,6.4,6.34,6.4,1178610000,1037640000,1178610000,3796363561,17,15.384,197578000,3.721,1.0,576505000,0.554,3401014000,106267000,2196803000,2263083000,118547000,0,0,0,2582002000,123199000,2458803000,1788470561,-9307000,970000,1620000,-209000000,0,-208955000,-11562000,0,210110000,1100000,339570000,339570000,339570000,0,0,0.326,360639000,215866000,61390000,0.0,1.517,5.267,5.269,52552000,0,33.72,1.718,1.72,140881000,736277000,1041179000,1041179000,0,0.088,0.327,0.094,0.205,8909000,232287000,1.0,53038866,53099000,53526000,19.608,359598000,26000,-232484000,442518000,6.768,180278000
