ticker,dimension,calendardate,datekey,reportperiod,lastupdated,accoci,assets,assetsavg,assetsc,assetsnc,assetturnover,bvps,capex,cashneq,cashnequsd,cor,consolinc,currentratio,de,debt,debtc,debtnc,debtusd,deferredrev,depamor,deposits,divyield,dps,ebit,ebitda,ebitdamargin,ebitdausd,ebitusd,ebt,eps,epsdil,epsusd,equity,equityavg,equityusd,ev,evebit,evebitda,fcf,fcfps,fxusd,gp,grossmargin,intangibles,intexp,invcap,invcapavg,inventory,investments,investmentsc,investmentsnc,liabilities,liabilitiesc,liabilitiesnc,marketcap,ncf,ncfbus,ncfcommon,ncfdebt,ncfdiv,ncff,ncfi,ncfinv,ncfo,ncfx,netinc,netinccmn,netinccmnusd,netincdis,netincnci,netmargin,opex,opinc,payables,payoutratio,pb,pe,pe1,ppnenet,prefdivis,price,ps,ps1,receivables,retearn,revenue,revenueusd,rnd,roa,roe,roic,ros,sbcomp,sgna,sharefactor,sharesbas,shareswa,shareswadil,sps,tangibles,taxassets,taxexp,taxliabilities,tbvps,workingcapital
PBIP,MRY,2011-12-31,2011-09-30,2011-09-30,2018-05-11,2253000,499537000,506717750,,,0.022,5.732,-89000,53829000,53829000,0,112000,,7.695,1660000,,,1660000,0,342000,436014000,0.029,0.15,-100000,242000,0.022,242000,-100000,-100000,0.01,0.01,0.01,57452000,55626250,57452000,13969113,-139,57.724,3992000,0.398,1.0,10896000,1.0,0,0,447368000,462111750,0,427724000,,,442085000,,,52523113,-12695000,0,-49000,-70000,-1466000,-29931000,13155000,13244000,4081000,0,112000,112000,112000,0,0,0.01,10996000,-100000,1991000,15.0,0.914,468.956,524.0,4084000,0,5.24,4.82,4.82,0,35631000,10896000,10896000,0,0.0,0.002,0.0,-0.009,678000,7486000,1.0,10023495,10023495,,1.087,499537000,3211000,-212000,0,49.837,
PBIP,MRY,2012-12-31,2012-09-30,2012-09-30,2018-05-11,1283000,490504000,498735250,,,0.031,5.969,-217000,81273000,81273000,0,2593000,,7.198,1756000,,,1756000,0,345000,425602000,0.0,0.0,3875000,4220000,0.272,4220000,3875000,3875000,0.27,0.27,0.27,59831000,58827500,59831000,-31200379,-8,-7.393,1829000,0.182,1.0,15543000,1.0,0,0,410987000,425278750,0,392008000,,,430673000,,,59138620,27444000,0,0,96000,0,-10228000,35626000,36113000,2046000,0,2593000,2593000,2593000,0,0,0.167,11668000,3875000,933000,0.0,0.988,22.807,21.852,3660000,0,5.9,3.805,3.805,0,38224000,15543000,15543000,0,0.005,0.044,0.009,0.249,668000,8185000,1.0,10023495,10023495,,1.551,490504000,2749000,1282000,0,48.935,
PBIP,MRY,2013-12-31,2013-09-30,2013-09-30,2018-05-11,-1292000,607897000,511055000,,,0.029,5.977,-174000,158984000,158984000,0,1755000,,9.146,1820000,,,1820000,0,337000,542748000,0.0,0.0,3453000,3790000,0.258,3790000,3453000,3453000,0.19,0.19,0.19,59912000,59828000,59912000,66540528,19,17.557,2345000,0.234,1.0,14703000,1.0,0,0,450733000,441953750,0,433211000,,,547985000,,,103041528,77711000,0,0,64000,0,117349000,-42157000,-41983000,2519000,0,1755000,1755000,1755000,0,0,0.119,11250000,3453000,1751000,0.0,1.72,58.713,54.105,1931000,0,10.28,7.008,7.008,0,39979000,14703000,14703000,0,0.003,0.029,0.008,0.235,762000,8557000,1.0,10023495,10023495,,1.467,607897000,1306000,1698000,0,60.647,
PBIP,MRY,2014-12-31,2014-09-30,2014-09-30,2018-05-11,-953000,525483000,519501000,,,0.027,13.56,-126000,45382000,45382000,0,1780000,,3.06,1580000,,,1580000,0,320000,391025000,0.005,0.06,2470000,2790000,0.2,2790000,2470000,2470000,0.2,0.19,0.2,129425000,129456000,129425000,89761014,36,32.172,3550000,0.372,1.0,13935000,1.0,0,0,481681000,476019750,0,460941000,,,396058000,,,116733014,-113602000,0,67238000,-240000,-571000,-85217000,-32061000,-26935000,3676000,0,1780000,1780000,1780000,0,0,0.128,11465000,2470000,1967000,0.3,0.902,65.58,61.15,1691000,0,12.23,8.377,8.377,0,41188000,13935000,13935000,0,0.003,0.014,0.005,0.177,648000,9356000,1.0,9544809,9544809,,1.46,525483000,1131000,690000,0,55.054,
PBIP,MRY,2015-12-31,2015-09-30,2015-09-30,2018-05-11,18000,487189000,509076250,,,0.03,13.584,1600000,11272000,11272000,0,2232000,,3.164,1670000,,,1670000,0,304000,365074000,0.019,0.27,2348000,2652000,0.171,2652000,2348000,2348000,0.27,0.26,0.27,117001000,123980250,117001000,106609436,45,40.2,4312000,0.501,1.0,15523000,1.0,0,0,477587000,488245500,0,456869000,,,370188000,,,124112436,-34110000,0,-14691000,90000,-2201000,-42753000,5931000,4331000,2712000,0,2232000,2232000,2232000,0,0,0.144,13175000,2348000,2153000,1.0,1.061,55.606,53.37,2361000,0,14.41,7.995,7.995,0,41219000,15523000,15523000,0,0.004,0.018,0.005,0.151,1239000,11007000,1.0,8612938,8612938,,1.802,487189000,975000,116000,0,56.565,
PBIP,MRY,2016-12-31,2016-09-30,2016-09-30,2018-05-11,798000,559480000,544022750,,,0.028,14.17,-177000,14293000,14293000,0,2720000,,3.908,52386000,,,52386000,0,325000,389201000,0.008,0.12,3979000,4304000,0.282,4304000,3979000,3979000,0.37,0.36,0.37,114002000,113830750,114002000,130923477,32,30.419,3326000,0.413,1.0,15269000,1.0,0,0,597573000,572201500,0,526076000,,,445478000,,,116499477,1168000,0,-7047000,50716000,-895000,66901000,-69236000,-69059000,3503000,0,2720000,2720000,2720000,0,0,0.178,11290000,3979000,2488000,0.324,1.022,42.831,39.135,1925000,0,14.48,7.63,7.63,0,43044000,15269000,15269000,0,0.005,0.024,0.007,0.261,1443000,9246000,1.0,8045544,8045544,,1.898,559480000,569000,1259000,0,69.539,
PBIP,MRY,2017-12-31,2017-09-30,2017-09-30,2018-05-11,-760000,899540000,801146250,,,0.025,15.118,-308000,29507000,29507000,0,2778000,,5.606,116525000,,,116525000,0,665000,635982000,0.006,0.12,3719000,4384000,0.216,4384000,3719000,3719000,0.33,0.32,0.33,136179000,128564250,136179000,254193459,68,57.982,5607000,0.622,1.0,20285000,1.0,6811000,0,979747000,876886000,0,817031000,,,763361000,,,166913459,15463000,71120000,-6272000,7315000,-1035000,79735000,-70187000,-130999000,5915000,0,2778000,2778000,2778000,0,0,0.137,16566000,3719000,8921000,0.364,1.226,60.084,56.152,7996000,0,18.53,8.228,8.228,0,44787000,20285000,20285000,0,0.003,0.022,0.004,0.183,1261000,11056000,1.0,9007742,9007742,,2.252,892729000,4091000,941000,0,99.107,
