ticker,dimension,calendardate,datekey,reportperiod,lastupdated,accoci,assets,assetsavg,assetsc,assetsnc,assetturnover,bvps,capex,cashneq,cashnequsd,cor,consolinc,currentratio,de,debt,debtc,debtnc,debtusd,deferredrev,depamor,deposits,divyield,dps,ebit,ebitda,ebitdamargin,ebitdausd,ebitusd,ebt,eps,epsdil,epsusd,equity,equityavg,equityusd,ev,evebit,evebitda,fcf,fcfps,fxusd,gp,grossmargin,intangibles,intexp,invcap,invcapavg,inventory,investments,investmentsc,investmentsnc,liabilities,liabilitiesc,liabilitiesnc,marketcap,ncf,ncfbus,ncfcommon,ncfdebt,ncfdiv,ncff,ncfi,ncfinv,ncfo,ncfx,netinc,netinccmn,netinccmnusd,netincdis,netincnci,netmargin,opex,opinc,payables,payoutratio,pb,pe,pe1,ppnenet,prefdivis,price,ps,ps1,receivables,retearn,revenue,revenueusd,rnd,roa,roe,roic,ros,sbcomp,sgna,sharefactor,sharesbas,shareswa,shareswadil,sps,tangibles,taxassets,taxexp,taxliabilities,tbvps,workingcapital
PBSK,MRY,2011-12-31,2011-09-30,2011-09-30,2018-05-14,1040000,327437000,309292000,,,0.029,17.368,-244000,48440000,48440000,0,1554000,,4.59,23117000,,,23117000,0,371000,242722000,0.0,0.0,1763000,2134000,0.242,2134000,1763000,1763000,0.01,0.01,0.01,58573000,43159500,58573000,48489572,27,22.722,3315000,0.983,1.0,8834000,1.0,0,0,302114000,291066500,0,262686000,,,268864000,,,37163572,5207000,0,31989000,-9088000,0,35113000,-33465000,-33823000,3559000,0,1554000,1554000,1554000,0,0,0.176,6891000,1943000,0,0.0,0.634,23.915,1102.0,6322000,0,11.02,4.207,4.207,0,28242000,8834000,8834000,0,0.005,0.036,0.006,0.2,0,5225000,1.0,3372375,3372375,,2.62,327437000,0,209000,0,97.094,
PBSK,MRY,2012-12-31,2012-09-30,2012-09-30,2018-05-14,1716000,317159000,318710000,,,0.032,17.964,-216000,23430000,23430000,0,1579000,,4.235,17672000,,,17672000,0,391000,236472000,0.01,0.12,1986000,2377000,0.235,2377000,1986000,1986000,0.51,0.51,0.51,60582000,60286500,60582000,34968660,17,14.711,3263000,0.968,1.0,10119000,1.0,0,0,311401000,316403250,0,277126000,,,256577000,,,41547660,-25010000,0,0,-5445000,-405000,-12100000,-16389000,-16716000,3479000,0,1579000,1579000,1579000,0,0,0.156,8133000,1986000,0,0.235,0.686,26.313,24.157,6078000,0,12.32,4.106,4.106,0,29416000,10119000,10119000,0,0.005,0.026,0.006,0.196,159000,6009000,1.0,3372375,3372375,,3.001,317159000,0,407000,0,94.046,
PBSK,MRY,2013-12-31,2013-09-30,2013-09-30,2018-05-14,-780000,291008000,303482250,,,0.038,17.965,-542000,8192000,8192000,0,2156000,,4.026,13230000,,,13230000,0,414000,217340000,0.008,0.12,3039000,3453000,0.298,3453000,3039000,3039000,0.69,0.69,0.69,57905000,59179500,57905000,48185222,15,13.955,4428000,1.374,1.0,11582000,1.0,0,0,296046000,303396000,0,265841000,,,233103000,,,46576222,-15238000,0,-2258000,-4442000,-498000,-26330000,6122000,6065000,4970000,0,2156000,2156000,2156000,0,0,0.186,8543000,3039000,0,0.174,0.804,21.603,20.942,6197000,0,14.45,4.021,4.021,0,31074000,11582000,11582000,0,0.007,0.036,0.01,0.262,419000,6013000,1.0,3223268,3223268,,3.593,291008000,0,883000,0,90.284,
PBSK,MRY,2014-12-31,2014-12-31,2014-12-31,2018-05-14,460000,414702000,422830750,,,0.042,17.556,-2090000,16967000,16967000,0,1846000,,5.085,20649000,,,20649000,0,833000,323138000,0.013,0.2,2458000,3291000,0.183,3291000,2458000,2458000,0.52,0.52,0.52,68151000,66698500,68151000,63714105,25,19.36,419000,0.108,1.0,17941000,1.0,2552000,0,415832000,429132000,0,370907000,,,346551000,,,57724105,10283000,1445000,-410000,-17006000,-702000,-21633000,29407000,29292000,2509000,0,1846000,1846000,1846000,0,0,0.103,15483000,2458000,0,0.385,0.847,31.27,28.596,9257000,0,14.87,3.217,3.217,0,31933000,17941000,17941000,0,0.004,0.028,0.006,0.137,824000,11034000,1.0,3881917,3881917,,4.622,412150000,2341000,612000,0,106.172,
PBSK,MRY,2015-12-31,2015-12-31,2015-12-31,2018-05-14,384000,435088000,427366000,,,0.047,18.16,-1024000,25868000,25868000,0,3177000,,5.107,18564000,,,18564000,0,1199000,343130000,0.013,0.23,4148000,5347000,0.263,5347000,4148000,4148000,0.87,0.87,0.87,71241000,70060250,71241000,65195488,15,12.193,3609000,0.92,1.0,20294000,1.0,2630000,0,425154000,423374500,0,381761000,,,363847000,,,67083488,6909000,2355000,-446000,-4465000,-840000,-1091000,3367000,1085000,4633000,0,3177000,3177000,3177000,0,0,0.157,16146000,4148000,0,0.264,0.942,21.115,19.655,11514000,0,17.1,3.306,3.306,0,34270000,20294000,20294000,0,0.007,0.045,0.01,0.204,783000,11763000,1.0,3923011,3923011,,5.173,432458000,1617000,971000,0,110.236,
PBSK,MRY,2016-12-31,2016-12-31,2016-12-31,2018-05-14,-153000,458465000,447893000,,,0.041,18.5,-569000,26381000,26381000,0,1795000,,5.673,12157000,,,12157000,0,1201000,374708000,0.015,0.28,2427000,3628000,0.197,3628000,2427000,2427000,0.5,0.5,0.5,68701000,70048500,68701000,63931044,26,17.622,4981000,1.341,1.0,18458000,1.0,2283000,0,441958000,445405750,0,406069000,,,389764000,,,69814044,513000,150000,-3416000,-6471000,-1000000,20756000,-25793000,-26724000,5550000,0,1795000,1795000,1795000,0,0,0.097,16031000,2427000,0,0.56,1.016,38.894,37.6,11115000,0,18.8,3.782,3.782,0,35065000,18458000,18458000,0,0.004,0.026,0.005,0.131,618000,12577000,1.0,3713513,3713513,,4.97,456182000,1454000,632000,0,122.844,
PBSK,MRY,2017-12-31,2017-12-31,2017-12-31,2018-05-14,-260000,446880000,456380000,,,0.034,17.522,-220000,23487000,23487000,0,-2868000,,6.241,10309000,,,10309000,0,1137000,370050000,0.011,0.24,-2799000,-1662000,-0.108,-1662000,-2799000,-2799000,-0.84,-0.84,-0.84,61715000,65700500,61715000,60830058,-21,-36.601,4628000,1.314,1.0,15319000,1.0,2561000,0,431141000,438529250,0,396216000,,,385165000,,,73964058,-3890000,54000,-3798000,-1913000,-817000,-11121000,2383000,1361000,4848000,0,-2868000,-2868000,-2868000,0,0,-0.187,17637000,-2318000,0,-0.286,1.198,-25.789,-25.0,10500000,0,21.0,4.828,4.828,0,31423000,15319000,15319000,0,-0.006,-0.044,-0.006,-0.183,561000,12139000,1.0,3522098,3522098,,4.349,444319000,2128000,69000,0,126.152,
