ticker,dimension,calendardate,datekey,reportperiod,lastupdated,accoci,assets,assetsavg,assetsc,assetsnc,assetturnover,bvps,capex,cashneq,cashnequsd,cor,consolinc,currentratio,de,debt,debtc,debtnc,debtusd,deferredrev,depamor,deposits,divyield,dps,ebit,ebitda,ebitdamargin,ebitdausd,ebitusd,ebt,eps,epsdil,epsusd,equity,equityavg,equityusd,ev,evebit,evebitda,fcf,fcfps,fxusd,gp,grossmargin,intangibles,intexp,invcap,invcapavg,inventory,investments,investmentsc,investmentsnc,liabilities,liabilitiesc,liabilitiesnc,marketcap,ncf,ncfbus,ncfcommon,ncfdebt,ncfdiv,ncff,ncfi,ncfinv,ncfo,ncfx,netinc,netinccmn,netinccmnusd,netincdis,netincnci,netmargin,opex,opinc,payables,payoutratio,pb,pe,pe1,ppnenet,prefdivis,price,ps,ps1,receivables,retearn,revenue,revenueusd,rnd,roa,roe,roic,ros,sbcomp,sgna,sharefactor,sharesbas,shareswa,shareswadil,sps,tangibles,taxassets,taxexp,taxliabilities,tbvps,workingcapital
PCP,MRY,2011-12-31,2011-04-03,2011-04-03,2017-03-25,-234600000,8955900000,8396625000,3650600000,5305300000,0.739,50.186,-120400000,1159000000,1159000000,4318200000,1014800000,3.875,0.25,236600000,14700000,221900000,236600000,0,163800000,0,0.001,0.12,1526400000,1690200000,0.272,1690200000,1526400000,1512900000,7.1,7.04,7.1,7161500000,6650600000,7161500000,20875828041,13,12.351,917600000,6.43,1.0,1890500000,0.304,3344300000,13500000,3747200000,3766375000,1459400000,411900000,0,411900000,1791400000,942000000,849400000,21461728041,1046600000,-30800000,116300000,-14700000,-17100000,113600000,-132900000,0,1038000000,27900000,1013500000,1013500000,1013500000,-5100000,1300000,0.163,389000000,1501500000,607800000,0.017,2.997,21.176,21.072,1194800000,0,149.61,3.457,3.439,978700000,5796700000,6208700000,6208700000,0,0.121,0.152,0.405,0.246,17000000,389000000,1.0,143451159,142700000,143900000,43.509,5611600000,20000000,499400000,203700000,39.324,2708600000
PCP,MRY,2012-12-31,2012-04-01,2012-04-01,2017-03-25,-441700000,10558800000,9999500000,3785800000,6773000000,0.72,57.9,-192000000,698700000,698700000,4940000000,1226000000,3.535,0.262,208200000,500000,207700000,208200000,0,170000000,0,0.001,0.12,1831000000,2001000000,0.278,2001000000,1831000000,1818000000,8.48,8.41,8.48,8360700000,7931775000,8360700000,24969693304,13,12.479,846000000,5.859,1.0,2262000000,0.314,4742400000,13000000,4255000000,4206975000,1815300000,442800000,0,442800000,2194000000,1070900000,1123100000,25098593304,-460000000,-1424000000,122000000,-29000000,-17000000,104000000,-1590000000,0,1038000000,-12000000,1224000000,1224000000,1224000000,6000000,2000000,0.17,446000000,1816000000,713700000,0.014,3.002,20.505,20.389,1322200000,0,172.9,3.485,3.467,1186400000,7003500000,7202000000,7202000000,0,0.122,0.154,0.435,0.254,18000000,446000000,1.0,145162488,144400000,145600000,49.875,5816400000,7800000,594000000,260500000,40.28,2714900000
PCP,MRY,2013-12-31,2013-03-31,2013-03-31,2017-03-25,-553000000,16896000000,14116050000,5080000000,11816000000,0.591,66.869,-320000000,280000000,280000000,5654000000,1430000000,2.967,0.725,3806000000,204000000,3602000000,3806000000,0,214000000,0,0.001,0.12,2160000000,2374000000,0.284,2374000000,2160000000,2122000000,9.79,9.72,9.79,9783000000,9256500000,9783000000,31112727437,14,13.106,1139000000,7.817,1.0,2693000000,0.323,8925000000,38000000,9785000000,7357700000,2980000000,445000000,0,445000000,7092000000,1712000000,5380000000,27770327437,-419000000,-5034000000,36000000,3440000000,-17000000,3492000000,-5346000000,0,1459000000,-24000000,1427000000,1427000000,1427000000,4000000,3000000,0.171,534000000,2159000000,940000000,0.012,2.839,19.461,19.369,2077000000,0,189.62,3.327,3.31,1507000000,8413000000,8347000000,8347000000,0,0.101,0.154,0.294,0.259,17000000,534000000,1.0,146452527,145700000,146700000,57.289,7971000000,106000000,695000000,762000000,54.484,3368000000
PCP,MRY,2014-12-31,2014-03-30,2014-03-30,2017-03-25,-418000000,18586000000,17735000000,5507000000,13079000000,0.538,78.362,-351000000,361000000,361000000,6253000000,1784000000,3.425,0.63,3571000000,2000000,3569000000,3571000000,0,292000000,0,0.0,0.12,2683000000,2975000000,0.312,2975000000,2683000000,2607000000,12.2,12.12,12.2,11386000000,10779500000,11386000000,39239488120,14,13.19,1531000000,10.515,1.0,3280000000,0.344,10053000000,76000000,10135000000,9844000000,3426000000,416000000,0,416000000,7173000000,1608000000,5565000000,35955488120,81000000,-948000000,-373000000,-233000000,-18000000,-603000000,-1244000000,40000000,1882000000,46000000,1777000000,1777000000,1777000000,-25000000,7000000,0.186,621000000,2659000000,1039000000,0.01,3.158,20.234,20.293,2300000000,0,247.58,3.772,3.781,1568000000,10172000000,9533000000,9533000000,0,0.1,0.165,0.273,0.281,38000000,621000000,1.0,145227756,145600000,146600000,65.474,8533000000,18000000,830000000,950000000,58.727,3899000000
PCP,MRY,2015-12-31,2015-03-29,2015-03-29,2017-03-25,-955000000,19428000000,19529000000,5972000000,13456000000,0.512,78.12,-455000000,474000000,474000000,6752000000,1533000000,2.112,0.775,4586000000,1093000000,3493000000,4586000000,0,325000000,0,0.001,0.12,2415000000,2740000000,0.274,2740000000,2415000000,2346000000,10.73,10.66,10.73,10929000000,11534250000,10929000000,33796264713,13,12.334,1247000000,8.745,1.0,3253000000,0.325,10405000000,69000000,10308000000,10610500000,3640000000,238000000,0,238000000,8471000000,2827000000,5644000000,30080264713,113000000,-613000000,-1496000000,1017000000,-17000000,-485000000,-1009000000,0,1702000000,-95000000,1530000000,1530000000,1530000000,15000000,3000000,0.153,649000000,2604000000,1162000000,0.011,2.752,19.66,19.774,2474000000,0,212.18,3.007,3.024,1710000000,11685000000,10005000000,10005000000,0,0.078,0.133,0.228,0.241,44000000,641000000,1.0,141767677,142600000,143500000,70.161,9023000000,39000000,816000000,924000000,64.496,3145000000
