ticker,dimension,calendardate,datekey,reportperiod,lastupdated,accoci,assets,assetsavg,assetsc,assetsnc,assetturnover,bvps,capex,cashneq,cashnequsd,cor,consolinc,currentratio,de,debt,debtc,debtnc,debtusd,deferredrev,depamor,deposits,divyield,dps,ebit,ebitda,ebitdamargin,ebitdausd,ebitusd,ebt,eps,epsdil,epsusd,equity,equityavg,equityusd,ev,evebit,evebitda,fcf,fcfps,fxusd,gp,grossmargin,intangibles,intexp,invcap,invcapavg,inventory,investments,investmentsc,investmentsnc,liabilities,liabilitiesc,liabilitiesnc,marketcap,ncf,ncfbus,ncfcommon,ncfdebt,ncfdiv,ncff,ncfi,ncfinv,ncfo,ncfx,netinc,netinccmn,netinccmnusd,netincdis,netincnci,netmargin,opex,opinc,payables,payoutratio,pb,pe,pe1,ppnenet,prefdivis,price,ps,ps1,receivables,retearn,revenue,revenueusd,rnd,roa,roe,roic,ros,sbcomp,sgna,sharefactor,sharesbas,shareswa,shareswadil,sps,tangibles,taxassets,taxexp,taxliabilities,tbvps,workingcapital
PERY,MRY,2011-12-31,2012-01-28,2012-01-28,2018-04-17,-8178000,724195000,726764000,401676000,322519000,1.349,24.964,-10257000,24116000,24116000,656850000,25517000,3.594,0.976,196793000,0,196793000,196793000,19604000,13441000,0,0.0,0.0,54079000,67520000,0.069,67520000,54079000,37976000,1.71,1.6,1.71,366495000,375954500,366495000,415735983,7,6.157,-9545000,-0.639,1.0,323742000,0.33,256428000,16103000,528684000,518812250,198264000,0,0,0,357700000,111760000,245940000,237127983,5592000,0,41736000,-35889000,0,7011000,-2327000,0,712000,196000,25517000,25517000,25517000,0,0,0.026,268357000,55385000,80253000,0.0,0.647,9.293,9.029,56496000,0,15.44,0.242,0.235,145563000,229467000,980592000,980592000,0,0.035,0.068,0.104,0.055,-1375000,248618000,1.0,15358030,14927000,15950000,65.693,467767000,20120000,12459000,16396000,31.862,289916000
PERY,MRY,2012-12-31,2013-02-02,2013-02-02,2018-04-17,-8060000,763129000,735459750,443104000,320025000,1.318,24.994,-9080000,54957000,54957000,652352000,14801000,2.617,1.056,174202000,0,174202000,174202000,19475000,13943000,0,0.052,1.0,36345000,50288000,0.052,50288000,36345000,21509000,1.01,0.97,1.01,371240000,376127000,371240000,433066946,11,8.612,67901000,4.614,1.0,317201000,0.327,260475000,14836000,452568000,470484250,183127000,0,0,0,391889000,169331000,222558000,310310946,30841000,4547000,-778000,-22769000,-14992000,-37085000,-8908000,0,76981000,-147000,14801000,14801000,14801000,0,0,0.015,280856000,36345000,132028000,0.99,0.836,20.966,19.168,50749000,0,19.36,0.32,0.294,174484000,229056000,969553000,969553000,0,0.02,0.039,0.077,0.037,4262000,263854000,1.0,16028458,14715000,15315000,65.889,502654000,18869000,6708000,18842000,33.842,273773000
PERY,MRY,2013-12-31,2014-02-01,2014-02-01,2018-04-17,-7468000,706735000,725635000,424389000,282346000,1.257,23.441,-20351000,26989000,26989000,609436000,-22779000,2.903,1.034,181006000,0,181006000,181006000,19745000,13211000,0,0.0,0.0,-19369000,-6158000,-0.007,-6158000,-19369000,-34394000,-1.52,-1.52,-1.52,347533000,372162000,347533000,388571786,-20,-63.1,-20131000,-1.343,1.0,302788000,0.332,217507000,15025000,497053000,486288000,206602000,15398000,15398000,0,359202000,146192000,213010000,245699786,-27968000,0,-6803000,6459000,0,-588000,-27354000,-15437000,220000,-246000,-22779000,-22779000,-22779000,0,0,-0.025,322157000,-19369000,112442000,0.0,0.707,-10.786,-10.309,59912000,0,15.67,0.269,0.257,146392000,206277000,912224000,912224000,0,-0.031,-0.061,-0.04,-0.021,5284000,272716000,1.0,15679629,14988000,14988000,60.864,489228000,21639000,-11615000,7410000,32.998,278197000
PERY,MRY,2014-12-31,2015-01-31,2015-01-31,2018-04-17,-12852000,684989000,683557500,398942000,286047000,1.302,20.433,-16733000,43547000,43547000,586968000,-37175000,2.513,1.268,172109000,0,172109000,172109000,19865000,12933000,0,0.0,0.0,22908000,35841000,0.04,35841000,22908000,8617000,-2.5,-2.5,-2.5,302017000,342922000,302017000,515350290,22,14.379,38410000,2.585,1.0,303004000,0.34,216223000,14291000,438556000,505808500,183734000,19996000,19996000,0,382972000,158772000,224200000,373450290,16558000,0,-8369000,-9255000,0,-17785000,-21147000,-4659000,55143000,347000,-37175000,-37175000,-37175000,0,0,-0.042,280096000,22908000,117789000,0.0,1.237,-10.046,-9.564,64633000,0,23.91,0.42,0.399,137432000,169102000,889972000,889972000,0,-0.054,-0.108,0.045,0.026,6035000,268783000,1.0,15619000,14856000,14856000,59.907,468766000,7109000,45792000,37879000,31.714,240170000
PERY,MRY,2015-12-31,2016-01-30,2016-01-30,2018-04-17,-14508000,621975000,626369500,366779000,255196000,1.436,19.396,-7987000,31902000,31902000,580448000,-7292000,2.478,1.134,132604000,0,132604000,132604000,19066000,14318000,0,0.0,0.0,1543000,15861000,0.018,15861000,1543000,-7724000,-0.49,-0.49,-0.49,291481000,308919500,291481000,405017921,262,25.535,23420000,1.565,1.0,319067000,0.355,187919000,9267000,386736000,418040250,182750000,9782000,9782000,0,330494000,148022000,182472000,298895921,-11645000,0,-5542000,-39325000,0,-46683000,2987000,10361000,31407000,644000,-7292000,-7292000,-7292000,0,0,-0.008,312403000,6664000,103684000,0.0,1.025,-40.99,-38.796,63908000,0,19.01,0.332,0.316,132066000,161810000,899515000,899515000,0,-0.012,-0.024,0.004,0.002,5196000,275863000,1.0,15723089,14968000,14968000,60.096,434056000,2260000,-432000,35015000,28.883,218757000
PERY,MRY,2016-12-31,2017-01-28,2017-01-28,2018-04-17,-10095000,592705000,582054000,341216000,251489000,1.479,20.935,-13273000,30695000,30695000,542578000,14517000,2.895,0.889,105768000,0,105768000,105768000,20981000,14932000,0,0.0,0.0,22301000,37233000,0.043,37233000,22301000,14906000,0.97,0.95,0.97,313687000,307390000,313687000,442521000,19,11.885,30126000,2.017,1.0,318508000,0.37,187051000,7395000,362863000,390014500,151251000,10921000,10921000,0,279018000,117864000,161154000,364203000,-1207000,0,-2078000,-27147000,0,-30604000,-14173000,-900000,43399000,171000,14517000,14517000,14517000,0,0,0.017,296012000,22496000,92843000,0.0,1.161,25.088,24.227,61835000,0,23.5,0.423,0.408,140240000,176327000,861086000,861086000,0,0.025,0.047,0.057,0.026,6459000,280019000,1.0,15498000,14936000,15215000,57.652,405654000,1981000,389000,37115000,27.072,223352000
PERY,MRY,2017-12-31,2018-02-03,2018-02-03,2018-04-17,-7147000,634162000,598740250,389781000,244381000,1.461,24.947,-7936000,35222000,35222000,544679000,56650000,2.778,0.68,93693000,0,93693000,93693000,16431000,14602000,0,0.0,0.0,40865000,55467000,0.063,55467000,40865000,33717000,3.76,3.68,3.76,377550000,342570250,377550000,434344840,10,7.831,22236000,1.474,1.0,330174000,0.377,186216000,7148000,366094000,381602250,175459000,14086000,14086000,0,256612000,140323000,116289000,370234840,4527000,0,-913000,-12501000,0,-14402000,-10912000,-2976000,30172000,-331000,56650000,56650000,56650000,0,0,0.065,289309000,40865000,98848000,0.0,0.981,6.535,6.285,56164000,0,23.63,0.423,0.407,156863000,232977000,874853000,874853000,0,0.095,0.165,0.107,0.047,6166000,274665000,1.0,15668000,15083000,15383000,58.003,447946000,411000,-22933000,10538000,29.599,249458000
