ticker,dimension,calendardate,datekey,reportperiod,lastupdated,accoci,assets,assetsavg,assetsc,assetsnc,assetturnover,bvps,capex,cashneq,cashnequsd,cor,consolinc,currentratio,de,debt,debtc,debtnc,debtusd,deferredrev,depamor,deposits,divyield,dps,ebit,ebitda,ebitdamargin,ebitdausd,ebitusd,ebt,eps,epsdil,epsusd,equity,equityavg,equityusd,ev,evebit,evebitda,fcf,fcfps,fxusd,gp,grossmargin,intangibles,intexp,invcap,invcapavg,inventory,investments,investmentsc,investmentsnc,liabilities,liabilitiesc,liabilitiesnc,marketcap,ncf,ncfbus,ncfcommon,ncfdebt,ncfdiv,ncff,ncfi,ncfinv,ncfo,ncfx,netinc,netinccmn,netinccmnusd,netincdis,netincnci,netmargin,opex,opinc,payables,payoutratio,pb,pe,pe1,ppnenet,prefdivis,price,ps,ps1,receivables,retearn,revenue,revenueusd,rnd,roa,roe,roic,ros,sbcomp,sgna,sharefactor,sharesbas,shareswa,shareswadil,sps,tangibles,taxassets,taxexp,taxliabilities,tbvps,workingcapital
PETS,MRY,2011-12-31,2011-03-31,2011-03-31,2018-01-30,-141000,106287000,109574000,89604000,16683000,2.114,4.367,-667000,49660000,49660000,147686000,20871000,9.999,0.096,0,0,0,0,0,1375000,0,0.03,0.475,33277000,34652000,0.15,34652000,33277000,33277000,0.93,0.92,0.93,97005000,100618750,97005000,295935927,8,8.54,29439000,1.308,1.0,83956000,0.362,860000,0,46806000,40837000,25140000,22506000,10116000,12390000,9282000,8961000,321000,357189927,-3483000,0,-11907000,0,-10727000,-22766000,-10823000,-10146000,30106000,0,20871000,20871000,20871000,0,0,0.09,50932000,33024000,6452000,0.511,3.682,17.114,17.054,3433000,0,15.86,1.542,1.541,1985000,97115000,231642000,231642000,0,0.19,0.207,0.815,0.144,2171000,49557000,1.0,22521433,22514000,22643000,10.289,105427000,1667000,12406000,321000,4.746,80643000
PETS,MRY,2012-12-31,2012-03-31,2012-03-31,2018-01-30,44000,91064000,91714000,87607000,3457000,2.598,4.041,-705000,46801000,46801000,158085000,16659000,9.329,0.122,0,0,0,0,0,1411000,0,0.042,0.525,26371000,27782000,0.117,27782000,26371000,26371000,0.81,0.8,0.81,81181000,81516750,81181000,209818709,7,7.552,19686000,0.955,1.0,80165000,0.336,860000,0,34012000,34711750,26217000,10347000,10347000,0,9883000,9391000,492000,251783709,-2859000,0,-23685000,0,-10964000,-34889000,11639000,12344000,20391000,0,16659000,16659000,16659000,0,0,0.07,54143000,26022000,6619000,0.648,3.102,15.114,15.284,2597000,0,12.38,1.057,1.071,1572000,81108000,238250000,238250000,0,0.182,0.204,0.76,0.111,2246000,52732000,1.0,20337941,20613000,20708000,11.558,90204000,1429000,9712000,492000,4.49,78216000
PETS,MRY,2013-12-31,2013-03-31,2013-03-31,2018-01-30,-2000,73179000,81954000,68757000,4422000,2.78,3.231,-626000,18155000,18155000,150708000,17165000,7.642,0.143,0,0,0,0,0,1091000,0,0.045,0.6,27306000,28397000,0.125,28397000,27306000,27306000,0.86,0.86,0.86,64014000,72210500,64014000,238392373,8,8.395,12664000,0.636,1.0,77121000,0.339,860000,0,45167000,33437250,31601000,15490000,15490000,0,9165000,8997000,168000,268410373,-28646000,0,-3865000,0,-31972000,-36121000,-5815000,-5189000,13290000,0,17165000,17165000,17165000,0,0,0.075,50116000,27005000,6454000,0.698,4.193,15.637,15.605,2132000,0,13.42,1.178,1.174,1439000,63987000,227829000,227829000,0,0.209,0.238,0.817,0.12,1943000,49025000,1.0,20000773,19926000,20049000,11.434,72319000,982000,10141000,330000,3.65,59760000
PETS,MRY,2014-12-31,2014-03-31,2014-03-31,2018-01-30,-37000,78375000,78186250,74209000,4166000,2.985,3.524,-45000,18305000,18305000,155774000,17972000,9.17,0.116,0,0,0,0,0,867000,0,0.049,0.66,28399000,29266000,0.125,29266000,28399000,28399000,0.9,0.9,0.9,70217000,68054250,70217000,244814560,8,8.365,13461000,0.676,1.0,77617000,0.333,860000,0,51117000,38535500,35727000,15539000,15539000,0,8158000,8093000,65000,270751560,150000,0,0,0,-13326000,-13227000,-129000,-84000,13506000,0,17972000,17972000,17972000,0,0,0.077,49399000,28218000,5768000,0.733,3.856,15.065,14.9,1310000,0,13.41,1.16,1.143,1761000,68647000,233391000,233391000,0,0.23,0.264,0.737,0.122,1479000,48532000,1.0,20190273,19901000,20043000,11.728,77515000,1116000,10427000,65000,3.89,66116000
PETS,MRY,2015-12-31,2015-03-31,2015-03-31,2018-01-30,-54000,82852000,82036500,79583000,3269000,2.796,3.763,-918000,35613000,35613000,153125000,17453000,10.73,0.098,0,0,0,0,0,660000,0,0.041,0.68,27798000,28458000,0.124,28458000,27798000,27798000,0.87,0.87,0.87,75435000,73242000,75435000,297677156,10,10.46,31125000,1.555,1.0,76270000,0.332,860000,0,38962000,38281750,25068000,15591000,15591000,0,7417000,7417000,0,334745156,17308000,0,0,0,-13807000,-13749000,-986000,-68000,32043000,0,17453000,17453000,17453000,0,0,0.076,48657000,27613000,5153000,0.782,4.438,19.18,18.989,1569000,0,16.52,1.459,1.441,1931000,72343000,229395000,229395000,0,0.213,0.238,0.726,0.121,1481000,46283000,1.0,20263024,20015000,20136000,11.461,81992000,840000,10345000,50000,4.09,72166000
PETS,MRY,2016-12-31,2016-03-31,2016-03-31,2018-01-30,0,90279000,90176250,67627000,22652000,2.603,4.129,-20130000,37639000,37639000,158388000,20567000,9.546,0.085,0,0,0,0,0,770000,0,0.04,0.72,32567000,33337000,0.142,33337000,32567000,32567000,1.02,1.02,1.02,83195000,80299000,83195000,316926531,9,9.507,923000,0.046,1.0,76296000,0.325,860000,0,44696000,37030750,25586000,0,0,0,7084000,7084000,0,364055531,2026000,0,0,0,-14684000,-14542000,-4485000,15645000,21053000,0,20567000,20567000,20567000,0,0,0.088,43908000,32388000,5004000,0.706,4.376,17.701,17.559,20929000,0,17.91,1.551,1.536,1724000,78295000,234684000,234684000,0,0.228,0.256,0.879,0.139,1612000,43138000,1.0,20326942,20124000,20254000,11.662,89419000,1106000,12000000,0,4.437,60543000
PETS,MRY,2017-12-31,2017-03-31,2017-03-31,2018-01-30,0,112809000,101690500,81785000,31024000,2.45,4.609,-10604000,58730000,58730000,169862000,23819000,4.456,0.208,0,0,0,0,0,1369000,0,0.038,0.76,37924000,39293000,0.158,39293000,37924000,37924000,1.18,1.17,1.18,93366000,89270500,93366000,365491815,9,9.302,36600000,1.809,1.0,79314000,0.318,860000,0,34864000,38048500,20228000,0,0,0,19443000,18355000,1088000,413395815,21091000,0,0,0,-15509000,-15509000,-10604000,0,47204000,0,23819000,23819000,23819000,0,0,0.096,41831000,37483000,15221000,0.644,4.428,17.356,17.068,30164000,0,20.14,1.659,1.635,1808000,86530000,249176000,249176000,0,0.234,0.267,0.997,0.152,1935000,40462000,1.0,20526108,20232000,20378000,12.316,111949000,0,14105000,1747000,5.526,63430000
