ticker,dimension,calendardate,datekey,reportperiod,lastupdated,accoci,assets,assetsavg,assetsc,assetsnc,assetturnover,bvps,capex,cashneq,cashnequsd,cor,consolinc,currentratio,de,debt,debtc,debtnc,debtusd,deferredrev,depamor,deposits,divyield,dps,ebit,ebitda,ebitdamargin,ebitdausd,ebitusd,ebt,eps,epsdil,epsusd,equity,equityavg,equityusd,ev,evebit,evebitda,fcf,fcfps,fxusd,gp,grossmargin,intangibles,intexp,invcap,invcapavg,inventory,investments,investmentsc,investmentsnc,liabilities,liabilitiesc,liabilitiesnc,marketcap,ncf,ncfbus,ncfcommon,ncfdebt,ncfdiv,ncff,ncfi,ncfinv,ncfo,ncfx,netinc,netinccmn,netinccmnusd,netincdis,netincnci,netmargin,opex,opinc,payables,payoutratio,pb,pe,pe1,ppnenet,prefdivis,price,ps,ps1,receivables,retearn,revenue,revenueusd,rnd,roa,roe,roic,ros,sbcomp,sgna,sharefactor,sharesbas,shareswa,shareswadil,sps,tangibles,taxassets,taxexp,taxliabilities,tbvps,workingcapital
PKE,MRY,2011-12-31,2011-02-27,2011-02-27,2018-05-11,1983000,353808000,360422500,296959000,56849000,0.587,15.729,-2805000,112195000,112195000,141751000,32621000,11.759,0.088,0,0,0,0,0,6746000,0,0.044,1.4,41317000,48063000,0.227,48063000,41317000,41317000,1.58,1.58,1.58,325308000,330948250,325308000,534877240,12,11.129,39863000,1.932,1.0,69901000,0.33,6568000,0,209792000,222109000,12888000,138249000,138249000,0,28500000,25253000,3247000,659174240,-21835000,-1100000,3639000,0,-28903000,-24737000,-39763000,-35858000,42668000,-21835000,32621000,32621000,32621000,0,0,0.154,29229000,40672000,9944000,0.886,2.026,20.207,20.184,41292000,0,31.89,3.114,3.108,29822000,166795000,211652000,211652000,0,0.091,0.099,0.186,0.195,959000,27917000,1.0,20670249,20628000,20675000,10.26,347240000,0,8696000,7272000,16.789,271706000
PKE,MRY,2012-12-31,2012-02-26,2012-02-26,2018-05-11,2077000,365988000,364603000,311590000,54398000,0.53,16.527,-3994000,129503000,129503000,138512000,23442000,14.532,0.066,0,0,0,0,0,5891000,0,0.013,0.4,27651000,33542000,0.174,33542000,27651000,27651000,1.13,1.13,1.13,343211000,338288750,343211000,486833473,17,14.514,27440000,1.323,1.0,54742000,0.283,7661000,0,207383000,187823000,15823000,139282000,139282000,0,22777000,21441000,1336000,624482473,17308000,-1100000,1810000,0,-8296000,-6395000,-7569000,-2475000,31434000,-162000,23442000,23442000,23442000,0,0,0.121,27899000,26843000,8427000,0.354,1.82,26.639,26.628,38695000,0,30.09,3.231,3.23,23533000,181941000,193254000,193254000,0,0.064,0.069,0.147,0.143,762000,28247000,1.0,20753821,20746000,20792000,9.315,358327000,0,4209000,5260000,17.255,290149000
PKE,MRY,2013-12-31,2013-03-03,2013-03-03,2018-05-11,629000,369658000,369428000,320674000,48984000,0.478,14.414,-1447000,186117000,186117000,125866000,16961000,19.227,0.233,52000000,0,52000000,52000000,0,4269000,0,0.119,3.0,20899000,25168000,0.143,25168000,20899000,20885000,0.82,0.81,0.82,299922000,335614500,299922000,370545479,17,14.723,17887000,0.86,1.0,50550000,0.287,9854000,14000,209009000,205136000,12918000,89099000,89099000,0,69736000,16678000,53058000,523488479,56614000,-2200000,667000,51947000,-60388000,-7774000,44947000,48594000,19334000,56614000,16961000,16961000,16961000,0,0,0.096,30298000,20252000,6485000,3.659,1.745,30.864,30.695,32187000,0,25.17,2.967,2.968,25878000,138514000,176416000,176416000,0,0.046,0.051,0.102,0.118,915000,26595000,1.0,20798112,20801000,20823000,8.481,359804000,0,3924000,4989000,17.292,303996000
PKE,MRY,2014-12-31,2014-03-02,2014-03-02,2018-05-11,1221000,377093000,378852750,311240000,65853000,0.438,9.606,-1017000,158150000,158150000,117664000,-42329000,12.838,0.88,104000000,10000000,94000000,104000000,0,3757000,0,0.102,2.9,22846000,26603000,0.16,26603000,22846000,22082000,-2.03,-2.03,-2.03,200543000,281813250,200543000,517924308,22,19.469,29365000,1.408,1.0,48100000,0.29,9847000,764000,288853000,268331250,13871000,137206000,137206000,0,176550000,24243000,152307000,594603308,-52967000,0,1162000,51836000,-60534000,-32536000,-50675000,-49658000,30382000,-138000,-42329000,-42329000,-42329000,0,0,-0.255,25714000,22386000,6109000,-1.429,2.965,-14.047,-14.034,29674000,0,28.49,3.587,3.583,22881000,35651000,165764000,165764000,0,-0.112,-0.15,0.085,0.138,1730000,25168000,1.0,20870597,20849000,20849000,7.951,367246000,0,64411000,61119000,17.592,286997000
PKE,MRY,2015-12-31,2015-03-01,2015-03-01,2018-05-11,1468000,350682000,380157500,313259000,37423000,0.426,8.69,-430000,141538000,141538000,113133000,20043000,10.539,0.931,94000000,10000000,84000000,94000000,0,3559000,0,0.088,1.9,24228000,27787000,0.171,27787000,24228000,22790000,0.96,0.96,0.96,181599000,203010500,181599000,383473714,15,13.8,28581000,1.367,1.0,48953000,0.302,9840000,1438000,263580000,285922250,14439000,130595000,130595000,0,169083000,29724000,139359000,454729714,8388000,0,-1006000,-10296000,-39646000,-25948000,5481000,5911000,29011000,8388000,20043000,20043000,20043000,0,0,0.124,25552000,23401000,6882000,1.979,2.504,22.688,22.615,26537000,0,21.71,2.805,2.801,21431000,16048000,162086000,162086000,0,0.053,0.099,0.085,0.149,1418000,24373000,1.0,20945634,20912000,20986000,7.751,340842000,0,2747000,62230000,16.311,283535000
PKE,MRY,2016-12-31,2016-02-28,2016-02-28,2018-05-11,1471000,314777000,325413500,272185000,42592000,0.448,8.931,1659000,107757000,107757000,103103000,18029000,16.32,0.74,75000000,3000000,72000000,75000000,0,3369000,0,0.028,0.4,22155000,25524000,0.175,25524000,22155000,20498000,0.89,0.89,0.89,180867000,177557000,180867000,271149079,12,10.623,15607000,0.767,1.0,42752000,0.293,9833000,1657000,255509000,273515250,10214000,139668000,139668000,0,133910000,16678000,117232000,286384079,-43781000,0,-12144000,-19196000,-8155000,-49495000,-8017000,-9676000,13948000,-217000,18029000,18029000,18029000,0,0,0.124,21746000,21006000,6155000,0.449,1.583,15.885,15.888,21512000,0,14.14,1.963,1.973,22583000,25922000,145855000,145855000,0,0.055,0.102,0.081,0.152,1535000,21211000,1.0,20253471,20347000,20352000,7.168,304944000,0,2469000,46880000,15.058,255507000
PKE,MRY,2017-12-31,2017-02-26,2017-02-26,2018-05-11,1026000,308578000,312217750,269130000,39448000,0.367,9.035,-242000,112438000,112438000,84568000,9283000,19.056,0.688,72000000,3500000,68500000,72000000,0,3106000,0,0.021,0.4,11693000,14799000,0.129,14799000,11693000,10261000,0.46,0.46,0.46,182826000,182356250,182826000,344781683,29,23.298,12925000,0.639,1.0,30041000,0.262,9825000,1432000,244192000,245296000,11105000,136152000,136152000,0,125752000,14123000,111629000,388505683,4681000,0,0,-3000000,-8093000,-11093000,2478000,2720000,13167000,129000,9283000,9283000,9283000,0,0,0.081,20052000,9989000,4183000,0.87,2.125,41.851,41.739,18638000,0,19.2,3.39,3.39,17238000,27112000,114609000,114609000,0,0.03,0.051,0.048,0.102,1214000,19739000,1.0,20234671,20235000,20239000,5.664,298753000,0,978000,45111000,14.764,255007000
PKE,MRY,2018-12-31,2018-02-25,2018-02-25,2018-05-11,131000,169023000,271555000,141268000,27755000,0.409,6.683,-886000,18254000,18254000,84737000,20595000,11.554,0.25,0,0,0,0,0,3021000,0,0.198,3.4,3399000,6420000,0.058,6420000,3399000,1130000,1.02,1.02,1.02,135261000,169451500,135261000,375932573,110,58.556,2455000,0.121,1.0,26459000,0.238,9818000,2269000,128724000,260634000,11156000,89977000,89977000,0,33762000,12227000,21535000,347274573,-84184000,0,96000,-72000000,-68806000,-130710000,42049000,42935000,3341000,1136000,20595000,20595000,20595000,0,0,0.185,24393000,2066000,4025000,3.333,2.567,16.862,16.824,16532000,0,17.16,3.123,3.123,19762000,-21099000,111196000,111196000,0,0.076,0.122,0.013,0.031,1445000,19371000,1.0,20237446,20237000,20267000,5.495,159205000,0,-19465000,23813000,7.866,129041000
