ticker,dimension,calendardate,datekey,reportperiod,lastupdated,accoci,assets,assetsavg,assetsc,assetsnc,assetturnover,bvps,capex,cashneq,cashnequsd,cor,consolinc,currentratio,de,debt,debtc,debtnc,debtusd,deferredrev,depamor,deposits,divyield,dps,ebit,ebitda,ebitdamargin,ebitdausd,ebitusd,ebt,eps,epsdil,epsusd,equity,equityavg,equityusd,ev,evebit,evebitda,fcf,fcfps,fxusd,gp,grossmargin,intangibles,intexp,invcap,invcapavg,inventory,investments,investmentsc,investmentsnc,liabilities,liabilitiesc,liabilitiesnc,marketcap,ncf,ncfbus,ncfcommon,ncfdebt,ncfdiv,ncff,ncfi,ncfinv,ncfo,ncfx,netinc,netinccmn,netinccmnusd,netincdis,netincnci,netmargin,opex,opinc,payables,payoutratio,pb,pe,pe1,ppnenet,prefdivis,price,ps,ps1,receivables,retearn,revenue,revenueusd,rnd,roa,roe,roic,ros,sbcomp,sgna,sharefactor,sharesbas,shareswa,shareswadil,sps,tangibles,taxassets,taxexp,taxliabilities,tbvps,workingcapital
PLAB,MRY,2011-12-31,2011-10-30,2011-10-30,2018-03-09,10171000,817854000,824469500,305207000,512647000,0.621,8.57,-82216000,189928000,189928000,375806000,20208000,3.183,0.505,158160000,5583000,152577000,158160000,0,86661000,0,0.0,0.0,39178000,125839000,0.246,125839000,39178000,31920000,0.28,0.28,0.28,511047000,496153750,511047000,344522359,8,2.738,54337000,0.953,1.0,136214000,0.266,42462000,7258000,647723000,619595750,22100000,79984000,0,79984000,258098000,95901000,162197000,388302359,90983000,-18271000,828000,67893000,0,54525000,-100737000,0,136553000,642000,16229000,16229000,16229000,0,3979000,0.032,60747000,75467000,54772000,0.0,0.76,23.926,23.179,368680000,0,6.49,0.758,0.723,85540000,13605000,512020000,512020000,15507000,0.02,0.033,0.063,0.077,2458000,45240000,1.0,59830872,57030000,58458000,8.978,775392000,11848000,15691000,737000,13.003,209306000
PLAB,MRY,2012-12-31,2012-10-28,2012-10-28,2018-03-09,15900000,849234000,838965500,319794000,529440000,0.537,9.16,-96978000,218043000,218043000,338519000,29855000,3.74,0.477,176737000,7781000,168956000,176737000,0,78623000,0,0.0,0.0,46149000,124772000,0.277,124772000,46149000,38661000,0.46,0.44,0.46,551386000,531439750,551386000,273162166,5,2.189,35571000,0.592,1.0,111920000,0.248,37384000,7488000,685031000,678347250,17702000,93252000,0,93252000,263233000,85513000,177720000,291998166,28115000,-13397000,653000,19707000,0,4564000,-111943000,0,132549000,2945000,27868000,27868000,27868000,0,1987000,0.062,67505000,44415000,53031000,0.0,0.53,10.478,10.5,380808000,0,4.83,0.648,0.644,75685000,41473000,450439000,450439000,19371000,0.033,0.052,0.068,0.102,3160000,46706000,1.0,60455107,60055000,76464000,7.5,811850000,12594000,10793000,661000,13.487,234281000
PLAB,MRY,2013-12-31,2013-11-03,2013-11-03,2018-03-09,26403000,885929000,878416000,318466000,567463000,0.481,9.586,-63792000,215615000,215615000,322540000,19576000,3.045,0.509,194021000,11818000,182203000,194021000,0,65994000,0,0.0,0.0,32951000,98945000,0.234,98945000,32951000,25195000,0.3,0.29,0.3,585314000,567054750,585314000,504726591,15,5.101,35609000,0.587,1.0,99640000,0.236,34080000,7756000,725668000,709116500,18849000,93124000,0,93124000,298098000,104587000,193511000,508081591,-2428000,0,884000,-8314000,0,-39844000,-66237000,0,99401000,4252000,17966000,17966000,17966000,0,1610000,0.043,68971000,30669000,68421000,0.0,0.868,28.28,27.6,422740000,0,8.28,1.203,1.189,73357000,59439000,422180000,422180000,20758000,0.02,0.032,0.046,0.078,3975000,48213000,1.0,61362511,60644000,61599000,6.962,851849000,13537000,7229000,1007000,13.951,213879000
PLAB,MRY,2014-12-31,2014-11-02,2014-11-02,2018-03-09,21774000,1029183000,991596750,336492000,692691000,0.459,9.952,-91085000,192929000,192929000,355181000,32035000,2.419,0.461,142186000,10381000,131805000,142186000,0,72859000,0,0.0,0.0,42538000,115397000,0.253,115397000,42538000,35291000,0.42,0.41,0.42,628050000,605385750,628050000,525549140,12,4.554,5276000,0.085,1.0,100346000,0.22,30294000,7247000,809029000,795622500,22478000,93122000,0,93122000,289689000,139117000,150572000,555298140,-22686000,4508000,1298000,-29782000,0,-29541000,-87485000,0,96361000,-2021000,25996000,25996000,25996000,0,6039000,0.057,71551000,28795000,86495000,0.0,0.884,21.361,21.405,550069000,0,8.99,1.219,1.219,94515000,85435000,455527000,455527000,21913000,0.026,0.043,0.053,0.093,4071000,49638000,1.0,61768425,61779000,66679000,7.373,998889000,18259000,9295000,3045000,15.828,197375000
PLAB,MRY,2015-12-31,2015-11-01,2015-11-01,2018-03-09,-10573000,1043376000,1051384500,360760000,682616000,0.499,9.712,-104033000,205867000,205867000,381070000,56859000,1.872,0.435,132615000,65495000,67120000,132615000,0,82413000,0,0.0,0.0,62796000,145209000,0.277,145209000,62796000,57806000,0.67,0.63,0.67,646555000,632535250,646555000,583784446,9,4.02,29162000,0.44,1.0,143136000,0.273,24616000,4990000,752816000,799736500,24157000,93021000,0,93021000,281310000,192692000,88618000,640312446,12938000,0,2651000,-9571000,0,-7099000,-104305000,0,133195000,-8853000,44625000,44625000,44625000,0,12234000,0.085,70903000,72233000,87983000,0.0,0.99,14.349,14.313,547284000,0,9.59,1.221,1.213,110056000,130060000,524206000,524206000,21920000,0.042,0.071,0.079,0.12,3689000,48983000,1.0,66768764,66331000,78383000,7.903,1018760000,13083000,13181000,2209000,15.303,168068000
PLAB,MRY,2016-12-31,2016-10-30,2016-10-30,2018-03-09,-7671000,987988000,1003422250,441586000,546402000,0.482,10.443,-50147000,314074000,314074000,364750000,55676000,5.43,0.229,67288000,5428000,61860000,67288000,0,82841000,0,0.0,0.0,54363000,137204000,0.284,137204000,54363000,50998000,0.68,0.64,0.68,710363000,690755500,710363000,448870881,8,3.272,71990000,1.066,1.0,118706000,0.246,19854000,3365000,640031000,693550500,22081000,0,0,0,162514000,81317000,81197000,671639881,108207000,0,3463000,-57609000,0,-67022000,52290000,101853000,122137000,802000,46200000,46200000,46200000,0,9476000,0.096,66231000,52475000,51649000,0.0,0.945,14.538,14.485,506434000,0,9.85,1.389,1.376,92636000,176260000,483456000,483456000,21654000,0.046,0.067,0.078,0.112,3827000,44577000,1.0,68186790,67539000,76354000,7.158,968134000,16322000,4798000,1491000,14.232,360269000
PLAB,MRY,2017-12-31,2017-10-29,2017-10-29,2018-03-09,6891000,1020794000,1008107750,449124000,571670000,0.447,10.851,-91965000,308021000,308021000,359363000,21289000,5.492,0.209,61976000,4639000,57337000,61976000,0,86573000,0,0.0,0.0,20641000,107214000,0.238,107214000,20641000,18406000,0.19,0.19,0.19,744564000,731550250,744564000,381110310,18,3.555,4868000,0.071,1.0,91315000,0.203,17122000,2235000,675851000,640313750,23703000,0,0,0,155499000,81776000,73723000,658365310,-6053000,-5400000,2830000,-5428000,0,-10928000,-98066000,167000,96833000,6108000,13130000,13130000,13130000,0,8159000,0.029,59447000,31868000,50834000,0.0,0.884,50.142,50.263,535197000,0,9.55,1.461,1.45,105320000,189390000,450678000,450678000,15862000,0.013,0.018,0.032,0.046,3627000,43585000,1.0,68938776,68436000,69288000,6.585,1003672000,15481000,5276000,0,14.627,367348000
