ticker,dimension,calendardate,datekey,reportperiod,lastupdated,accoci,assets,assetsavg,assetsc,assetsnc,assetturnover,bvps,capex,cashneq,cashnequsd,cor,consolinc,currentratio,de,debt,debtc,debtnc,debtusd,deferredrev,depamor,deposits,divyield,dps,ebit,ebitda,ebitdamargin,ebitdausd,ebitusd,ebt,eps,epsdil,epsusd,equity,equityavg,equityusd,ev,evebit,evebitda,fcf,fcfps,fxusd,gp,grossmargin,intangibles,intexp,invcap,invcapavg,inventory,investments,investmentsc,investmentsnc,liabilities,liabilitiesc,liabilitiesnc,marketcap,ncf,ncfbus,ncfcommon,ncfdebt,ncfdiv,ncff,ncfi,ncfinv,ncfo,ncfx,netinc,netinccmn,netinccmnusd,netincdis,netincnci,netmargin,opex,opinc,payables,payoutratio,pb,pe,pe1,ppnenet,prefdivis,price,ps,ps1,receivables,retearn,revenue,revenueusd,rnd,roa,roe,roic,ros,sbcomp,sgna,sharefactor,sharesbas,shareswa,shareswadil,sps,tangibles,taxassets,taxexp,taxliabilities,tbvps,workingcapital
PNTR,MRY,2011-12-31,2011-12-31,2011-12-31,2018-04-30,837000,89338000,96384000,22431000,66907000,0.891,5.574,-3395000,1591000,1591000,57030000,-8486000,0.6,2.164,21866000,13208000,8658000,21866000,6890000,12710000,0,0.0,0.0,-4324000,8386000,0.098,8386000,-4324000,-6103000,-1.78,-1.79,-1.78,26594000,31731000,26594000,39556727,-9,4.717,5086000,1.066,1.0,28888000,0.336,47523000,1779000,24731000,26465500,4467000,266000,0,266000,57537000,37359000,20178000,16269727,-765000,39000,281000,-2626000,0,-3940000,-5096000,-1740000,8481000,-210000,-8486000,-8486000,-8486000,0,0,-0.099,31501000,-2613000,17261000,0.0,0.612,-1.917,-1.916,10839000,0,3.41,0.189,0.189,17178000,-96743000,85918000,85918000,3082000,-0.088,-0.267,-0.163,-0.05,515000,20382000,1.0,4771181,4771181,,18.008,41815000,0,2383000,0,8.764,-14928000
PNTR,MRY,2012-12-31,2012-12-31,2012-12-31,2018-04-30,1127000,95376000,92357000,26059000,69317000,0.919,6.121,-2300000,3793000,3793000,56742000,1637000,0.712,2.018,21393000,11129000,10264000,21393000,6954000,5551000,0,0.0,0.0,4126000,9677000,0.114,9677000,4126000,2498000,0.35,0.35,0.35,29748000,28171000,29748000,32473660,7,3.356,6041000,1.243,1.0,28090000,0.331,49432000,1628000,26962000,25846500,3982000,814000,0,814000,60030000,36582000,23448000,12198660,2217000,-3376000,1947000,-928000,0,-196000,-6345000,-669000,8341000,417000,1637000,1637000,1637000,995000,0,0.019,23002000,5088000,18499000,0.0,0.41,7.452,7.171,10364000,0,2.51,0.144,0.144,18866000,-95540000,84832000,84832000,2716000,0.018,0.058,0.16,0.049,265000,18299000,1.0,4860024,4860024,,17.455,45944000,0,861000,3765000,9.453,-10523000
PNTR,MRY,2013-12-31,2013-12-31,2013-12-31,2018-04-30,1456000,113227000,104301500,31294000,81933000,0.938,6.68,-3447000,3430000,3430000,66260000,7271000,0.712,1.902,21245000,10643000,10602000,21245000,7753000,4049000,0,0.0,0.0,9685000,13734000,0.14,13734000,9685000,8608000,1.14,1.1,1.14,37110000,33429000,37110000,83377806,8,6.071,6264000,1.128,1.0,31597000,0.323,58063000,1077000,29022000,27992000,6038000,0,0,0,70588000,43957000,26631000,65777806,-336000,-3973000,7000,-2447000,0,-2440000,-7283000,137000,9711000,-324000,7271000,7271000,7271000,0,0,0.074,25551000,6046000,25561000,0.0,1.773,9.047,10.386,13975000,0,11.84,0.672,0.672,22372000,-89220000,97857000,97857000,3244000,0.07,0.218,0.346,0.099,374000,21340000,1.0,5555558,5555558,,17.614,55164000,0,1337000,5712000,9.93,-12663000
PNTR,MRY,2014-12-31,2014-12-31,2014-12-31,2018-04-30,-2909000,111004000,112115500,36671000,74333000,0.591,7.368,-2929000,8619000,8619000,35117000,12740000,1.068,1.01,20521000,7478000,13043000,20521000,6420000,4767000,0,0.0,0.0,5556000,10323000,0.156,10323000,5556000,3393000,1.81,1.74,1.81,56647000,46878500,56647000,80784339,14,7.826,2667000,0.347,1.0,31088000,0.47,50891000,2163000,37685000,33353500,6133000,0,0,0,57208000,34330000,22878000,62969339,5208000,-729000,10074000,1650000,0,3984000,-3658000,0,5596000,-714000,12242000,12242000,12242000,1320000,498000,0.185,24002000,7086000,20432000,0.0,1.112,5.144,4.525,11109000,0,8.19,0.951,0.951,21293000,-75767000,66205000,66205000,3390000,0.109,0.261,0.167,0.084,375000,19257000,1.0,7688564,7688564,,8.611,60113000,4350000,-8849000,0,7.818,2341000
PNTR,MRY,2015-12-31,2015-12-31,2015-12-31,2018-04-30,-6254000,103438000,107221000,34655000,68783000,0.565,7.297,-2350000,7252000,7252000,31314000,3798000,1.138,0.863,13205000,4820000,8385000,13205000,671000,3959000,0,0.0,0.0,5586000,9545000,0.158,9545000,5586000,4857000,0.51,0.5,0.51,56104000,56375500,56104000,59801753,10,6.265,6452000,0.839,1.0,29253000,0.483,31831000,729000,47108000,42396500,4697000,0,0,0,48403000,30452000,17951000,47899753,790000,0,15000,-5484000,0,-5469000,-2350000,0,8802000,-193000,3726000,3726000,3726000,-327000,72000,0.062,23912000,5341000,9819000,0.0,0.854,12.856,12.216,3278000,0,6.23,0.791,0.791,11580000,-71822000,60567000,60567000,3409000,0.035,0.066,0.132,0.092,309000,19048000,1.0,7688564,7688564,,7.878,71607000,3086000,1131000,258000,9.313,4203000
PNTR,MRY,2016-12-31,2016-12-31,2016-12-31,2018-04-30,-5633000,76881000,90159500,25276000,51605000,0.714,5.463,-3596000,6066000,6066000,32576000,3502000,1.275,0.804,15018000,4836000,10182000,15018000,1037000,3258000,0,0.0,0.0,6427000,9685000,0.15,9685000,6427000,5381000,0.45,0.45,0.45,42527000,49315500,42527000,57058579,8,5.891,5481000,0.704,1.0,31777000,0.494,40285000,1046000,25720000,36414000,5242000,831000,0,831000,34192000,19828000,14364000,52935579,-3281000,-8531000,98000,2003000,0,231000,-12127000,0,9077000,-462000,3536000,3536000,3536000,-154000,-34000,0.055,25529000,6248000,13955000,0.0,1.245,14.97,15.111,5614000,0,6.8,0.823,0.823,14532000,-86115000,64353000,64353000,3669000,0.039,0.072,0.176,0.1,320000,20778000,1.0,7784644,7784644,,8.267,36596000,1433000,1845000,976000,4.701,5448000
PNTR,MRY,2017-12-31,2017-12-31,2017-12-31,2018-04-30,-2340000,94464000,85672500,30451000,64013000,0.912,7.955,-3152000,7375000,7375000,37987000,16521000,1.436,0.492,10116000,5101000,5015000,10116000,777000,2924000,0,0.0,0.0,10304000,13228000,0.169,13228000,10304000,9300000,2.07,2.03,2.07,63134000,52830500,63134000,156569393,15,11.836,6548000,0.825,1.0,40168000,0.514,42945000,1004000,33061000,29390500,6551000,973000,0,973000,31048000,21199000,9849000,147617393,1309000,0,395000,-5106000,0,-4711000,-3152000,0,9700000,-528000,16521000,16521000,16521000,0,0,0.211,29859000,10309000,15321000,0.0,2.338,8.935,8.986,5848000,0,18.6,1.889,1.889,17641000,-69597000,78155000,78155000,4051000,0.193,0.313,0.351,0.132,380000,25313000,1.0,7936419,7936419,,9.848,51519000,9585000,-7221000,838000,6.491,9252000
