ticker,dimension,calendardate,datekey,reportperiod,lastupdated,accoci,assets,assetsavg,assetsc,assetsnc,assetturnover,bvps,capex,cashneq,cashnequsd,cor,consolinc,currentratio,de,debt,debtc,debtnc,debtusd,deferredrev,depamor,deposits,divyield,dps,ebit,ebitda,ebitdamargin,ebitdausd,ebitusd,ebt,eps,epsdil,epsusd,equity,equityavg,equityusd,ev,evebit,evebitda,fcf,fcfps,fxusd,gp,grossmargin,intangibles,intexp,invcap,invcapavg,inventory,investments,investmentsc,investmentsnc,liabilities,liabilitiesc,liabilitiesnc,marketcap,ncf,ncfbus,ncfcommon,ncfdebt,ncfdiv,ncff,ncfi,ncfinv,ncfo,ncfx,netinc,netinccmn,netinccmnusd,netincdis,netincnci,netmargin,opex,opinc,payables,payoutratio,pb,pe,pe1,ppnenet,prefdivis,price,ps,ps1,receivables,retearn,revenue,revenueusd,rnd,roa,roe,roic,ros,sbcomp,sgna,sharefactor,sharesbas,shareswa,shareswadil,sps,tangibles,taxassets,taxexp,taxliabilities,tbvps,workingcapital
PNY,MRY,2011-12-31,2011-10-31,2011-10-31,2017-06-26,-452000,3242541000,3197324250,286021000,2956520000,0.448,13.809,-242567000,6777000,6777000,898646000,113568000,0.535,2.253,1006000000,331000000,675000000,1006000000,0,107046000,25462000,0.035,1.15,231924000,338970000,0.236,338970000,231924000,185854000,1.58,1.57,1.58,996923000,1020404750,996923000,3259098490,14,9.615,68678000,0.953,1.0,535259000,0.373,48852000,46070000,3658780000,3528594500,92492000,86560000,0,86560000,2245618000,534132000,1711486000,2359283490,1158000,0,-2771000,32078000,-82913000,-57514000,-252573000,-3679000,311245000,0,113568000,113568000,113568000,0,0,0.079,328180000,207079000,132297000,0.728,2.367,20.774,20.69,2627714000,0,32.69,1.645,1.643,126946000,550584000,1433905000,1433905000,0,0.036,0.111,0.066,0.162,0,0,1.0,72171413,72056000,72266000,19.9,3193689000,17759000,72286000,536227000,44.238,-248111000
PNY,MRY,2012-12-31,2012-10-31,2012-10-31,2017-06-26,-305000,3769939000,3554057750,305642000,3464297000,0.316,14.242,-528326000,1959000,1959000,582165000,119847000,0.516,2.671,1340000000,365000000,975000000,1340000000,0,109230000,21739000,0.037,1.19,239476000,348706000,0.311,348706000,239476000,198064000,1.67,1.66,1.67,1027004000,1041668000,1027004000,3466354855,14,9.941,-223811000,-3.109,1.0,540615000,0.481,48852000,41412000,4466577000,4183239750,73595000,89998000,0,89998000,2742935000,592551000,2150384000,2297075855,-4818000,0,-4405000,334000000,-85693000,239960000,-549293000,1200000,304515000,0,119847000,119847000,119847000,0,0,0.107,345791000,194824000,141968000,0.713,2.237,19.167,19.084,3105501000,0,31.87,2.046,2.043,82816000,584848000,1122780000,1122780000,0,0.034,0.115,0.057,0.213,0,0,1.0,72076431,71977000,72278000,15.599,3721087000,31606000,78217000,633926000,51.604,-286909000
PNY,MRY,2013-12-31,2013-10-31,2013-10-31,2017-06-26,-284000,4368609000,4153495000,348056000,4020553000,0.308,15.645,-598048000,8063000,8063000,691374000,134417000,0.486,2.675,1674857000,500000000,1174857000,1674857000,0,120797000,19831000,0.036,1.23,274521000,395318000,0.309,395318000,274521000,220363000,1.8,1.78,1.8,1188596000,1182396500,1188596000,4077485757,14,10.314,-284801000,-3.803,1.0,586855000,0.459,48852000,54158000,5269901000,4830480250,75654000,131464000,0,131464000,3180013000,716650000,2463363000,2592266757,6104000,0,116881000,334856000,-92146000,356333000,-663476000,-37062000,313247000,0,134417000,134417000,134417000,0,0,0.105,365327000,221528000,140136000,0.683,2.181,19.285,18.967,3634860000,0,34.14,2.028,2.0,106165000,627236000,1278229000,1278229000,0,0.032,0.114,0.057,0.215,0,0,1.0,75930485,74884000,75333000,17.069,4319757000,43760000,85946000,704225000,56.859,-368594000
PNY,MRY,2014-12-31,2014-10-31,2014-10-31,2017-06-26,-237000,4774307000,4684731250,346699000,4427608000,0.314,16.694,-458561000,9643000,9643000,817074000,143801000,0.557,2.648,1769484000,355000000,1414484000,1769484000,0,129343000,19994000,0.033,1.27,300181000,429524000,0.292,429524000,300181000,238619000,1.85,1.84,1.85,1308602000,1330707750,1308602000,4624109660,15,10.766,-27949000,-0.359,1.0,652914000,0.444,48852000,61562000,5863310000,5575997000,85733000,173898000,0,173898000,3465705000,621986000,2843719000,2977697660,1580000,0,72846000,104565000,-99151000,75415000,-504447000,-34167000,430612000,0,143801000,143801000,143801000,0,0,0.098,389873000,263041000,139648000,0.686,2.275,20.707,20.546,3989778000,0,38.01,2.026,2.014,89714000,672004000,1469988000,1469988000,0,0.031,0.108,0.054,0.204,0,0,1.0,78339849,77883000,78193000,18.874,4725455000,89518000,94818000,834488000,60.284,-275287000
PNY,MRY,2015-12-31,2015-10-31,2015-10-31,2017-06-26,-855000,5078358000,4985062750,223545000,4854813000,0.275,17.989,-442937000,13744000,13744000,686534000,137011000,0.352,2.56,1903677000,380000000,1523677000,1903677000,0,140217000,20896000,0.023,1.31,297852000,438069000,0.319,438069000,297852000,227233000,1.74,1.73,1.74,1426312000,1412352000,1426312000,6323030968,21,14.434,-71302000,-0.903,1.0,685184000,0.5,48852000,70619000,6283843000,6099192750,69491000,211622000,0,211622000,3652046000,635596000,3016450000,4539244968,4101000,0,80699000,134902000,-103390000,110886000,-478420000,-29084000,371635000,0,137011000,137011000,137011000,0,0,0.1,423221000,261963000,152044000,0.753,3.183,33.131,32.937,4348381000,0,57.31,3.309,3.298,87337000,705748000,1371718000,1371718000,0,0.027,0.097,0.049,0.217,0,0,1.0,79205112,78942000,79231000,17.376,5029506000,37470000,90222000,858190000,63.432,-412051000
