ticker,dimension,calendardate,datekey,reportperiod,lastupdated,accoci,assets,assetsavg,assetsc,assetsnc,assetturnover,bvps,capex,cashneq,cashnequsd,cor,consolinc,currentratio,de,debt,debtc,debtnc,debtusd,deferredrev,depamor,deposits,divyield,dps,ebit,ebitda,ebitdamargin,ebitdausd,ebitusd,ebt,eps,epsdil,epsusd,equity,equityavg,equityusd,ev,evebit,evebitda,fcf,fcfps,fxusd,gp,grossmargin,intangibles,intexp,invcap,invcapavg,inventory,investments,investmentsc,investmentsnc,liabilities,liabilitiesc,liabilitiesnc,marketcap,ncf,ncfbus,ncfcommon,ncfdebt,ncfdiv,ncff,ncfi,ncfinv,ncfo,ncfx,netinc,netinccmn,netinccmnusd,netincdis,netincnci,netmargin,opex,opinc,payables,payoutratio,pb,pe,pe1,ppnenet,prefdivis,price,ps,ps1,receivables,retearn,revenue,revenueusd,rnd,roa,roe,roic,ros,sbcomp,sgna,sharefactor,sharesbas,shareswa,shareswadil,sps,tangibles,taxassets,taxexp,taxliabilities,tbvps,workingcapital
POR,MRY,2011-12-31,2011-12-31,2011-12-31,2018-04-28,-6000000,5733000000,5595500000,716000000,5017000000,0.324,22.072,-300000000,6000000,6000000,1059000000,147000000,1.166,2.446,1765000000,130000000,1635000000,1765000000,0,227000000,0,0.042,1.06,315000000,542000000,0.299,542000000,315000000,205000000,1.95,1.95,1.95,1663000000,1650750000,1663000000,3606489794,11,6.654,153000000,2.031,1.0,754000000,0.416,0,110000000,6878000000,6836000000,71000000,37000000,0,37000000,4067000000,614000000,3453000000,1905489794,2000000,0,0,-69000000,-79000000,-152000000,-299000000,-4000000,453000000,0,147000000,147000000,147000000,0,0,0.081,445000000,309000000,111000000,0.544,1.146,12.963,12.969,4285000000,0,25.29,1.051,1.051,245000000,833000000,1813000000,1813000000,0,0.026,0.089,0.046,0.174,0,218000000,1.0,75345583,75333000,75350000,24.066,5733000000,0,58000000,529000000,76.09,102000000
POR,MRY,2012-12-31,2012-12-31,2012-12-31,2018-04-28,-6000000,5670000000,5729500000,622000000,5048000000,0.315,22.877,-293000000,12000000,12000000,1039000000,140000000,1.194,2.28,1653000000,117000000,1536000000,1653000000,0,248000000,0,0.039,1.075,313000000,561000000,0.311,561000000,313000000,205000000,1.87,1.87,1.87,1728000000,1708750000,1728000000,3646629610,11,6.5,201000000,2.662,1.0,766000000,0.424,0,108000000,6790000000,6801250000,78000000,38000000,0,38000000,3940000000,521000000,3419000000,2066629610,6000000,0,0,-113000000,-81000000,-194000000,-294000000,-3000000,494000000,0,141000000,141000000,141000000,0,-1000000,0.078,464000000,302000000,98000000,0.575,1.196,14.657,14.631,4392000000,0,27.36,1.145,1.144,249000000,893000000,1805000000,1805000000,0,0.025,0.083,0.046,0.173,0,216000000,1.0,75534708,75498000,75647000,23.908,5670000000,0,64000000,588000000,75.066,101000000
POR,MRY,2013-12-31,2013-12-31,2013-12-31,2018-04-28,-5000000,6101000000,5862250000,591000000,5510000000,0.309,23.296,-656000000,107000000,107000000,1085000000,104000000,1.504,2.353,1916000000,0,1916000000,1916000000,0,248000000,0,0.036,1.095,227000000,475000000,0.262,475000000,227000000,126000000,1.36,1.35,1.36,1819000000,1782250000,1819000000,4027640100,17,8.479,-112000000,-1.458,1.0,725000000,0.401,0,101000000,7517000000,7120000000,65000000,82000000,0,82000000,4281000000,393000000,3888000000,2357640100,95000000,0,67000000,260000000,-84000000,243000000,-692000000,-1000000,544000000,0,105000000,105000000,105000000,0,-1000000,0.058,519000000,206000000,173000000,0.805,1.296,22.454,22.206,4880000000,0,30.2,1.303,1.282,250000000,913000000,1810000000,1810000000,0,0.018,0.059,0.032,0.125,0,219000000,1.0,78067553,76821000,77388000,23.561,6101000000,0,21000000,586000000,78.137,198000000
POR,MRY,2014-12-31,2014-12-31,2014-12-31,2018-04-28,-7000000,7042000000,6566750000,699000000,6343000000,0.289,24.434,-1007000000,127000000,127000000,1079000000,174000000,0.801,2.685,2501000000,375000000,2126000000,2501000000,0,301000000,0,0.03,1.12,332000000,633000000,0.333,633000000,332000000,236000000,2.24,2.18,2.24,1911000000,1881750000,1911000000,5182671891,15,8.187,-487000000,-6.229,1.0,821000000,0.432,0,96000000,8543000000,8124500000,82000000,90000000,0,90000000,5131000000,873000000,4258000000,2958671891,20000000,8000000,0,585000000,-87000000,494000000,-994000000,-2000000,520000000,0,175000000,175000000,175000000,0,-1000000,0.092,528000000,293000000,156000000,0.5,1.548,16.907,16.888,5679000000,0,37.83,1.557,1.557,242000000,1000000000,1900000000,1900000000,0,0.027,0.093,0.041,0.175,0,227000000,1.0,78209672,78180000,80494000,24.303,7042000000,0,61000000,625000000,90.04,-174000000
POR,MRY,2015-12-31,2015-12-31,2015-12-31,2018-04-28,-8000000,7210000000,7174000000,557000000,6653000000,0.265,25.422,-598000000,4000000,4000000,1043000000,172000000,0.89,2.193,2199000000,139000000,2060000000,2199000000,0,305000000,0,0.032,1.18,331000000,636000000,0.335,636000000,331000000,217000000,2.05,2.04,2.05,2258000000,2162500000,2258000000,5340652915,16,8.397,-78000000,-0.927,1.0,855000000,0.45,0,114000000,8779000000,8790000000,83000000,40000000,0,40000000,4952000000,626000000,4326000000,3228652915,-123000000,0,271000000,-291000000,-97000000,-121000000,-522000000,3000000,520000000,0,172000000,172000000,172000000,0,0,0.091,546000000,309000000,98000000,0.576,1.43,18.771,17.741,6012000000,0,36.37,1.701,1.613,253000000,1070000000,1898000000,1898000000,0,0.024,0.08,0.038,0.174,0,241000000,1.0,88772420,84180000,84341000,22.547,7210000000,0,45000000,632000000,81.174,-69000000
POR,MRY,2016-12-31,2016-12-31,2016-12-31,2018-04-28,-7000000,7527000000,7443000000,463000000,7064000000,0.258,26.358,-584000000,6000000,6000000,1022000000,193000000,0.802,2.211,2350000000,150000000,2200000000,2350000000,0,321000000,0,0.029,1.26,355000000,676000000,0.352,676000000,355000000,243000000,2.17,2.16,2.17,2344000000,2312000000,2344000000,6090200583,17,9.009,-31000000,-0.349,1.0,901000000,0.469,0,112000000,9294000000,9201000000,82000000,41000000,0,41000000,5183000000,577000000,4606000000,3853200583,2000000,0,0,151000000,-110000000,34000000,-585000000,2000000,553000000,0,193000000,193000000,193000000,0,0,0.1,568000000,333000000,129000000,0.581,1.644,19.965,19.968,6434000000,0,43.33,2.004,2.003,262000000,1150000000,1923000000,1923000000,0,0.026,0.083,0.039,0.185,0,247000000,1.0,88926854,88896000,89054000,21.632,7527000000,0,50000000,669000000,84.641,-114000000
POR,MRY,2017-12-31,2017-12-31,2017-12-31,2018-04-28,-8000000,7838000000,7715500000,526000000,7312000000,0.26,27.118,-514000000,39000000,39000000,1024000000,187000000,1.218,2.244,2426000000,0,2426000000,2426000000,0,345000000,0,0.029,1.34,393000000,738000000,0.367,738000000,393000000,273000000,2.1,2.1,2.1,2416000000,2399250000,2416000000,6348828173,16,8.603,83000000,0.932,1.0,985000000,0.49,0,120000000,9793000000,9547500000,78000000,42000000,0,42000000,5422000000,432000000,4990000000,4060828173,33000000,0,0,75000000,-118000000,-50000000,-514000000,3000000,597000000,0,187000000,187000000,187000000,0,0,0.093,609000000,376000000,132000000,0.638,1.681,21.716,21.705,6741000000,0,45.58,2.021,2.02,274000000,1217000000,2009000000,2009000000,0,0.024,0.078,0.041,0.196,0,264000000,1.0,89092325,89056000,89176000,22.559,7838000000,0,86000000,376000000,87.976,94000000
