ticker,dimension,calendardate,datekey,reportperiod,lastupdated,accoci,assets,assetsavg,assetsc,assetsnc,assetturnover,bvps,capex,cashneq,cashnequsd,cor,consolinc,currentratio,de,debt,debtc,debtnc,debtusd,deferredrev,depamor,deposits,divyield,dps,ebit,ebitda,ebitdamargin,ebitdausd,ebitusd,ebt,eps,epsdil,epsusd,equity,equityavg,equityusd,ev,evebit,evebitda,fcf,fcfps,fxusd,gp,grossmargin,intangibles,intexp,invcap,invcapavg,inventory,investments,investmentsc,investmentsnc,liabilities,liabilitiesc,liabilitiesnc,marketcap,ncf,ncfbus,ncfcommon,ncfdebt,ncfdiv,ncff,ncfi,ncfinv,ncfo,ncfx,netinc,netinccmn,netinccmnusd,netincdis,netincnci,netmargin,opex,opinc,payables,payoutratio,pb,pe,pe1,ppnenet,prefdivis,price,ps,ps1,receivables,retearn,revenue,revenueusd,rnd,roa,roe,roic,ros,sbcomp,sgna,sharefactor,sharesbas,shareswa,shareswadil,sps,tangibles,taxassets,taxexp,taxliabilities,tbvps,workingcapital
POWI,MRY,2011-12-31,2011-12-31,2011-12-31,2018-04-28,50000,432919000,441172000,250101000,182818000,0.677,12.987,-20974000,139836000,139836000,158093000,34291000,7.351,0.188,0,0,0,0,9274000,16315000,0,0.006,0.2,45095000,61410000,0.206,61410000,45095000,45095000,1.2,1.14,1.2,364529000,373471500,364529000,781640180,17,12.728,48218000,1.685,1.0,140646000,0.471,23638000,0,235423000,233042500,52010000,72940000,40899000,32041000,68390000,34022000,34368000,930218180,-15831000,-6914000,-27790000,0,-5722000,-32716000,-52307000,-23142000,69192000,0,34291000,34291000,34291000,0,0,0.115,97427000,43219000,16532000,0.167,2.552,27.127,27.633,88241000,0,33.16,3.114,3.176,9396000,205805000,298739000,298739000,40295000,0.078,0.092,0.194,0.151,11170000,57132000,1.0,28052418,28609000,29964000,10.442,409281000,13279000,10804000,34368000,14.581,216079000
POWI,MRY,2012-12-31,2012-12-31,2012-12-31,2018-04-28,-293000,399130000,436399750,164864000,234266000,0.7,11.848,-16356000,63394000,63394000,154868000,-34404000,4.064,0.17,0,0,0,0,11550000,20420000,0,0.006,0.2,-20780000,-360000,-0.001,-360000,-20780000,-20782000,-1.2,-1.2,-1.2,341049000,364328500,341049000,898919541,-43,-2496.999,35474000,1.239,1.0,150502000,0.493,128337000,2000,166832000,191815500,44625000,31766000,31766000,0,58081000,40567000,17514000,973666541,-76442000,-115720000,1485000,0,-5755000,-3566000,-124706000,22570000,51830000,0,-34404000,-34404000,-34404000,0,0,-0.113,139150000,11352000,16452000,-0.167,2.855,-28.301,-28.008,89724000,0,33.61,3.188,3.152,7326000,165646000,305370000,305370000,45709000,-0.079,-0.094,-0.108,-0.068,15527000,68241000,1.0,28969549,28636000,28636000,10.664,270793000,11884000,13622000,18522000,9.407,124297000
POWI,MRY,2013-12-31,2013-12-31,2013-12-31,2018-04-28,-470000,501421000,465401500,277422000,223999000,0.746,14.566,-13924000,92928000,92928000,163853000,57266000,5.502,0.148,0,0,0,0,15727000,23492000,0,0.006,0.32,55450000,78942000,0.227,78942000,55450000,55427000,1.95,1.88,1.95,436686000,399160250,436686000,1592403455,28,20.172,84747000,2.88,1.0,183236000,0.528,120933000,23000,237142000,210835750,42235000,109179000,109179000,0,64735000,50418000,14317000,1670521455,29534000,959000,30239000,0,-9446000,21527000,-90664000,-77699000,98671000,0,57266000,57266000,57266000,0,0,0.165,129170000,54066000,20772000,0.164,3.825,29.171,28.626,90141000,0,55.82,4.813,4.732,12389000,213466000,347089000,347089000,51654000,0.123,0.143,0.263,0.16,17035000,77516000,1.0,29926934,29421000,30420000,11.797,380488000,11508000,-1839000,15367000,12.692,227004000
POWI,MRY,2014-12-31,2014-12-31,2014-12-31,2018-04-28,-1136000,493663000,512999250,265912000,227751000,0.68,14.676,-23071000,60708000,60708000,159227000,59544000,4.821,0.146,0,0,0,0,15223000,21956000,0,0.009,0.44,56814000,78770000,0.226,78770000,56814000,56814000,1.99,1.93,1.99,430676000,448037500,430676000,1466910277,25,18.623,62491000,2.085,1.0,189570000,0.543,116123000,0,261672000,268463500,64025000,114575000,114575000,0,62987000,55160000,7827000,1527630277,-32220000,0,-66905000,0,-13165000,-79633000,-38149000,-13817000,85562000,0,59544000,59544000,59544000,0,0,0.171,133774000,55796000,21980000,0.221,3.547,25.655,26.0,95823000,0,51.74,4.38,4.447,10186000,259845000,348797000,348797000,54981000,0.116,0.133,0.212,0.163,14660000,78793000,1.0,29525131,29976000,30829000,11.636,377540000,11601000,-2730000,10171000,12.865,210752000
POWI,MRY,2015-12-31,2015-12-31,2015-12-31,2018-04-28,-1851000,487537000,491930000,240403000,247134000,0.701,15.05,-21748000,90092000,90092000,171309000,39152000,4.624,0.137,0,0,0,0,15101000,23503000,0,0.01,0.48,39331000,62834000,0.182,62834000,39331000,39331000,1.35,1.32,1.35,428619000,426994750,428619000,1322830732,33,21.053,70439000,2.429,1.0,173300000,0.503,130014000,0,215438000,224093500,51934000,83769000,83769000,0,58918000,51993000,6925000,1382565732,29384000,-15549000,-41151000,0,-13916000,-55067000,-7736000,29561000,92187000,0,39152000,39152000,39152000,0,0,0.114,134394000,38906000,21660000,0.356,3.226,35.313,36.022,99381000,0,48.63,4.012,4.093,7818000,285076000,344609000,344609000,57549000,0.08,0.092,0.176,0.114,14578000,76845000,1.0,28430305,29001000,29696000,11.883,357523000,11843000,179000,7422000,12.554,188410000
POWI,MRY,2016-12-31,2016-12-31,2016-12-31,2018-04-28,-2710000,554410000,523000000,318264000,236146000,0.745,17.23,-12198000,62134000,62134000,197477000,48898000,7.242,0.102,0,0,0,0,0,23475000,0,0.008,0.52,49952000,73427000,0.188,73427000,49952000,49952000,1.69,1.65,1.69,503084000,463842750,503084000,1881240884,37,25.621,85703000,2.963,1.0,192191000,0.493,123351000,0,324979000,255673750,52564000,188323000,188323000,0,51326000,43946000,7380000,1977130884,-27958000,0,6624000,0,-15054000,-8430000,-117429000,-105231000,97901000,0,48898000,48898000,48898000,0,0,0.125,143317000,48874000,29727000,0.308,3.93,40.434,40.148,95296000,0,67.85,5.074,5.036,6528000,332891000,389668000,389668000,62310000,0.093,0.105,0.195,0.128,20885000,81007000,1.0,29139733,28925000,29619000,13.472,431059000,11342000,1054000,4188000,14.763,274318000
POWI,MRY,2017-12-31,2017-12-31,2017-12-31,2018-04-28,-2139000,621074000,608938750,364534000,256540000,0.709,18.405,-32496000,93655000,93655000,218091000,27609000,7.141,0.134,0,0,0,0,0,24457000,0,0.008,0.56,60299000,84756000,0.196,84756000,60299000,60299000,0.93,0.9,0.93,547682000,546771750,547682000,2134971228,35,25.19,49543000,1.67,1.0,213664000,0.495,117268000,0,359100000,382873500,57087000,189236000,189236000,0,73392000,51051000,22341000,2185671228,31521000,0,832000,0,-16634000,-15802000,-34716000,-2220000,82039000,0,27609000,27609000,27609000,0,0,0.064,156027000,57637000,33211000,0.602,3.991,79.165,79.086,111705000,0,73.55,5.062,5.055,16798000,351408000,431755000,431755000,68501000,0.045,0.05,0.157,0.14,24677000,87526000,1.0,29716808,29674000,30545000,14.55,503806000,2364000,32690000,20164000,16.93,313483000
