ticker,dimension,calendardate,datekey,reportperiod,lastupdated,accoci,assets,assetsavg,assetsc,assetsnc,assetturnover,bvps,capex,cashneq,cashnequsd,cor,consolinc,currentratio,de,debt,debtc,debtnc,debtusd,deferredrev,depamor,deposits,divyield,dps,ebit,ebitda,ebitdamargin,ebitdausd,ebitusd,ebt,eps,epsdil,epsusd,equity,equityavg,equityusd,ev,evebit,evebitda,fcf,fcfps,fxusd,gp,grossmargin,intangibles,intexp,invcap,invcapavg,inventory,investments,investmentsc,investmentsnc,liabilities,liabilitiesc,liabilitiesnc,marketcap,ncf,ncfbus,ncfcommon,ncfdebt,ncfdiv,ncff,ncfi,ncfinv,ncfo,ncfx,netinc,netinccmn,netinccmnusd,netincdis,netincnci,netmargin,opex,opinc,payables,payoutratio,pb,pe,pe1,ppnenet,prefdivis,price,ps,ps1,receivables,retearn,revenue,revenueusd,rnd,roa,roe,roic,ros,sbcomp,sgna,sharefactor,sharesbas,shareswa,shareswadil,sps,tangibles,taxassets,taxexp,taxliabilities,tbvps,workingcapital
PRGS,MRY,2011-12-31,2011-11-30,2011-11-30,2018-04-06,-11653000,864263000,925271000,407911000,456352000,0.361,9.91,-17047000,261416000,261416000,36777000,59629000,1.804,0.383,357000,357000,0,357000,152346000,8832000,0,0.0,0.0,96433000,105265000,0.316,105265000,96433000,96433000,0.91,0.88,0.91,625110000,681927250,625110000,958001880,9,9.101,109247000,1.663,1.0,296833000,0.89,320619000,0,56441000,40103500,0,33539000,0,33539000,239153000,226144000,13009000,1304168880,-125464000,-22900000,-153043000,-1183000,0,-147988000,-102297000,-61917000,126294000,-1473000,59629000,59629000,59629000,11760000,0,0.179,188121000,108712000,7039000,0.0,2.086,21.871,22.385,66206000,0,20.37,3.909,4.012,110927000,327542000,333610000,333610000,38183000,0.064,0.087,2.405,0.289,25926000,145587000,1.0,64024000,65705000,67540000,5.077,543644000,43819000,36804000,7581000,8.619,181767000
PRGS,MRY,2012-12-31,2012-11-30,2012-11-30,2018-04-06,-10764000,884977000,899873500,526818000,358159000,0.353,10.156,-7735000,355217000,355217000,36314000,47444000,2.194,0.386,0,0,0,0,106742000,9305000,0,0.0,0.0,70475000,79780000,0.251,79780000,70475000,70475000,0.75,0.74,0.75,638399000,657704250,638399000,932982880,13,11.694,96380000,1.533,1.0,281298000,0.886,231229000,0,58377000,37480500,0,26321000,0,26321000,246578000,240154000,6424000,1285189880,140697000,46590000,-56261000,-357000,0,-55028000,94140000,55096000,104115000,-2530000,47444000,47444000,47444000,-2490000,0,0.149,213509000,67789000,10477000,0.0,2.013,27.089,26.813,63071000,0,20.11,4.046,3.981,70793000,348830000,317612000,317612000,44443000,0.053,0.072,1.88,0.222,26643000,160827000,1.0,63908000,62881000,63741000,5.051,653748000,42866000,23031000,22518000,10.4,286664000
PRGS,MRY,2013-12-31,2013-11-30,2013-11-30,2018-04-06,-11659000,682187000,715061000,337811000,344376000,0.467,9.933,-5062000,231440000,231440000,34982000,74907000,2.053,0.328,0,0,0,0,97537000,10345000,0,0.0,0.0,98558000,108903000,0.326,108903000,98558000,97913000,1.37,1.35,1.37,513654000,542765750,513654000,1125522526,11,10.335,-482000,-0.009,1.0,299014000,0.895,234236000,645000,51932000,49751750,0,24761000,0,24761000,168533000,164579000,3954000,1367504526,-102974000,101670000,-227043000,0,0,-225401000,118762000,21033000,4580000,-915000,74907000,74907000,74907000,-35130000,0,0.224,235274000,63740000,9560000,0.0,2.662,18.256,19.226,57030000,0,26.34,4.094,4.299,66784000,320006000,333996000,333996000,57336000,0.105,0.138,1.981,0.295,19757000,161991000,1.0,51917408,54516000,55379000,6.127,447951000,29257000,23006000,2924000,8.663,173232000
PRGS,MRY,2014-12-31,2014-11-30,2014-11-30,2018-04-06,-13726000,702756000,685795750,375607000,327149000,0.485,10.771,-11801000,283268000,283268000,34259000,49458000,2.45,0.294,0,0,0,0,96240000,9775000,0,0.0,0.0,78376000,88151000,0.265,88151000,78376000,77804000,0.97,0.96,0.97,543245000,527680500,543245000,1033004475,13,11.719,95893000,1.886,1.0,298274000,0.897,253414000,572000,12771000,32695750,0,0,0,0,159511000,153303000,6208000,1294296475,64264000,-21193000,-42723000,0,0,-42232000,5136000,37784000,107694000,-6334000,49458000,49458000,49458000,0,0,0.149,217534000,80740000,11749000,0.0,2.383,26.17,26.588,59351000,0,25.79,3.892,3.943,68311000,347193000,332533000,332533000,58965000,0.072,0.094,2.397,0.236,24172000,149788000,1.0,50185982,50840000,51466000,6.541,449342000,12020000,28346000,2246000,8.909,222304000
PRGS,MRY,2015-12-31,2015-11-30,2015-11-30,2018-04-06,-24628000,877123000,882591750,323409000,553714000,0.428,10.36,-8845000,241279000,241279000,63742000,-8801000,1.618,0.679,144375000,9375000,135000000,144375000,134071000,9394000,0,0.0,0.0,16142000,25536000,0.068,25536000,16142000,12354000,-0.17,-0.17,-0.17,522464000,528318750,522464000,1130747994,70,44.281,95695000,1.899,1.0,313812000,0.831,484098000,3788000,96205000,118652750,0,0,0,0,354659000,199916000,154743000,1204676994,-50703000,-241775000,-25430000,142590000,0,118300000,-260208000,-9552000,104540000,-13335000,-8801000,-8801000,-8801000,0,0,-0.023,299058000,14754000,11188000,0.0,2.306,-136.88,-141.118,54226000,0,23.99,3.191,3.202,66459000,319162000,377554000,377554000,86924000,-0.01,-0.017,0.136,0.043,22655000,182161000,1.0,50215798,50391000,50391000,7.492,393025000,10971000,21155000,10053000,7.793,123493000
PRGS,MRY,2016-12-31,2016-11-30,2016-11-30,2018-04-06,-28561000,754827000,824676000,336053000,418774000,0.492,8.362,-5786000,249754000,249754000,65712000,-55726000,1.649,0.856,135000000,15000000,120000000,135000000,137761000,8506000,0,0.004,0.125,-31102000,-22596000,-0.056,-22596000,-31102000,-35280000,-1.13,-1.13,-1.13,406629000,478811750,406629000,1341068770,-43,-59.35,97059000,1.962,1.0,339629000,0.838,358894000,4178000,77441000,81211000,0,0,0,0,348198000,203738000,144460000,1436877770,-5343000,0,-73254000,-9375000,0,-82193000,-21002000,-15216000,102845000,-4993000,-55726000,-55726000,-55726000,0,0,-0.137,369338000,-29709000,19058000,-0.111,3.534,-25.785,-26.168,50105000,0,29.57,3.545,3.61,65678000,195694000,405341000,405341000,88587000,-0.068,-0.116,-0.383,-0.077,22105000,168033000,1.0,48592417,49481000,49481000,8.192,395933000,6601000,20446000,5410000,8.142,132315000
PRGS,MRY,2017-12-31,2017-11-30,2017-11-30,2018-04-06,-18999000,718718000,730682250,263407000,455311000,0.544,7.919,-1820000,183609000,183609000,69159000,37417000,1.266,0.911,121909000,5819000,116090000,121909000,142288000,7526000,0,0.012,0.515,70218000,77744000,0.196,77744000,70218000,65587000,0.78,0.77,0.78,376084000,386677000,376084000,1908009330,27,24.542,103866000,2.158,1.0,328413000,0.826,409935000,4631000,39065000,34359250,0,0,0,0,342634000,208018000,134616000,1976379330,-73572000,-77150000,-67667000,-12424000,-24127000,-103314000,-87791000,-8821000,105686000,11847000,37417000,37417000,37417000,0,0,0.094,257799000,70614000,15619000,0.66,5.255,52.82,53.0,42261000,0,41.34,4.971,5.005,61210000,145247000,397572000,397572000,76988000,0.051,0.097,2.044,0.177,13249000,142084000,1.0,47807918,48129000,48516000,8.261,308783000,1123000,28170000,3982000,6.502,55389000
