ticker,dimension,calendardate,datekey,reportperiod,lastupdated,accoci,assets,assetsavg,assetsc,assetsnc,assetturnover,bvps,capex,cashneq,cashnequsd,cor,consolinc,currentratio,de,debt,debtc,debtnc,debtusd,deferredrev,depamor,deposits,divyield,dps,ebit,ebitda,ebitdamargin,ebitdausd,ebitusd,ebt,eps,epsdil,epsusd,equity,equityavg,equityusd,ev,evebit,evebitda,fcf,fcfps,fxusd,gp,grossmargin,intangibles,intexp,invcap,invcapavg,inventory,investments,investmentsc,investmentsnc,liabilities,liabilitiesc,liabilitiesnc,marketcap,ncf,ncfbus,ncfcommon,ncfdebt,ncfdiv,ncff,ncfi,ncfinv,ncfo,ncfx,netinc,netinccmn,netinccmnusd,netincdis,netincnci,netmargin,opex,opinc,payables,payoutratio,pb,pe,pe1,ppnenet,prefdivis,price,ps,ps1,receivables,retearn,revenue,revenueusd,rnd,roa,roe,roic,ros,sbcomp,sgna,sharefactor,sharesbas,shareswa,shareswadil,sps,tangibles,taxassets,taxexp,taxliabilities,tbvps,workingcapital
PRTS,MRY,2011-12-31,2011-12-31,2011-12-31,2018-05-09,327000,142216000,147367500,75621000,66595000,2.219,1.99,-14303000,10335000,10335000,220072000,-15137000,1.129,1.334,18047000,6385000,11662000,18047000,0,16368000,0,0.0,0.0,-15631000,737000,0.002,737000,-15631000,-16649000,-0.5,-0.5,-0.5,60924000,68306500,60924000,138316588,-8,187.675,-3925000,-0.128,1.0,107000000,0.327,28838000,1018000,54135000,58633250,52245000,3229000,1125000,2104000,81292000,66955000,14337000,133834588,-7260000,787000,384000,-6343000,0,-6100000,-11524000,2028000,10378000,-14000,-15137000,-15137000,-15137000,0,0,-0.046,122995000,-15995000,41303000,0.0,2.197,-8.842,-8.74,34627000,0,4.37,0.409,0.408,7922000,-96574000,327072000,327072000,7274000,-0.103,-0.222,-0.267,-0.048,2607000,106910000,1.0,30625764,30546000,30546000,10.708,113378000,446000,-1512000,1596000,3.703,8666000
PRTS,MRY,2012-12-31,2012-12-29,2012-12-29,2018-05-09,384000,88877000,118552500,55513000,33364000,2.564,0.888,-10141000,1030000,1030000,212379000,-35978000,0.932,2.215,16362000,16292000,70000,16362000,0,16393000,0,0.0,0.0,-36130000,-19737000,-0.065,-19737000,-36130000,-36915000,-1.17,-1.17,-1.17,27644000,51568250,27644000,73809879,-2,-3.74,-10541000,-0.342,1.0,91638000,0.301,3227000,785000,41442000,45635750,42727000,110000,110000,0,61233000,59540000,1693000,57586879,-9305000,0,636000,-2372000,0,-1736000,-7178000,3163000,-400000,9000,-35978000,-35978000,-35978000,0,0,-0.118,127428000,-35790000,28025000,0.0,2.083,-1.601,-1.581,28559000,0,1.85,0.189,0.188,7431000,-132552000,304017000,304017000,6274000,-0.303,-0.698,-0.792,-0.119,1726000,93538000,1.0,31128043,30818000,30818000,9.865,85650000,39000,-937000,314000,2.752,-4027000
PRTS,MRY,2013-12-31,2013-12-28,2013-12-28,2018-05-09,446000,69182000,73392750,46114000,23068000,3.471,0.626,-8278000,818000,818000,180620000,-15634000,1.269,2.316,16545000,7043000,9502000,16545000,0,12556000,0,0.0,0.0,-14619000,-2063000,-0.008,-2063000,-14619000,-15591000,-0.48,-0.48,-0.48,20866000,23832250,20866000,100544773,-6,-48.737,-7411000,-0.227,1.0,74133000,0.291,1601000,972000,46955000,45282250,36986000,47000,47000,0,48316000,36353000,11963000,83501773,-212000,0,2418000,-61000,0,7219000,-8339000,45000,867000,41000,-15634000,-15634000,-15634000,0,0,-0.061,88900000,-14767000,19669000,0.0,4.002,-5.341,-5.229,19663000,0,2.51,0.328,0.322,5029000,-148370000,254753000,254753000,5128000,-0.213,-0.656,-0.323,-0.057,1294000,77314000,1.0,33267639,32697000,32697000,7.791,67581000,0,43000,335000,2.029,9761000
PRTS,MRY,2014-12-31,2015-01-03,2015-01-03,2018-05-09,360000,82907000,72503000,62550000,20357000,3.91,0.574,-5529000,7653000,7653000,205058000,-7086000,1.306,3.148,20561000,11291000,9270000,20561000,0,9345000,0,0.0,0.0,-5640000,3705000,0.013,3705000,-5640000,-6741000,-0.21,-0.21,-0.21,19277000,19860750,19277000,93727830,-16,25.298,-4286000,-0.128,1.0,78450000,0.277,1707000,1101000,46203000,43077000,48362000,62000,62000,0,60684000,47905000,12779000,74512830,6835000,0,295000,4016000,0,11311000,-5730000,-1000,1243000,11000,-6879000,-6879000,-6879000,0,-207000,-0.024,84362000,-5912000,25362000,0.0,3.865,-10.832,-10.571,16966000,0,2.22,0.263,0.262,3804000,-155489000,283508000,283508000,4863000,-0.095,-0.346,-0.131,-0.02,2371000,79077000,1.0,33564338,33489000,33489000,8.466,81200000,0,138000,1618000,2.418,14645000
PRTS,MRY,2015-12-31,2016-01-02,2016-01-02,2018-05-09,440000,83756000,81492750,62529000,21227000,3.569,0.597,-7767000,5537000,5537000,207657000,-2424000,1.278,3.029,22448000,12280000,10168000,22448000,0,7974000,2578000,0.0,0.0,-1120000,6854000,0.024,6854000,-1120000,-2336000,-0.01,-0.01,-0.01,20340000,19713500,20340000,113982442,-101,16.63,-2022000,-0.06,1.0,83176000,0.286,1476000,1216000,50267000,46187750,51216000,65000,65000,0,61613000,48924000,12689000,100538442,-2116000,0,134000,299000,0,-105000,-7792000,0,5745000,36000,-2424000,-2424000,-2424000,2288000,0,-0.008,82044000,1132000,25523000,0.0,4.943,-41.476,-295.0,18431000,0,2.95,0.346,0.344,3236000,-157011000,290833000,290833000,4833000,-0.03,-0.123,-0.024,-0.004,2421000,76780000,1.0,34080828,33946000,33946000,8.568,82280000,0,88000,944000,2.414,13605000
PRTS,MRY,2016-12-31,2016-12-31,2016-12-31,2018-05-09,557000,82134000,80169750,63658000,18476000,3.784,0.655,-6353000,6643000,6643000,211277000,-603000,1.361,2.573,10312000,542000,9770000,10312000,0,7992000,3718000,0.0,0.0,735000,8727000,0.029,8727000,735000,-503000,0.08,0.08,0.08,22853000,23226750,22853000,126065563,171,14.445,15218000,0.438,1.0,92047000,0.303,969000,1238000,38045000,40785000,50904000,30000,30000,0,58812000,46789000,12023000,123121563,1106000,0,-479000,-12345000,0,-13954000,-6477000,1000,21571000,-34000,-603000,-603000,-603000,3576000,0,-0.002,87782000,4265000,33697000,0.0,5.388,-204.182,44.0,16478000,0,3.52,0.406,0.403,3266000,-156520000,303324000,303324000,5625000,-0.008,-0.026,0.018,0.002,3140000,81708000,1.0,34977717,34765000,36207000,8.725,81165000,0,100000,156000,2.327,16869000
PRTS,MRY,2017-12-31,2017-12-30,2017-12-30,2018-05-09,557000,100698000,102120250,62532000,38166000,2.971,1.151,-4857000,2850000,2850000,213706000,24015000,1.279,1.495,9752000,579000,9173000,9752000,0,6716000,2500000,0.0,0.0,4130000,10846000,0.036,10846000,4130000,2475000,0.69,0.62,0.69,40361000,37826500,40361000,92751097,22,8.552,6777000,0.193,1.0,89660000,0.296,651000,1655000,58051000,51968000,54231000,9000,9000,0,60337000,48898000,11439000,89532097,-3793000,0,-5565000,-561000,0,-10565000,-4857000,0,11634000,-5000,24015000,24015000,24015000,559000,0,0.079,85025000,4635000,35999000,0.0,2.218,3.728,3.652,15085000,0,2.52,0.295,0.292,2470000,-132996000,303366000,303366000,4711000,0.235,0.635,0.079,0.014,2851000,79995000,1.0,35528610,35192000,39634000,8.62,100047000,21476000,-21540000,0,2.853,13634000
