ticker,dimension,calendardate,datekey,reportperiod,lastupdated,accoci,assets,assetsavg,assetsc,assetsnc,assetturnover,bvps,capex,cashneq,cashnequsd,cor,consolinc,currentratio,de,debt,debtc,debtnc,debtusd,deferredrev,depamor,deposits,divyield,dps,ebit,ebitda,ebitdamargin,ebitdausd,ebitusd,ebt,eps,epsdil,epsusd,equity,equityavg,equityusd,ev,evebit,evebitda,fcf,fcfps,fxusd,gp,grossmargin,intangibles,intexp,invcap,invcapavg,inventory,investments,investmentsc,investmentsnc,liabilities,liabilitiesc,liabilitiesnc,marketcap,ncf,ncfbus,ncfcommon,ncfdebt,ncfdiv,ncff,ncfi,ncfinv,ncfo,ncfx,netinc,netinccmn,netinccmnusd,netincdis,netincnci,netmargin,opex,opinc,payables,payoutratio,pb,pe,pe1,ppnenet,prefdivis,price,ps,ps1,receivables,retearn,revenue,revenueusd,rnd,roa,roe,roic,ros,sbcomp,sgna,sharefactor,sharesbas,shareswa,shareswadil,sps,tangibles,taxassets,taxexp,taxliabilities,tbvps,workingcapital
PSEC,MRY,2011-12-31,2011-06-30,2011-06-30,2018-05-09,27276000,1549317000,1208718500,,,0.14,12.961,0,1492000,1492000,46051000,118238000,,0.39,406700000,,,406700000,0,0,0,0.12,1.211,135836000,135836000,0.802,135836000,135836000,118238000,1.38,1.38,1.38,1114357000,933323000,1114357000,1352674750,9,9.958,-581609000,-6.765,1.0,123425000,0.728,0,17598000,1954525000,1449801500,0,1522913000,,,434960000,,,985069750,411000,0,381316000,306400000,-91247000,582020000,0,0,-581609000,0,118238000,118238000,118238000,0,0,0.698,11606000,111819000,7918000,0.878,0.884,8.331,7.326,0,0,10.11,5.812,5.129,0,-21638000,169476000,169476000,0,0.098,0.127,0.094,0.802,0,5350000,1.0,97435188,85978757,85978757,1.971,1549317000,0,0,0,18.02,
PSEC,MRY,2012-12-31,2012-06-30,2012-06-30,2018-05-09,-5092000,2255254000,1900258000,,,0.169,13.217,0,2825000,2825000,82507000,190904000,,0.492,664138000,,,664138000,0,0,0,0.107,1.217,229438000,229438000,0.715,229438000,229438000,190904000,1.67,1.67,1.67,1511974000,1285510000,1511974000,1798669441,7,7.839,-229415000,-2.005,1.0,238403000,0.743,0,38534000,2916567000,2449499000,0,2212590000,,,743280000,,,1389682441,59799000,0,177699000,257438000,-127564000,289214000,0,0,-229415000,0,190904000,190904000,190904000,0,0,0.595,13185000,225218000,53104000,0.729,0.919,7.279,6.82,0,0,11.39,4.33,4.06,0,23667000,320910000,320910000,0,0.1,0.149,0.094,0.715,0,4801000,1.0,122008994,114394554,114394554,2.805,2255254000,0,0,0,19.715,
PSEC,MRY,2013-12-31,2013-06-30,2013-06-30,2018-05-09,-82926000,4448217000,3734388000,,,0.154,12.829,0,203236000,203236000,151031000,220856000,,0.674,1683002000,,,1683002000,0,0,0,0.109,1.177,297197000,297197000,0.516,297197000,297197000,220856000,1.07,1.07,1.07,2656494000,2355510750,2656494000,3996883138,13,13.449,-1786158000,-8.626,1.0,425305000,0.738,0,76341000,5927983000,4932769750,0,4172852000,,,1791723000,,,2627026138,82042000,0,1121648000,1018814000,-242301000,1868200000,0,0,-1786158000,0,220856000,220856000,220856000,0,0,0.383,24040000,401265000,50278000,1.1,0.989,11.895,10.093,0,0,10.8,4.558,3.88,0,82112000,576336000,576336000,0,0.059,0.094,0.06,0.516,0,6868000,1.0,243243161,207069971,207069971,2.783,4448217000,0,0,0,21.482,
PSEC,MRY,2014-12-31,2014-06-30,2014-06-30,2018-05-09,-117783000,6477269000,5701931000,,,0.125,10.567,0,134225000,134225000,198296000,319020000,,0.79,2773051000,,,2773051000,0,0,0,0.125,1.324,449123000,449123000,0.631,449123000,449123000,319020000,1.06,1.06,1.06,3618182000,3330103000,3618182000,6055032895,13,13.482,-1725231000,-5.039,1.0,513995000,0.722,0,130103000,9116095000,7837622750,0,6253739000,,,2859087000,,,3637998895,-69011000,0,973832000,689893000,-377070000,1656220000,0,0,-1725231000,0,319020000,319020000,319020000,0,0,0.448,26669000,487326000,2211000,1.249,1.005,11.404,10.024,0,0,10.625,5.107,5.107,0,-79012000,712291000,712291000,0,0.056,0.096,0.057,0.631,0,16496000,1.0,342399896,342399896,,2.08,6477269000,0,0,0,18.917,
PSEC,MRY,2015-12-31,2015-06-30,2015-06-30,2018-05-09,50182000,6798054000,6775670500,,,0.117,10.321,0,110026000,110026000,225277000,346339000,,0.836,2983736000,,,2983736000,0,0,0,0.162,1.191,516999000,516999000,0.654,516999000,516999000,346339000,0.98,0.98,0.98,3703049000,3688618250,3703049000,5564646446,10,10.763,45464000,0.127,1.0,565807000,0.715,0,170660000,9671764000,9562853500,0,6609558000,,,3095005000,,,2644307446,-24199000,0,146085000,206522000,-414833000,-69663000,0,0,45464000,0,346339000,346339000,346339000,0,0,0.438,32400000,533407000,33566000,1.215,0.714,7.635,7.52,0,0,7.37,3.343,3.343,0,-323164000,791084000,791084000,0,0.051,0.094,0.054,0.654,0,14918000,1.0,358793412,358793412,,2.205,6798054000,0,0,0,18.947,
PSEC,MRY,2016-12-31,2016-06-30,2016-06-30,2018-05-09,-193392000,6236181000,6345840000,,,0.125,9.64,0,317798000,317798000,219305000,103362000,,0.815,2666939000,,,2666939000,0,0,0,0.128,0.999,271081000,271081000,0.342,271081000,271081000,103362000,0.29,0.29,0.29,3435917000,3475945250,3435917000,5313908885,19,19.603,861869000,2.418,1.0,572668000,0.723,0,167719000,8585322000,8919497750,0,5897708000,,,2800264000,,,2787343885,207772000,0,-34140000,-276470000,-336637000,-654097000,0,0,861869000,0,103362000,103362000,103362000,0,0,0.131,33821000,538847000,56871000,3.445,0.811,26.967,26.966,0,0,7.82,3.519,3.519,0,-338445000,791973000,791973000,0,0.016,0.03,0.03,0.342,0,18879000,1.0,356437837,356437837,,2.222,6236181000,0,0,0,17.496,
PSEC,MRY,2017-12-31,2017-06-30,2017-06-30,2018-05-09,-143251000,6172789000,6190882750,,,0.113,9.321,0,318083000,318083000,199394000,252906000,,0.84,2642195000,,,2642195000,0,0,0,0.123,1.0,417754000,417754000,0.596,417754000,417754000,252906000,0.7,0.7,0.7,3354952000,3409331250,3354952000,5450831466,13,13.048,376201000,1.045,1.0,501652000,0.716,0,164848000,8496901000,8623370000,0,5838305000,,,2817837000,,,2922706466,285000,0,0,-32281000,-333623000,-375916000,0,0,376201000,0,252906000,252906000,252906000,0,0,0.361,30722000,470930000,100530000,1.429,0.871,11.556,11.6,0,0,8.12,4.169,4.169,14000,-493474000,701046000,701046000,0,0.041,0.074,0.048,0.596,0,18576000,1.0,359939220,359939220,,1.948,6172789000,0,0,0,17.15,
