ticker,dimension,calendardate,datekey,reportperiod,lastupdated,accoci,assets,assetsavg,assetsc,assetsnc,assetturnover,bvps,capex,cashneq,cashnequsd,cor,consolinc,currentratio,de,debt,debtc,debtnc,debtusd,deferredrev,depamor,deposits,divyield,dps,ebit,ebitda,ebitdamargin,ebitdausd,ebitusd,ebt,eps,epsdil,epsusd,equity,equityavg,equityusd,ev,evebit,evebitda,fcf,fcfps,fxusd,gp,grossmargin,intangibles,intexp,invcap,invcapavg,inventory,investments,investmentsc,investmentsnc,liabilities,liabilitiesc,liabilitiesnc,marketcap,ncf,ncfbus,ncfcommon,ncfdebt,ncfdiv,ncff,ncfi,ncfinv,ncfo,ncfx,netinc,netinccmn,netinccmnusd,netincdis,netincnci,netmargin,opex,opinc,payables,payoutratio,pb,pe,pe1,ppnenet,prefdivis,price,ps,ps1,receivables,retearn,revenue,revenueusd,rnd,roa,roe,roic,ros,sbcomp,sgna,sharefactor,sharesbas,shareswa,shareswadil,sps,tangibles,taxassets,taxexp,taxliabilities,tbvps,workingcapital
PTN,MRY,2011-12-31,2011-06-30,2011-06-30,2018-05-14,0,21172853,15179646,19262735,1910118,0.097,0.906,5300,19219639,19219639,0,-12815929,6.865,0.164,77109,34923,42186,77109,46105,1138183,0,0.0,0.0,-13442714,-12304531,-8.339,-12304531,-13442714,-13453320,-0.64,-0.64,-0.64,18191775,10866987,18191775,22309500,-1,-1.813,-11024934,-0.549,1.0,1475457,1.0,0,10606,-775714,1458383,0,0,0,0,2981078,2806037,175041,44672756,13464209,0,21095414,-22960,0,21046258,3448185,3442885,-11030234,0,-12815929,-12815929,-12815929,0,0,-8.686,15128843,-13653386,496908,0.0,2.456,-3.486,-2.0,1305331,0,1.28,30.277,17.423,131149,-221990107,1475457,1475457,10377019,-0.844,-1.179,-9.218,-9.111,756597,4751824,1.0,34900591,20084022,20084022,0.073,21172853,0,-637391,0,1.054,16456698
PTN,MRY,2012-12-31,2012-06-30,2012-06-30,2018-05-14,0,5380484,11917577,4736839,643645,0.006,0.052,479384,4177198,4177198,0,-17253178,1.37,1.939,42186,22277,19909,42186,0,949542,0,0.0,0.0,-18311000,-17361458,-235.454,-17361458,-18311000,-18321411,-0.49,-0.49,-0.49,1830898,9112891,1830898,8377540,0,-0.483,-15007518,-0.43,1.0,73736,1.0,0,10411,-2211528,-913720,0,0,0,0,3549586,3457000,92586,17450295,-15042441,0,0,-34923,0,-34923,479384,0,-15486902,0,-17253178,-17253178,-17253178,0,0,-233.986,18859117,-18785381,294894,0.0,9.531,-1.011,-1.02,318653,0,0.5,236.659,236.66,27631,-239243285,73736,73736,13813376,-1.448,-1.893,20.04,-248.332,892301,5045741,1.0,34900591,34900591,34900591,0.002,5380484,0,-1068233,0,0.154,1279839
PTN,MRY,2013-12-31,2013-06-30,2013-06-30,2018-05-14,0,25074099,30935758,24749553,324546,0.0,0.216,-54987,19167632,19167632,0,-20862174,12.012,0.091,19909,19909,0,19909,0,111844,0,0.0,0.0,-22606971,-22495127,-2171.135,-22495127,-22606971,-22615382,-0.21,-0.21,-0.21,22978277,28759567,22978277,636291,0,-0.028,-13704357,-0.14,1.0,10361,1.0,0,8411,3866014,1589330,0,5249654,5249654,0,2095822,2060362,35460,24147705,15340434,0,34402768,-22277,0,34293080,-5303276,-5248289,-13649370,0,-20862174,-20862174,-20862174,0,0,-2013.529,15595521,-15585160,338726,0.0,1.051,-1.157,-2.952,266415,0,0.62,2330.635,5841.342,0,-260105459,10361,10361,10528691,-0.674,-0.725,-14.224,-2181.929,625031,5066830,1.0,38947912,97618714,97618714,0.0,25074099,0,-1753208,0,0.236,22689191
PTN,MRY,2014-12-31,2014-06-30,2014-06-30,2018-05-14,0,12559054,17895708,12340998,218056,0.0,0.092,-6239,12184605,12184605,0,-13928294,4.455,0.283,0,0,0,0,1000000,111906,0,0.0,0.0,-15768729,-15656823,,-15656823,-15768729,-15774940,-0.13,-0.13,-0.13,9788816,14427221,9788816,22149678,-1,-1.415,-12213895,-0.114,1.0,0,,0,6211,-2395789,-1596318,0,0,0,0,2770238,2770238,0,38865147,-6983027,0,37500,-19909,0,-18786,5243415,5249654,-12207656,0,-13928294,-13928294,-13928294,0,0,,15787652,-15787652,261280,0.0,3.97,-2.79,-7.615,160748,0,0.99,,,0,-274033753,0,0,10826921,-0.778,-0.965,9.878,,821340,4960731,1.0,39257725,106679476,106679476,0.0,12559054,0,-1846646,0,0.118,9570760
PTN,MRY,2015-12-31,2015-06-30,2015-06-30,2018-05-14,0,29474452,33636316,29196015,278437,0.385,0.091,0,27299268,27299268,0,-17665563,3.969,1.415,9848706,25871,9822835,9848706,0,117590,0,0.0,0.0,-17535374,-17417784,-1.345,-17417784,-17535374,-18197071,-0.15,-0.15,-0.15,12204475,19915155,12204475,10621509,0,-0.61,-13358042,-0.11,1.0,12951730,1.0,0,661697,4668052,3551676,0,0,0,0,17269977,7355838,9914139,37519031,15114663,0,18810259,9778254,0,28472705,0,0,-13358042,0,-17665563,-17665563,-17665563,0,0,-1.364,30237887,-17286157,1106484,0.0,3.074,-2.124,-5.933,123158,0,0.89,2.897,8.316,0,-291699316,12951730,12951730,24560233,-0.525,-0.887,-4.937,-1.354,1167279,5677654,1.0,42156215,121014506,121014506,0.107,29474452,0,-531508,0,0.22,21840177
PTN,MRY,2016-12-31,2016-06-30,2016-06-30,2018-05-14,-1944,10858079,30212729,10697065,161014,0.0,-0.112,-17695,8002668,8002668,0,-51712936,0.77,-1.617,19523293,5402375,14120918,19523293,0,43052,0,0.0,0.0,-49199909,-49156857,,-49156857,-49199909,-51712936,-0.33,-0.33,-0.33,-17585967,1356787,-17585967,27939314,0,-0.568,-47381509,-0.303,1.0,0,,0,2513027,8494706,10607901,0,1380556,1380556,0,28444046,13883998,14560048,30032859,-19296600,0,19834278,9828013,0,29471931,-1404717,-1387022,-47363814,0,-51712936,-51712936,-51712936,0,0,,49250135,-49250135,713890,0.0,-1.708,-0.581,-1.338,97801,0,0.441,,,0,-343412252,0,0,43071051,-1.712,-38.114,-4.638,,1843365,6179084,1.0,68040008,156553534,156553534,0.0,10858079,0,0,0,0.069,-3186933
PTN,MRY,2017-12-31,2017-06-30,2017-06-30,2018-05-14,-590,56833273,35996439,56578204,255069,1.242,-0.026,-133403,40200324,40200324,0,-13331533,1.029,-12.004,14120919,7839259,6281660,14120919,35050572,33051,0,0.0,0.0,-10543224,-10510173,-0.235,-10510173,-10543224,-12831533,-0.07,-0.07,-0.07,-5164644,-15436701,-5164644,27263535,-2,-2.594,12748124,0.069,1.0,44723827,1.0,0,2288309,-24208428,-17876056,0,249837,249837,0,61997917,54962296,7035621,65704776,32197656,0,24021331,-5694090,0,18324533,991596,1124999,12881527,0,-13331533,-13331533,-13331533,0,0,-0.298,55293321,-10569494,1551367,0.0,-12.722,-4.929,-6.143,198153,0,0.43,1.469,1.77,15116822,-356748620,44723827,44723827,45683174,-0.37,0.864,0.59,-0.236,1757259,9610147,1.0,152801806,184087719,184087719,0.243,56833273,0,500000,0,0.289,1615908
