ticker,dimension,calendardate,datekey,reportperiod,lastupdated,accoci,assets,assetsavg,assetsc,assetsnc,assetturnover,bvps,capex,cashneq,cashnequsd,cor,consolinc,currentratio,de,debt,debtc,debtnc,debtusd,deferredrev,depamor,deposits,divyield,dps,ebit,ebitda,ebitdamargin,ebitdausd,ebitusd,ebt,eps,epsdil,epsusd,equity,equityavg,equityusd,ev,evebit,evebitda,fcf,fcfps,fxusd,gp,grossmargin,intangibles,intexp,invcap,invcapavg,inventory,investments,investmentsc,investmentsnc,liabilities,liabilitiesc,liabilitiesnc,marketcap,ncf,ncfbus,ncfcommon,ncfdebt,ncfdiv,ncff,ncfi,ncfinv,ncfo,ncfx,netinc,netinccmn,netinccmnusd,netincdis,netincnci,netmargin,opex,opinc,payables,payoutratio,pb,pe,pe1,ppnenet,prefdivis,price,ps,ps1,receivables,retearn,revenue,revenueusd,rnd,roa,roe,roic,ros,sbcomp,sgna,sharefactor,sharesbas,shareswa,shareswadil,sps,tangibles,taxassets,taxexp,taxliabilities,tbvps,workingcapital
PTSI,MRY,2011-12-31,2011-12-31,2011-12-31,2018-04-30,4705000,279093000,263208500,83565000,195528000,1.365,15.626,-60329000,180000,180000,30126000,-2857000,1.571,1.03,61573000,17438000,44135000,61573000,0,34163000,0,0.0,0.0,-3792000,30371000,0.085,30371000,-3792000,-5590000,-0.32,-0.32,-0.32,137477000,140625000,137477000,112498766,-29,3.704,-25434000,-2.809,1.0,329117000,0.916,0,1798000,287298000,240920750,1658000,20264000,20264000,0,141616000,53188000,88428000,84726766,-13594000,0,-8093000,20962000,0,12885000,-61374000,-1005000,34895000,0,-2857000,-2857000,-2857000,0,0,-0.008,334460000,-5343000,23803000,0.0,0.616,-29.656,-29.688,193130000,0,9.5,0.236,0.239,50237000,91861000,359243000,359243000,0,-0.011,-0.02,-0.016,-0.011,149000,281100000,1.0,8918607,9056000,9056000,39.669,279093000,233000,-2733000,46570000,31.722,30377000
PTSI,MRY,2012-12-31,2012-12-31,2012-12-31,2018-04-30,4235000,317669000,305176000,84800000,232869000,1.247,14.045,-76856000,507000,507000,54011000,2179000,1.169,1.6,107501000,28918000,78583000,107501000,0,38298000,0,0.196,2.0,6191000,44489000,0.117,44489000,6191000,3595000,0.25,0.25,0.25,122195000,128661000,122195000,174360439,28,3.919,-43231000,-4.969,1.0,326622000,0.858,0,2596000,352140000,320336250,1770000,17320000,17320000,0,195474000,72523000,122951000,89017439,327000,0,54000,56639000,-17403000,39296000,-72594000,4477000,33625000,0,2179000,2179000,2179000,0,0,0.006,323719000,2903000,19025000,8.0,0.728,40.852,40.92,230439000,0,10.23,0.234,0.234,53575000,76637000,380633000,380633000,0,0.007,0.017,0.019,0.016,346000,264258000,1.0,8701607,8700000,8702000,43.751,317669000,354000,1416000,47640000,36.514,12277000
PTSI,MRY,2013-12-31,2013-12-31,2013-12-31,2018-04-30,6160000,329302000,334162750,92640000,236662000,1.205,13.409,-44216000,1172000,1172000,85226000,5915000,0.994,1.84,110469000,40103000,70366000,110469000,0,39088000,0,0.0,0.0,13046000,52134000,0.129,52134000,13046000,9671000,0.68,0.68,0.68,115946000,122974750,115946000,286029651,21,5.486,-1046000,-0.121,1.0,317587000,0.788,0,3375000,345373000,362384250,1498000,20975000,20975000,0,213356000,93226000,120130000,179291651,665000,0,-462000,2274000,0,1812000,-44317000,19000,43170000,0,5915000,5915000,5915000,0,0,0.015,306081000,11506000,27970000,0.0,1.546,30.311,30.471,234225000,0,20.72,0.445,0.446,62144000,82552000,402813000,402813000,0,0.018,0.048,0.036,0.032,317000,244305000,1.0,8653072,8662000,8682000,46.503,329302000,230000,3756000,52415000,38.083,-586000
PTSI,MRY,2014-12-31,2014-12-31,2014-12-31,2018-04-30,6402000,324605000,316783500,128919000,195686000,1.297,12.514,10314000,27649000,27649000,90831000,13491000,1.12,2.247,95201000,42908000,52293000,95201000,0,36296000,0,0.0,0.0,25109000,61405000,0.149,61405000,25109000,22212000,1.69,1.68,1.69,99985000,116922000,99985000,492680531,19,8.023,65567000,8.206,1.0,320106000,0.779,0,2897000,277086000,316667250,1306000,24895000,24895000,0,224620000,115071000,109549000,414340531,26477000,0,-15165000,-13562000,0,-28727000,-49000,-2490000,55253000,0,13491000,13491000,13491000,0,0,0.033,297096000,23010000,41695000,0.0,4.144,30.712,30.675,193247000,0,51.84,1.008,1.008,64452000,96043000,410937000,410937000,0,0.043,0.115,0.079,0.061,270000,235246000,1.0,7992680,7990000,8034000,51.431,324605000,507000,8721000,60076000,40.626,13848000
PTSI,MRY,2015-12-31,2015-12-31,2015-12-31,2018-04-30,5310000,357995000,339717500,92701000,265294000,1.228,14.275,-92248000,157000,157000,134188000,21436000,1.092,2.525,139248000,40025000,99223000,139248000,0,32346000,0,0.0,0.0,37746000,70092000,0.168,70092000,37746000,34928000,2.94,2.93,2.94,101554000,104566250,101554000,313812255,8,4.477,-30723000,-4.216,1.0,282862000,0.678,0,2818000,412177000,349639000,1890000,24575000,24575000,0,256441000,84909000,171532000,196296255,-27492000,0,-47785000,44273000,0,-3512000,-85505000,-1269000,61525000,0,21436000,21436000,21436000,0,0,0.051,246632000,36230000,17791000,0.0,1.933,9.157,9.384,262852000,0,27.59,0.471,0.482,55162000,117479000,417050000,417050000,0,0.063,0.205,0.108,0.091,267000,195821000,1.0,7114761,7288000,7325000,57.224,357995000,2865000,13492000,72309000,50.323,7792000
PTSI,MRY,2016-12-31,2016-12-31,2016-12-31,2018-04-30,7476000,380066000,378030250,100298000,279768000,1.145,14.714,-53872000,137000,137000,158298000,11101000,1.235,3.036,167197000,42806000,124391000,167197000,0,39114000,0,0.0,0.0,21413000,60527000,0.14,60527000,21413000,17772000,1.68,1.67,1.68,94158000,95575250,94158000,321629429,15,5.314,-6470000,-0.976,1.0,274554000,0.634,0,3641000,465902000,442410250,1900000,27621000,27621000,0,285908000,81224000,204684000,166501429,-20000,0,-20965000,26358000,0,5393000,-52815000,740000,47402000,0,11101000,11101000,11101000,0,0,0.026,254626000,19928000,16088000,0.0,1.768,14.999,15.464,277376000,0,25.98,0.385,0.398,61125000,128580000,432852000,432852000,0,0.029,0.116,0.048,0.049,302000,195228000,1.0,6408831,6627000,6649000,65.316,380066000,738000,6671000,80293000,59.395,19074000
PTSI,MRY,2017-12-31,2017-12-31,2017-12-31,2018-04-30,7444000,392185000,376974000,102242000,289943000,1.161,20.515,-48908000,224000,224000,174477000,38899000,0.922,2.073,172636000,73641000,98995000,172636000,0,42274000,0,0.0,0.0,18533000,60807000,0.139,60807000,18533000,14631000,6.14,6.08,6.14,127604000,104504750,127604000,364961495,19,6.002,1568000,0.248,1.0,263361000,0.602,0,3902000,453702000,436430000,1660000,26664000,26664000,0,264581000,110895000,153686000,217013495,87000,0,-6225000,984000,0,-5241000,-45148000,3622000,50476000,0,38899000,38899000,38899000,0,0,0.089,250681000,12680000,19645000,0.0,1.701,5.579,5.607,286944000,0,34.43,0.496,0.498,62083000,167669000,437838000,437838000,0,0.103,0.372,0.042,0.042,614000,181732000,1.0,6303035,6331000,6398000,69.158,392185000,1499000,-24268000,54691000,63.052,-8653000
