ticker,dimension,calendardate,datekey,reportperiod,lastupdated,accoci,assets,assetsavg,assetsc,assetsnc,assetturnover,bvps,capex,cashneq,cashnequsd,cor,consolinc,currentratio,de,debt,debtc,debtnc,debtusd,deferredrev,depamor,deposits,divyield,dps,ebit,ebitda,ebitdamargin,ebitdausd,ebitusd,ebt,eps,epsdil,epsusd,equity,equityavg,equityusd,ev,evebit,evebitda,fcf,fcfps,fxusd,gp,grossmargin,intangibles,intexp,invcap,invcapavg,inventory,investments,investmentsc,investmentsnc,liabilities,liabilitiesc,liabilitiesnc,marketcap,ncf,ncfbus,ncfcommon,ncfdebt,ncfdiv,ncff,ncfi,ncfinv,ncfo,ncfx,netinc,netinccmn,netinccmnusd,netincdis,netincnci,netmargin,opex,opinc,payables,payoutratio,pb,pe,pe1,ppnenet,prefdivis,price,ps,ps1,receivables,retearn,revenue,revenueusd,rnd,roa,roe,roic,ros,sbcomp,sgna,sharefactor,sharesbas,shareswa,shareswadil,sps,tangibles,taxassets,taxexp,taxliabilities,tbvps,workingcapital
PZG,MRY,2014-12-31,2014-06-30,2014-06-30,2018-05-11,60149,32242852,,1242779,31000073,,1.92,0,452436,452436,0,-5034744,0.081,1.072,0,0,0,0,0,0,0,0.0,0.0,-2582276,-2582276,-33.235,-2582276,-2582276,-5034744,0.62,0.62,0.62,15558333,,15558333,,,,-2046058,-0.253,1.0,77697,1.0,0,2452468,16396963,,0,560099,560099,0,16684519,15393453,1291066,,377144,0,0,2473152,0,2473152,-49950,-49950,-2046058,0,-5034744,-5034744,-5034744,0,0,-64.8,2663377,-2585680,15393453,0.0,,,1.548,28373535,0,0.96,,100.098,0,-20749005,77697,77697,1532263,,,,-33.235,248450,348452,,,8101371,8101371,0.01,32242852,0,0,0,3.98,-14150674
PZG,MRY,2015-12-31,2015-06-30,2015-06-30,2018-05-11,-55193,40150026,36196439,9581981,30568045,0.004,4.576,-1329,9282534,9282534,0,-5231207,41.089,0.04,0,0,0,0,0,1333,0,0.0,0.0,-2978680,-2977347,-21.822,-2977347,-2978680,-5231207,0.64,0.64,0.64,38622329,27090331,38622329,,,,-2042908,-0.25,1.0,136437,1.0,0,2252527,30634292,23515627,0,14657,14657,0,1527697,233200,1294497,13033750,8830098,0,1470000,495071,0,10410931,460746,462075,-2041579,0,-5231207,-5231207,-5231207,0,0,-38.342,3151287,-3014850,233200,0.0,0.337,-2.492,2.391,28044131,0,1.53,95.529,91.798,37071,-25980212,136437,136437,910215,-0.145,-0.193,-0.127,-21.832,375788,707771,1.0,8518791,8185999,8185999,0.017,40150026,0,0,0,4.757,9348781
PZG,MRY,2016-12-31,2016-06-30,2016-06-30,2018-05-11,0,35484027,37915522,7444342,28039685,0.004,3.98,-10806,5874258,5874258,0,-5342172,13.296,0.047,0,0,0,0,0,3906,0,0.0,0.0,-5341956,-5338050,-32.018,-5338050,-5341956,-5342172,0.63,0.63,0.63,33906187,36414791,33906187,6985020,-1,-1.309,-2608276,-0.306,1.0,166720,1.0,0,216,29049869,30350448,0,808187,808187,0,1577840,559900,1017940,14056005,-3408276,0,0,0,0,0,-810806,-800000,-2597470,0,-5342172,-5342172,-5342172,0,0,-32.043,5456304,-5289584,175801,0.0,0.415,-2.631,2.619,25689554,0,1.65,84.309,84.309,0,-31322384,166720,166720,695221,-0.141,-0.147,-0.176,-32.041,570837,1330581,1.0,8518791,8518791,8518791,0.02,35484027,0,0,0,4.165,6884442
PZG,MRY,2017-12-31,2017-06-30,2017-06-30,2018-05-11,0,50700189,52045891,2140582,48559607,0.005,2.732,-2527,1911170,1911170,0,-4339602,1.965,0.044,0,0,0,0,0,4764,0,0.0,0.0,-7552616,-7547852,-26.892,-7547852,-7552616,-7555020,0.27,0.27,0.27,48566028,50149512,48566028,22915789,-3,-3.036,-6518984,-0.399,1.0,280671,1.0,0,2404,47699791,48233173,0,0,0,0,2134161,1089228,1044933,27381129,-3963088,-1002601,3558497,0,0,3558497,-1005128,0,-6516457,0,-4339602,-4339602,-4339602,0,0,-15.462,7992647,-7711976,873127,0.0,0.564,-6.31,5.704,46473045,0,1.54,97.556,89.607,15804,-35661986,280671,280671,5373699,-0.083,-0.087,-0.157,-26.909,243421,1497380,1.0,17779954,16331165,16331165,0.017,50700189,0,-3215418,0,2.852,1051354
