ticker,dimension,calendardate,datekey,reportperiod,lastupdated,accoci,assets,assetsavg,assetsc,assetsnc,assetturnover,bvps,capex,cashneq,cashnequsd,cor,consolinc,currentratio,de,debt,debtc,debtnc,debtusd,deferredrev,depamor,deposits,divyield,dps,ebit,ebitda,ebitdamargin,ebitdausd,ebitusd,ebt,eps,epsdil,epsusd,equity,equityavg,equityusd,ev,evebit,evebitda,fcf,fcfps,fxusd,gp,grossmargin,intangibles,intexp,invcap,invcapavg,inventory,investments,investmentsc,investmentsnc,liabilities,liabilitiesc,liabilitiesnc,marketcap,ncf,ncfbus,ncfcommon,ncfdebt,ncfdiv,ncff,ncfi,ncfinv,ncfo,ncfx,netinc,netinccmn,netinccmnusd,netincdis,netincnci,netmargin,opex,opinc,payables,payoutratio,pb,pe,pe1,ppnenet,prefdivis,price,ps,ps1,receivables,retearn,revenue,revenueusd,rnd,roa,roe,roic,ros,sbcomp,sgna,sharefactor,sharesbas,shareswa,shareswadil,sps,tangibles,taxassets,taxexp,taxliabilities,tbvps,workingcapital
QCOM,MRY,2011-12-31,2011-09-25,2011-09-25,2018-04-25,353000000,36422000000,34159250000,14293000000,22129000000,0.438,16.023,-593000000,5462000000,5462000000,4877000000,4242000000,2.702,0.351,994000000,994000000,0,994000000,4151000000,1061000000,0,0.016,0.81,5392000000,6453000000,0.431,6453000000,5392000000,5392000000,2.57,2.52,2.57,26951000000,25231250000,26951000000,79820090201,14,12.369,4307000000,2.598,1.0,10080000000,0.674,6531000000,0,20134000000,19907000000,765000000,15451000000,6190000000,9261000000,9450000000,5289000000,4161000000,84474090201,1915000000,-3624000000,2505000000,0,-1346000000,1518000000,-4489000000,-287000000,4900000000,-14000000,4260000000,4260000000,4260000000,313000000,-18000000,0.285,5054000000,5026000000,969000000,0.315,3.134,19.83,19.568,2414000000,0,50.29,5.648,5.575,993000000,16204000000,14957000000,14957000000,2995000000,0.125,0.169,0.271,0.361,641000000,1945000000,1.0,1679739316,1658000000,1691000000,9.021,29891000000,2240000000,1132000000,0,17.771,9004000000
QCOM,MRY,2012-12-31,2012-09-30,2012-09-30,2018-04-25,866000000,43012000000,41148500000,15645000000,27367000000,0.465,19.685,-1284000000,3807000000,3807000000,7096000000,6059000000,2.951,0.282,0,0,0,0,4284000000,897000000,0,0.015,0.93,7388000000,8285000000,0.433,8285000000,7388000000,7388000000,3.59,3.51,3.59,33523000000,31617500000,33523000000,103964214466,14,12.548,4714000000,2.773,1.0,12025000000,0.629,6855000000,0,27048000000,25122250000,1030000000,23030000000,8567000000,14463000000,9467000000,5302000000,4165000000,106408214466,-1655000000,-833000000,401000000,119000000,-1583000000,-757000000,-6877000000,-6602000000,5998000000,-19000000,6109000000,6109000000,6109000000,-776000000,-50000000,0.319,6343000000,5682000000,1298000000,0.259,3.174,17.418,17.401,2851000000,0,62.47,5.565,5.554,1459000000,20701000000,19121000000,19121000000,3915000000,0.148,0.193,0.294,0.386,867000000,2270000000,1.0,1703349039,1700000000,1741000000,11.248,36157000000,1721000000,1279000000,0,21.231,10343000000
QCOM,MRY,2013-12-31,2013-09-29,2013-09-29,2018-04-25,753000000,45516000000,46191250000,19555000000,25961000000,0.538,21.228,-1044000000,6142000000,6142000000,9820000000,6845000000,3.751,0.261,0,0,0,0,4167000000,1017000000,0,0.018,1.2,8225000000,9242000000,0.372,9242000000,8225000000,8202000000,3.99,3.91,3.99,36088000000,36652750000,36088000000,113052392358,13,12.232,7734000000,4.51,1.0,15046000000,0.605,6529000000,23000000,27632000000,30129000000,1302000000,23264000000,8824000000,14440000000,9429000000,5213000000,4216000000,115585392358,2335000000,-192000000,-3085000000,95000000,-2055000000,-4845000000,-1578000000,-402000000,8778000000,-5000000,6853000000,6853000000,6853000000,0,-8000000,0.276,7816000000,7230000000,1554000000,0.301,3.203,16.866,16.887,2995000000,0,67.38,4.648,4.647,2142000000,25461000000,24866000000,24866000000,4967000000,0.148,0.187,0.273,0.331,874000000,2518000000,1.0,1715425829,1715000000,1754000000,14.499,38987000000,1632000000,1349000000,0,22.934,14342000000
QCOM,MRY,2014-12-31,2014-09-28,2014-09-28,2018-04-25,634000000,48574000000,47771500000,22413000000,26161000000,0.554,23.398,-1148000000,7907000000,7907000000,10686000000,7964000000,3.727,0.24,0,0,0,0,3752000000,1150000000,0,0.021,1.54,9216000000,10366000000,0.391,10366000000,9216000000,9211000000,4.73,4.65,4.73,39169000000,38309750000,39169000000,117858329239,12,11.37,7739000000,4.598,1.0,15801000000,0.597,7068000000,5000000,27586000000,27468000000,1458000000,24115000000,9658000000,14457000000,9408000000,6013000000,3395000000,125802329239,1765000000,-107000000,-3110000000,0,-2586000000,-5480000000,-1639000000,-465000000,8887000000,-3000000,7967000000,7967000000,7967000000,-430000000,-3000000,0.301,8251000000,7550000000,2183000000,0.326,3.212,15.79,15.869,2487000000,0,75.06,4.75,4.769,2412000000,30799000000,26487000000,26487000000,5477000000,0.167,0.208,0.336,0.348,779000000,2290000000,1.0,1676023571,1683000000,1714000000,15.738,41506000000,1751000000,1244000000,0,24.795,16400000000
QCOM,MRY,2015-12-31,2015-09-27,2015-09-27,2018-04-25,195000000,50796000000,49677750000,22099000000,28697000000,0.509,20.168,-728000000,7560000000,7560000000,10378000000,5268000000,3.623,0.617,10969000000,1000000000,9969000000,10969000000,3079000000,1214000000,0,0.034,1.8,6594000000,7808000000,0.309,7808000000,6594000000,6490000000,3.26,3.22,3.26,31421000000,35321250000,31421000000,84545380445,12,10.828,4778000000,2.953,1.0,14903000000,0.589,9221000000,104000000,38884000000,34475750000,1492000000,23387000000,9761000000,13626000000,19382000000,6100000000,13282000000,83619380445,-347000000,-3019000000,-10459000000,10937000000,-2880000000,-2261000000,-3572000000,178000000,5506000000,-20000000,5271000000,5271000000,5271000000,0,-3000000,0.208,9127000000,5776000000,1300000000,0.552,2.661,15.864,16.325,2534000000,0,53.22,3.308,3.406,1964000000,31226000000,25281000000,25281000000,5490000000,0.106,0.149,0.191,0.261,923000000,2344000000,1.0,1571202188,1618000000,1639000000,15.625,41575000000,2088000000,1219000000,0,26.685,15999000000
QCOM,MRY,2016-12-31,2016-09-25,2016-09-25,2018-04-25,428000000,52359000000,50858500000,22981000000,29378000000,0.463,21.544,-523000000,5946000000,5946000000,9749000000,5702000000,3.143,0.648,11757000000,1749000000,10008000000,11757000000,2886000000,1428000000,0,0.032,2.02,7133000000,8561000000,0.363,8561000000,7133000000,6836000000,3.84,3.81,3.84,31778000000,30577750000,31778000000,98359436158,13,11.489,6877000000,4.634,1.0,13805000000,0.586,9179000000,297000000,41680000000,39964750000,1556000000,26404000000,12702000000,13702000000,20591000000,7311000000,13280000000,92471436158,-1614000000,-812000000,-3255000000,749000000,-2990000000,-5522000000,-3488000000,-2577000000,7400000000,-4000000,5705000000,5705000000,5705000000,0,-3000000,0.242,7310000000,6495000000,1858000000,0.526,2.91,16.209,16.341,2306000000,0,62.75,3.926,3.954,2219000000,30936000000,23554000000,23554000000,5151000000,0.112,0.187,0.178,0.303,935000000,2385000000,1.0,1473648385,1484000000,1498000000,15.872,43180000000,2030000000,1131000000,0,29.275,15670000000
QCOM,MRY,2017-12-31,2017-09-24,2017-09-24,2018-04-25,384000000,65486000000,59577500000,43593000000,21893000000,0.374,20.859,-662000000,35029000000,35029000000,9792000000,2465000000,3.997,1.13,21893000000,2495000000,19398000000,21893000000,2505000000,1461000000,0,0.042,2.2,3515000000,4976000000,0.223,4976000000,3515000000,3021000000,1.67,1.65,1.67,30746000000,31149750000,30746000000,83877319403,23,16.856,4031000000,2.729,1.0,12499000000,0.561,10360000000,494000000,31083000000,40799500000,2035000000,3549000000,2279000000,1270000000,34740000000,10907000000,23833000000,76888319403,29083000000,-1544000000,-845000000,10202000000,-3252000000,5879000000,18463000000,22649000000,4693000000,48000000,2466000000,2466000000,2466000000,0,-1000000,0.111,9885000000,2614000000,1971000000,1.317,2.501,31.179,31.192,3216000000,0,52.09,3.449,3.451,3632000000,30088000000,22291000000,22291000000,5485000000,0.041,0.079,0.086,0.158,874000000,2658000000,1.0,1476066796,1477000000,1490000000,15.092,55126000000,2900000000,555000000,0,37.399,32686000000
