ticker,dimension,calendardate,datekey,reportperiod,lastupdated,accoci,assets,assetsavg,assetsc,assetsnc,assetturnover,bvps,capex,cashneq,cashnequsd,cor,consolinc,currentratio,de,debt,debtc,debtnc,debtusd,deferredrev,depamor,deposits,divyield,dps,ebit,ebitda,ebitdamargin,ebitdausd,ebitusd,ebt,eps,epsdil,epsusd,equity,equityavg,equityusd,ev,evebit,evebitda,fcf,fcfps,fxusd,gp,grossmargin,intangibles,intexp,invcap,invcapavg,inventory,investments,investmentsc,investmentsnc,liabilities,liabilitiesc,liabilitiesnc,marketcap,ncf,ncfbus,ncfcommon,ncfdebt,ncfdiv,ncff,ncfi,ncfinv,ncfo,ncfx,netinc,netinccmn,netinccmnusd,netincdis,netincnci,netmargin,opex,opinc,payables,payoutratio,pb,pe,pe1,ppnenet,prefdivis,price,ps,ps1,receivables,retearn,revenue,revenueusd,rnd,roa,roe,roic,ros,sbcomp,sgna,sharefactor,sharesbas,shareswa,shareswadil,sps,tangibles,taxassets,taxexp,taxliabilities,tbvps,workingcapital
QLGC,MRY,2011-12-31,2011-04-03,2011-04-03,2017-06-05,614000,757207000,725641000,519648000,237559000,0.769,5.719,-23260000,147780000,147780000,176959000,139090000,6.311,0.26,0,0,0,0,10431000,34400000,0,0.0,0.0,150642000,185042000,0.331,185042000,150642000,150642000,1.29,1.27,1.29,601164000,572630750,601164000,1807590400,11,9.769,167297000,1.554,1.0,381416000,0.683,132442000,0,394647000,355076750,26931000,236296000,236296000,0,156043000,82338000,73705000,1913882400,-42528000,0,-153130000,0,0,-158236000,-74849000,-51589000,190557000,0,139090000,139090000,139090000,2256000,0,0.249,233705000,147711000,34816000,0.0,3.184,13.76,14.078,77134000,0,18.16,3.428,3.501,70134000,1387765000,558375000,558375000,125219000,0.192,0.243,0.424,0.27,35007000,108113000,1.0,105390000,107647000,109192000,5.187,624765000,43087000,11552000,68577000,5.944,437310000
QLGC,MRY,2012-12-31,2012-04-01,2012-04-01,2017-06-05,1033000,913418000,811986500,686889000,226529000,0.688,7.677,-32731000,164516000,164516000,177704000,229436000,8.457,0.202,0,0,0,0,6504000,31641000,0,0.0,0.0,243419000,275060000,0.492,275060000,243419000,243419000,2.25,2.23,2.25,759843000,657662250,759843000,1678163440,6,6.101,133432000,1.311,1.0,380904000,0.682,116253000,0,551432000,501347250,19724000,373439000,373439000,0,153575000,81217000,72358000,1752361440,16736000,124969000,-96909000,0,0,-101674000,-47753000,-139991000,166163000,0,229436000,229436000,229436000,-109993000,0,0.411,251437000,129467000,34198000,0.0,2.306,7.638,7.893,78010000,0,17.76,3.137,3.235,76588000,1617201000,558608000,558608000,138768000,0.283,0.349,0.486,0.436,32592000,112669000,1.0,98669000,101766000,102711000,5.489,797165000,47338000,13983000,67652000,8.054,605672000
QLGC,MRY,2013-12-31,2013-03-31,2013-03-31,2017-06-05,1887000,825163000,857450250,579218000,245945000,0.565,8.097,-46765000,95532000,95532000,159180000,73136000,7.827,0.124,0,0,0,0,4676000,28630000,0,0.0,0.0,61432000,90062000,0.186,90062000,61432000,61432000,0.78,0.78,0.78,734277000,721739000,734277000,954595600,15,10.599,50400000,0.539,1.0,325358000,0.671,115030000,0,540594000,561363750,20160000,359974000,359974000,0,90886000,74007000,16879000,1054451600,-68984000,0,-123176000,0,0,-129710000,-36439000,10326000,97165000,0,73136000,73136000,73136000,425000,0,0.151,267508000,57850000,29668000,0.0,1.436,14.418,14.872,96336000,0,11.6,2.176,2.24,66135000,1690337000,484538000,484538000,156097000,0.085,0.101,0.109,0.127,30363000,111411000,1.0,90901000,93560000,93998000,5.179,710133000,45028000,-11704000,15331000,7.831,505211000
QLGC,MRY,2014-12-31,2014-03-30,2014-03-30,2017-06-05,435000,798263000,803060500,392960000,405303000,0.574,7.969,-27550000,91258000,91258000,150800000,-18266000,4.995,0.151,0,0,0,0,3954000,32523000,0,0.0,0.0,-8960000,23563000,0.051,23563000,-8960000,-8960000,-0.21,-0.21,-0.21,693426000,711330750,693426000,977082440,-109,41.467,29241000,0.334,1.0,310107000,0.673,262395000,0,365939000,487630750,18036000,186783000,186783000,0,104837000,78671000,26166000,1086080440,-4274000,-157352000,-39074000,0,0,-44058000,-17007000,167895000,56791000,0,-18266000,-18266000,-18266000,0,0,-0.04,322327000,-12220000,30657000,0.0,1.566,-59.459,-59.476,86527000,0,12.49,2.356,2.374,65213000,1672071000,460907000,460907000,147010000,-0.023,-0.026,-0.018,-0.019,22638000,100464000,1.0,86956000,87612000,87612000,5.261,535868000,47907000,9306000,18076000,6.158,314289000
QLGC,MRY,2015-12-31,2015-03-29,2015-03-29,2017-06-05,-99000,848655000,821350500,455631000,393024000,0.633,8.557,-26118000,115241000,115241000,214146000,50593000,5.887,0.136,0,0,0,0,0,47119000,0,0.0,0.0,55193000,102312000,0.197,102312000,55193000,55193000,0.58,0.57,0.58,747016000,726956000,747016000,1156596910,20,11.305,56378000,0.644,1.0,306052000,0.588,244891000,0,411121000,408701750,29978000,201174000,201174000,0,101639000,77402000,24237000,1252104910,23983000,0,-11423000,0,0,-16091000,-42422000,-16304000,82496000,0,50593000,50593000,50593000,0,0,0.097,251622000,54430000,40497000,0.0,1.676,24.749,24.716,78501000,0,14.335,2.407,2.414,87436000,1722664000,520198000,520198000,144260000,0.062,0.07,0.135,0.106,20545000,96842000,1.0,87346000,87584000,88463000,5.939,603764000,48880000,4600000,17227000,6.916,378229000
QLGC,MRY,2016-12-31,2016-04-03,2016-04-03,2017-06-05,-334000,823868000,818777750,463406000,360462000,0.56,9.033,-26761000,125408000,125408000,187464000,46466000,7.587,0.102,0,0,0,0,0,39463000,0,0.0,0.0,50726000,90189000,0.197,90189000,50726000,50726000,0.55,0.54,0.55,747378000,735821250,747378000,1025472200,20,11.37,94760000,1.113,1.0,271449000,0.592,230230000,0,407154000,418614500,39745000,229439000,229439000,0,76490000,61076000,15414000,1112541200,10167000,7553000,-57247000,0,0,-62429000,-48925000,-29717000,121521000,0,46466000,46466000,46466000,0,0,0.101,222652000,48797000,29576000,0.0,1.489,23.943,24.418,71738000,0,13.43,2.424,2.491,55546000,1769130000,458913000,458913000,128774000,0.057,0.063,0.121,0.111,16628000,82072000,1.0,82840000,85122000,86110000,5.391,593638000,41003000,4260000,10465000,7.175,402330000
