ticker,dimension,calendardate,datekey,reportperiod,lastupdated,accoci,assets,assetsavg,assetsc,assetsnc,assetturnover,bvps,capex,cashneq,cashnequsd,cor,consolinc,currentratio,de,debt,debtc,debtnc,debtusd,deferredrev,depamor,deposits,divyield,dps,ebit,ebitda,ebitdamargin,ebitdausd,ebitusd,ebt,eps,epsdil,epsusd,equity,equityavg,equityusd,ev,evebit,evebitda,fcf,fcfps,fxusd,gp,grossmargin,intangibles,intexp,invcap,invcapavg,inventory,investments,investmentsc,investmentsnc,liabilities,liabilitiesc,liabilitiesnc,marketcap,ncf,ncfbus,ncfcommon,ncfdebt,ncfdiv,ncff,ncfi,ncfinv,ncfo,ncfx,netinc,netinccmn,netinccmnusd,netincdis,netincnci,netmargin,opex,opinc,payables,payoutratio,pb,pe,pe1,ppnenet,prefdivis,price,ps,ps1,receivables,retearn,revenue,revenueusd,rnd,roa,roe,roic,ros,sbcomp,sgna,sharefactor,sharesbas,shareswa,shareswadil,sps,tangibles,taxassets,taxexp,taxliabilities,tbvps,workingcapital
RAVN,MRY,2011-12-31,2012-01-31,2012-01-31,2018-03-23,-1962000,245703000,221100750,147559000,98144000,1.726,4.988,-29015000,25842000,25842000,265319000,50635000,3.63,0.361,0,0,0,0,0,9268000,1491000,0.011,0.36,75632000,84900000,0.223,84900000,75632000,75632000,1.4,1.39,1.4,180590000,167978000,180590000,1130543159,14,13.316,14816000,0.409,1.0,116192000,0.305,31686000,0,147529000,126847000,54756000,0,0,0,65113000,40646000,24467000,1174766159,-11721000,-11787000,0,-2869000,-13025000,-15234000,-40313000,1000000,43831000,-5000,50569000,50569000,50569000,0,66000,0.133,40551000,75641000,16162000,0.257,6.505,23.231,23.175,61894000,0,32.445,3.079,3.079,60759000,193650000,381511000,381511000,9724000,0.229,0.301,0.596,0.198,1922000,30827000,1.0,36207926,36207926,,10.537,214017000,3299000,25063000,0,5.911,106913000
RAVN,MRY,2012-12-31,2013-01-31,2013-01-31,2018-03-23,-2095000,273210000,267889500,156748000,116462000,1.516,6.097,-29675000,49353000,49353000,278502000,52555000,4.741,0.234,0,0,0,0,0,13098000,1431000,0.016,0.42,77636000,90734000,0.223,90734000,77636000,77636000,1.45,1.44,1.45,221447000,209212500,221447000,930022395,11,10.25,46781000,1.288,1.0,127673000,0.314,30955000,0,159841000,150763750,46189000,0,0,0,51763000,33061000,18702000,978109395,23511000,0,604000,0,-15244000,-23007000,-29930000,0,76456000,-8000,52545000,52545000,52545000,0,10000,0.129,49981000,77692000,14438000,0.29,4.417,18.615,18.572,81238000,0,26.93,2.408,2.408,56303000,205695000,406175000,406175000,13367000,0.196,0.251,0.515,0.191,3075000,36614000,1.0,36320438,36320438,,11.183,242255000,3107000,25091000,0,6.67,123687000
RAVN,MRY,2013-12-31,2014-01-31,2014-01-31,2018-03-23,-2179000,301819000,295130750,169405000,132414000,1.337,6.907,-30701000,52987000,52987000,275323000,42902000,5.681,0.2,0,0,0,0,0,14195000,1247000,0.013,0.48,63624000,77819000,0.197,77819000,63624000,63624000,1.18,1.17,1.18,251462000,241749500,251462000,1314815122,20,16.896,22135000,0.608,1.0,119354000,0.302,30430000,0,188583000,178208750,54865000,250000,250000,0,50357000,29819000,20538000,1363463122,3634000,0,464000,0,-17465000,-17354000,-31615000,-250000,52836000,-233000,42903000,42903000,42903000,0,-1000,0.109,55360000,63994000,12324000,0.407,5.422,31.78,31.737,98076000,0,37.45,3.455,3.455,54643000,231029000,394677000,394677000,16576000,0.145,0.177,0.357,0.161,4198000,38784000,1.0,36407560,36407560,,10.841,271389000,3372000,20721000,0,7.454,139586000
RAVN,MRY,2014-12-31,2015-01-31,2015-01-31,2018-03-23,-5849000,362873000,326072000,170979000,191894000,1.16,8.023,-17041000,51949000,51949000,274907000,31796000,5.369,0.189,0,0,0,0,0,17369000,1111000,0.023,0.5,43438000,60807000,0.161,60807000,43438000,43438000,0.86,0.86,0.86,305237000,273929250,305237000,749315308,17,12.323,43042000,1.131,1.0,103246000,0.273,70638000,0,208443000,192179000,55152000,250000,250000,0,57636000,31843000,25793000,815673308,-1038000,-12472000,702000,-11989000,-18519000,-30665000,-29986000,-250000,60083000,-470000,31733000,31733000,31733000,0,63000,0.084,59445000,43801000,11545000,0.581,2.672,25.704,24.93,117513000,0,21.44,2.157,2.157,56576000,244180000,378153000,378153000,17440000,0.097,0.116,0.226,0.115,4213000,42005000,1.0,38044464,38044464,,9.94,292235000,3958000,11705000,0,7.681,139136000
RAVN,MRY,2015-12-31,2016-01-31,2016-01-31,2018-03-23,-3501000,298688000,323924000,125229000,173459000,0.797,7.238,-13046000,33782000,33782000,191255000,4848000,6.654,0.13,0,0,0,0,0,17136000,739000,0.035,0.52,4009000,21145000,0.082,21145000,4009000,4009000,0.13,0.13,0.13,264229000,282080250,264229000,515665733,128,24.387,30962000,0.848,1.0,66974000,0.259,53628000,0,192459000,200127500,45839000,0,0,0,34459000,18819000,15640000,547952733,-18167000,2475000,-29423000,-548000,-19426000,-50684000,-11074000,0,44008000,-417000,4776000,4776000,4776000,0,72000,0.018,62583000,4391000,6038000,4.0,2.074,114.73,115.462,115704000,0,15.01,2.122,2.122,38069000,229443000,258229000,258229000,14686000,0.015,0.017,0.02,0.016,2311000,32574000,1.0,36505845,36505845,,7.074,245060000,3110000,-767000,0,6.713,106410000
RAVN,MRY,2016-12-31,2017-01-31,2017-01-31,2018-03-23,-3676000,301509000,298342750,138816000,162693000,0.93,7.175,-4796000,50648000,50648000,199205000,20192000,4.891,0.162,0,0,0,0,0,15436000,0,0.021,0.52,27852000,43288000,0.156,43288000,27852000,27852000,0.56,0.56,0.56,259431000,259399000,259431000,872988090,31,20.167,43840000,1.212,1.0,78190000,0.282,52697000,0,169782000,177106250,42336000,0,0,0,42078000,28382000,13696000,905778090,16866000,1188000,-7702000,0,-18839000,-27151000,-4642000,-500000,48636000,23000,20191000,20191000,20191000,0,1000,0.073,49777000,28413000,8467000,0.929,3.491,44.86,44.732,106324000,0,25.05,3.265,3.265,43143000,230649000,277395000,277395000,16312000,0.068,0.078,0.157,0.1,3071000,33378000,1.0,36158806,36158806,,7.672,248812000,0,7661000,0,6.881,110434000
RAVN,MRY,2017-12-31,2018-01-31,2018-01-31,2018-03-23,-2573000,326803000,320383500,160279000,166524000,1.178,7.721,-12011000,40535000,40535000,255752000,41019000,4.339,0.184,0,0,0,0,0,14802000,0,0.013,0.52,58989000,73791000,0.196,73791000,58989000,58989000,1.14,1.13,1.14,276066000,272004500,276066000,1341507153,22,18.18,32950000,0.922,1.0,121565000,0.322,57294000,0,192032000,184410500,55351000,0,0,0,50737000,36942000,13795000,1378380153,-10113000,-13600000,-10290000,0,-18685000,-29721000,-25675000,-23000,44961000,322000,41022000,41022000,41022000,0,-3000,0.109,62395000,59170000,13106000,0.456,4.993,33.601,33.816,106280000,0,38.55,3.653,3.653,58532000,252772000,377317000,377317000,16936000,0.128,0.151,0.32,0.156,3725000,45200000,1.0,35755646,35755646,,10.553,269509000,0,17967000,0,7.538,123337000
