ticker,dimension,calendardate,datekey,reportperiod,lastupdated,accoci,assets,assetsavg,assetsc,assetsnc,assetturnover,bvps,capex,cashneq,cashnequsd,cor,consolinc,currentratio,de,debt,debtc,debtnc,debtusd,deferredrev,depamor,deposits,divyield,dps,ebit,ebitda,ebitdamargin,ebitdausd,ebitusd,ebt,eps,epsdil,epsusd,equity,equityavg,equityusd,ev,evebit,evebitda,fcf,fcfps,fxusd,gp,grossmargin,intangibles,intexp,invcap,invcapavg,inventory,investments,investmentsc,investmentsnc,liabilities,liabilitiesc,liabilitiesnc,marketcap,ncf,ncfbus,ncfcommon,ncfdebt,ncfdiv,ncff,ncfi,ncfinv,ncfo,ncfx,netinc,netinccmn,netinccmnusd,netincdis,netincnci,netmargin,opex,opinc,payables,payoutratio,pb,pe,pe1,ppnenet,prefdivis,price,ps,ps1,receivables,retearn,revenue,revenueusd,rnd,roa,roe,roic,ros,sbcomp,sgna,sharefactor,sharesbas,shareswa,shareswadil,sps,tangibles,taxassets,taxexp,taxliabilities,tbvps,workingcapital
RBS,MRY,2011-12-31,2011-12-31,2011-12-31,2018-03-30,0,1506867000000,1480221500000,,,0.017,12.892,-1632000000,79269000000,123012104283,0,-2123000000,,18.985,686604000000,,,1065493482310,0,1875000000,611759000000,0.0,0.0,-1076000000,799000000,0.032,1239913097,-1669770328,-1076000000,-0.398,-0.398,-0.618,75367000000,75249500000,116956859094,958699186693,-574,773.199,1693000000,0.29,0.644,24651000000,1.0,14858000000,0,2099344000000,2061898500000,0,1352797000000,,,1430814000000,,,18618914682,125000000,-1428000000,22000000,-1341000000,-40000000,-1741000000,14000000,3074000000,3325000000,-1473000000,-2151000000,-2151000000,-3337988826,-348000000,28000000,-0.087,26047000000,-1396000000,0,0.0,0.159,-5.578,-10.314,11868000000,0,6.37,0.487,0.973,0,,24651000000,38254189944,0,-0.001,-0.029,-0.001,-0.044,0,15421000000,0.5,5845813087,5845813087,,6.544,1492009000000,3878000000,1075000000,1945000000,255.227,
RBS,MRY,2012-12-31,2012-12-31,2012-12-31,2018-03-30,0,1312295000000,1409581000000,,,0.01,11.595,731000000,79290000000,128614807654,0,-5890000000,,18.082,528925000000,,,857959227370,0,1854000000,622684000000,0.0,0.0,-5598000000,-3744000000,-0.254,-6073071507,-9080409802,-5598000000,-1.1,-1.1,-1.784,68678000000,72022500000,111401283391,1001100169090,-110,-164.842,-44382000000,-7.493,0.616,14715000000,1.0,13545000000,0,1748385000000,1923864500000,0,1178659000000,,,1241847000000,,,31953728387,-19814000000,352000000,363000000,1089000000,-301000000,2017000000,27175000000,26092000000,-45113000000,-3893000000,-5754000000,-6055000000,-9821700849,-318000000,-136000000,-0.411,15757000000,-1042000000,0,0.0,0.287,-3.253,-6.047,9784000000,301000000,10.79,1.339,2.677,0,,14715000000,23868922873,0,-0.004,-0.084,-0.003,-0.38,0,14030000000,0.5,5922841221,5922841221,,4.03,1298750000000,3443000000,156000000,1141000000,219.278,
RBS,MRY,2013-12-31,2013-12-31,2013-12-31,2018-03-30,0,1027878000000,1170086500000,,,0.014,9.676,822000000,82659000000,136893898493,0,-8477000000,,16.49,353345000000,,,585184608607,0,0,534859000000,0.0,0.0,-8809000000,-8809000000,-0.526,-14588833059,-14588833059,-8809000000,-1.606,-1.606,-2.66,58742000000,63710000000,97284281025,715001206490,-49,-49.01,-29809000000,-4.91,0.604,16737000000,1.0,12368000000,0,1286196000000,1517290500000,0,905242000000,,,968663000000,,,34390884603,-11664000000,1150000000,308000000,-2332000000,-403000000,-2728000000,21183000000,19211000000,-30631000000,512000000,-8995000000,-9393000000,-15556011910,-558000000,120000000,-0.561,17466000000,-729000000,0,0.0,0.354,-2.211,-4.26,7909000000,398000000,11.33,1.241,2.481,0,,16737000000,27718617199,0,-0.008,-0.147,-0.006,-0.526,0,14816000000,0.5,6070765155,6070765155,,4.566,1015510000000,3478000000,186000000,507000000,167.279,
RBS,MRY,2014-12-31,2014-12-31,2014-12-31,2018-03-30,0,1051019000000,1039448500000,,,0.015,8.99,346000000,74872000000,116647399925,0,-2711000000,,17.795,400085000000,,,623315458367,0,0,452304000000,0.0,0.0,-1561000000,-1561000000,-0.103,-2431971782,-2431971782,-1561000000,-0.612,-0.612,-0.953,55763000000,57252500000,86876388529,492888627609,-202,-202.67,-20041000000,-3.231,0.642,15150000000,1.0,7781000000,0,1368451000000,1327323500000,0,867847000000,,,992310000000,,,37559299990,-13273000000,-1481000000,328000000,-2175000000,-383000000,-404000000,6609000000,7744000000,-20387000000,909000000,-3470000000,-4169000000,-6495125150,3445000000,60000000,-0.275,13859000000,1291000000,0,0.0,0.432,-5.783,-12.701,6167000000,699000000,12.11,1.591,3.183,0,,15150000000,23603057336,0,-0.004,-0.073,-0.001,-0.103,0,12406000000,0.5,6203022294,6203022294,,3.805,1043238000000,1911000000,1909000000,500000000,168.182,
RBS,MRY,2015-12-31,2015-12-31,2015-12-31,2018-03-30,0,815408000000,933213500000,,,0.014,8.393,649000000,79404000000,117058759358,0,-1185000000,,14.248,285855000000,,,421412418218,0,0,408594000000,0.0,0.0,-1956000000,-1956000000,-0.151,-2883569257,-2883569257,-1956000000,-0.554,-0.554,-0.817,53431000000,54597000000,78768910523,511073436542,-177,-177.236,1567000000,0.246,0.678,12923000000,1.0,6537000000,0,1015322000000,1191886500000,0,710510000000,,,761261000000,,,28232748298,-4312000000,391000000,163000000,-4022000000,-416000000,-940000000,-4866000000,-5906000000,918000000,576000000,-1979000000,-2364000000,-3485049961,-1541000000,409000000,-0.183,16353000000,-3430000000,0,0.0,0.358,-8.101,-10.861,4482000000,385000000,8.87,1.482,2.964,0,,12923000000,19051311611,0,-0.003,-0.043,-0.002,-0.151,0,13841000000,0.5,6365895896,6365895896,,2.993,808871000000,2631000000,23000000,882000000,127.063,
RBS,MRY,2016-12-31,2016-12-31,2016-12-31,2018-03-30,0,798656000000,807032000000,,,0.016,4.182,-465000000,74250000000,91700629862,0,-5248000000,,15.414,263720000000,,,325700876868,0,0,419524000000,0.0,0.0,-5789000000,-5789000000,-0.46,-7149561566,-7149561566,-5789000000,-1.19,-1.19,-1.47,48609000000,51020000000,60033345683,324704254047,-45,-45.416,-4115000000,-0.354,0.81,12590000000,1.0,6480000000,0,981646000000,998484000000,0,702294000000,,,749252000000,,,32141919227,-5022000000,-886000000,165000000,-4419000000,-504000000,-5107000000,-4359000000,-3008000000,-3650000000,8094000000,-6955000000,-8652000000,-10685439051,0,10000000,-0.687,16194000000,-3604000000,0,0.0,0.535,-3.008,-3.763,4590000000,1697000000,5.53,2.067,4.134,0,,12590000000,15548968753,0,-0.011,-0.17,-0.006,-0.46,0,15257000000,0.5,11624563916,11624563916,,1.338,792176000000,1803000000,1166000000,662000000,68.147,
RBS,MRY,2017-12-31,2017-12-31,2017-12-31,2018-03-30,0,738056000000,768356000000,,,0.017,4.088,-727000000,98337000000,132851931910,0,1415000000,,14.255,185065000000,,,250020264793,0,0,444934000000,0.0,0.0,1576000000,1576000000,0.12,2129154282,2129154282,1576000000,0.126,0.126,0.17,48330000000,48469500000,65293164009,281765382464,132,132.337,38014000000,3.215,0.74,13133000000,1.0,6543000000,0,818241000000,899943500000,0,620396000000,,,688963000000,,,45164483362,24035000000,-199000000,-325000000,-7212000000,-612000000,-8208000000,-6482000000,-5556000000,38741000000,-16000000,752000000,124000000,167522291,0,35000000,0.009,10401000000,2732000000,0,0.0,0.692,269.603,44.882,4602000000,628000000,7.64,2.546,5.091,0,,13133000000,17742502026,0,0.0,0.003,0.002,0.12,0,9564000000,0.5,11823163184,11823163184,,1.501,731513000000,1740000000,824000000,583000000,61.871,
