ticker,dimension,calendardate,datekey,reportperiod,lastupdated,accoci,assets,assetsavg,assetsc,assetsnc,assetturnover,bvps,capex,cashneq,cashnequsd,cor,consolinc,currentratio,de,debt,debtc,debtnc,debtusd,deferredrev,depamor,deposits,divyield,dps,ebit,ebitda,ebitdamargin,ebitdausd,ebitusd,ebt,eps,epsdil,epsusd,equity,equityavg,equityusd,ev,evebit,evebitda,fcf,fcfps,fxusd,gp,grossmargin,intangibles,intexp,invcap,invcapavg,inventory,investments,investmentsc,investmentsnc,liabilities,liabilitiesc,liabilitiesnc,marketcap,ncf,ncfbus,ncfcommon,ncfdebt,ncfdiv,ncff,ncfi,ncfinv,ncfo,ncfx,netinc,netinccmn,netinccmnusd,netincdis,netincnci,netmargin,opex,opinc,payables,payoutratio,pb,pe,pe1,ppnenet,prefdivis,price,ps,ps1,receivables,retearn,revenue,revenueusd,rnd,roa,roe,roic,ros,sbcomp,sgna,sharefactor,sharesbas,shareswa,shareswadil,sps,tangibles,taxassets,taxexp,taxliabilities,tbvps,workingcapital
RDWR,MRY,2011-12-31,2011-12-31,2011-12-31,2018-03-28,-1663000,295191000,277913000,144423000,150768000,0.601,5.36,-5734000,17386000,17386000,33357000,21337000,2.609,0.346,0,0,0,0,52494000,10299000,0,0.0,0.0,22627000,32926000,0.197,32926000,22627000,22627000,0.51,0.47,0.51,219321000,202155500,219321000,583187760,25,17.712,36256000,0.886,1.0,133663000,0.8,32628000,0,189830000,172784500,12147000,201751000,99107000,102644000,75870000,55347000,20523000,598471760,2102000,0,8534000,0,0,9324000,-49212000,-43443000,41990000,0,21337000,21337000,21337000,0,0,0.128,115236000,18427000,12083000,0.0,2.729,28.049,28.676,11084000,0,14.625,3.583,3.583,12565000,5139000,167020000,167020000,36064000,0.077,0.106,0.131,0.135,4668000,79172000,1.0,40921146,40921146,,4.082,262563000,0,1290000,0,6.416,89076000
RDWR,MRY,2012-12-31,2012-12-31,2012-12-31,2018-03-28,2078000,357650000,326420500,123135000,234515000,0.58,6.382,-9337000,20048000,20048000,35719000,31757000,2.014,0.319,0,0,0,0,52790000,9867000,0,0.0,0.0,35715000,45582000,0.241,45582000,35715000,35715000,0.73,0.68,0.73,271230000,245275500,271230000,683873900,19,15.003,42183000,0.993,1.0,153452000,0.811,29593000,0,246877000,218353500,12545000,254898000,68159000,186739000,86420000,61132000,25288000,701259900,2662000,0,10656000,0,0,11028000,-59886000,-50536000,51520000,0,31757000,31757000,31757000,0,0,0.168,122529000,30923000,18269000,0.0,2.585,22.082,22.603,13589000,0,16.5,3.707,3.707,18408000,36896000,189171000,189171000,36187000,0.097,0.129,0.164,0.189,5011000,86342000,1.0,42500600,42500600,,4.451,328057000,0,3958000,0,7.719,62003000
RDWR,MRY,2013-12-31,2013-12-31,2013-12-31,2018-03-28,1733000,388734000,373192000,180250000,208484000,0.517,6.629,-8712000,20067000,20067000,36735000,18055000,2.702,0.322,0,0,0,0,58710000,8086000,0,0.0,0.0,22063000,30149000,0.156,30149000,22063000,22063000,0.4,0.39,0.4,294120000,282675000,294120000,777740853,35,25.797,21488000,0.484,1.0,156262000,0.81,35139000,0,266824000,256850500,14190000,265633000,114759000,150874000,94614000,66704000,27910000,797788853,19000,-8126000,-2380000,0,0,-194000,-29987000,-13160000,30200000,0,18055000,18055000,18055000,0,0,0.094,138693000,17569000,19454000,0.0,2.712,44.187,44.95,17523000,0,17.98,4.134,4.134,24911000,54951000,192997000,192997000,40983000,0.048,0.064,0.086,0.114,3188000,97710000,1.0,44370904,44370904,,4.35,353595000,0,4008000,0,7.969,113546000
RDWR,MRY,2014-12-31,2014-12-31,2014-12-31,2018-03-28,211000,442573000,415653500,151836000,290737000,0.534,7.46,-9482000,44979000,44979000,39732000,24950000,2.002,0.326,0,0,0,0,67348000,8102000,0,0.0,0.0,30881000,38983000,0.176,38983000,30881000,30881000,0.55,0.53,0.55,333697000,313908500,333697000,964966629,31,24.754,42695000,0.954,1.0,182160000,0.821,34825000,0,286943000,276883500,16844000,285710000,59437000,226273000,108876000,75826000,33050000,985033629,24912000,0,7324000,0,0,8767000,-36032000,-25209000,52177000,0,24950000,24950000,24950000,0,0,0.112,157081000,25079000,22776000,0.0,2.952,39.48,40.036,20592000,0,22.02,4.439,4.439,25637000,79901000,221892000,221892000,44081000,0.06,0.079,0.112,0.139,5939000,113000000,1.0,44733589,44733589,,4.96,407748000,0,5931000,0,9.115,76010000
RDWR,MRY,2015-12-31,2015-12-31,2015-12-31,2018-03-28,1257000,430887000,436730000,178443000,252444000,0.496,6.8,-13774000,33744000,33744000,38200000,18569000,2.305,0.35,0,0,0,0,71197000,9401000,0,0.0,0.0,23866000,33267000,0.154,33267000,23866000,23866000,0.4,0.4,0.4,319123000,326410000,319123000,674873463,28,20.287,25362000,0.54,1.0,178366000,0.824,33587000,0,286142000,286542500,16322000,281382000,96925000,184457000,111764000,77414000,34350000,719852463,-11235000,0,-44150000,0,0,-43518000,-6853000,7021000,39136000,0,18569000,18569000,18569000,0,0,0.086,160367000,17999000,20562000,0.0,2.256,38.766,38.35,26203000,0,15.34,3.324,3.324,26410000,98470000,216566000,216566000,49987000,0.043,0.057,0.083,0.11,8697000,110380000,1.0,46926497,46926497,,4.615,397300000,0,5297000,0,8.466,101029000
RDWR,MRY,2016-12-31,2016-12-31,2016-12-31,2018-03-28,-20000,430336000,430611500,266766000,163570000,0.457,6.694,-9404000,79639000,79639000,35695000,-8659000,3.129,0.436,0,0,0,0,84161000,10372000,0,0.0,0.0,-7008000,3364000,0.017,3364000,-7008000,-7008000,-0.2,-0.2,-0.2,299763000,309443000,299763000,619131589,-88,184.046,29076000,0.649,1.0,160890000,0.818,32468000,0,232965000,259553500,17114000,240506000,146447000,94059000,130573000,85264000,45309000,652875589,45895000,0,-20397000,0,0,-20944000,28359000,37816000,38480000,0,-8659000,-8659000,-8659000,0,0,-0.044,173639000,-12749000,20490000,0.0,2.178,-75.398,-72.9,26354000,0,14.58,3.321,3.321,19407000,89811000,196585000,196585000,51732000,-0.02,-0.028,-0.027,-0.036,12067000,121907000,1.0,44778847,44778847,,4.39,397868000,0,1651000,0,8.885,181502000
RDWR,MRY,2017-12-31,2017-12-31,2017-12-31,2018-03-28,-443000,469088000,449712000,248135000,220953000,0.47,7.302,-7210000,65237000,65237000,39616000,-7493000,2.311,0.487,0,0,0,0,113311000,11232000,0,0.0,0.0,-1841000,9391000,0.044,9391000,-1841000,-1841000,-0.17,-0.17,-0.17,315356000,307559500,315356000,758224690,-411,80.74,24252000,0.562,1.0,171753000,0.813,42589000,0,253892000,243428500,18772000,279062000,135724000,143338000,153732000,107370000,46362000,837863690,-14402000,-8269000,10478000,0,0,10478000,-56342000,-40857000,31462000,0,-7493000,-7493000,-7493000,0,0,-0.035,178424000,-6671000,21071000,0.0,2.657,-111.82,-114.118,23642000,0,19.4,3.964,3.964,16150000,82318000,211369000,211369000,59003000,-0.017,-0.024,-0.008,-0.009,13031000,126321000,1.0,43188850,43188850,,4.894,426499000,0,5652000,0,9.875,140765000
