ticker,dimension,calendardate,datekey,reportperiod,lastupdated,accoci,assets,assetsavg,assetsc,assetsnc,assetturnover,bvps,capex,cashneq,cashnequsd,cor,consolinc,currentratio,de,debt,debtc,debtnc,debtusd,deferredrev,depamor,deposits,divyield,dps,ebit,ebitda,ebitdamargin,ebitdausd,ebitusd,ebt,eps,epsdil,epsusd,equity,equityavg,equityusd,ev,evebit,evebitda,fcf,fcfps,fxusd,gp,grossmargin,intangibles,intexp,invcap,invcapavg,inventory,investments,investmentsc,investmentsnc,liabilities,liabilitiesc,liabilitiesnc,marketcap,ncf,ncfbus,ncfcommon,ncfdebt,ncfdiv,ncff,ncfi,ncfinv,ncfo,ncfx,netinc,netinccmn,netinccmnusd,netincdis,netincnci,netmargin,opex,opinc,payables,payoutratio,pb,pe,pe1,ppnenet,prefdivis,price,ps,ps1,receivables,retearn,revenue,revenueusd,rnd,roa,roe,roic,ros,sbcomp,sgna,sharefactor,sharesbas,shareswa,shareswadil,sps,tangibles,taxassets,taxexp,taxliabilities,tbvps,workingcapital
RES,MRY,2011-12-31,2011-12-31,2011-12-31,2018-04-30,-12646000,1338211000,1166039250,626555000,711656000,1.552,3.428,-416400000,7393000,7393000,992704000,296381000,3.491,0.755,203300000,0,203300000,203300000,0,179787000,0,0.018,0.213,482268000,662055000,0.366,662055000,482268000,478815000,1.36,1.35,1.36,762592000,677349000,762592000,2840555171,5,4.291,-30393000,-0.137,1.0,817103000,0.451,24093000,3453000,1330559000,1125872250,100438000,0,0,0,575619000,179466000,396153000,2706725171,-1642000,0,-33691000,82050000,-47327000,3988000,-391637000,0,386007000,0,296381000,296381000,296381000,0,0,0.164,335022000,482081000,122987000,0.157,3.549,9.133,8.946,675360000,0,12.167,1.496,1.496,461272000,753119000,1809807000,1809807000,0,0.254,0.438,0.428,0.266,4704000,151286000,1.0,222470562,222470562,,8.135,1314118000,17988000,182434000,171699000,5.907,447089000
RES,MRY,2012-12-31,2012-12-31,2012-12-31,2018-04-30,-14246000,1367163000,1369489250,567827000,799336000,1.42,4.093,-328936000,14163000,14163000,1105886000,274436000,3.452,0.52,107000000,0,107000000,107000000,0,214153000,0,0.042,0.52,444595000,658748000,0.339,658748000,444595000,442619000,1.28,1.27,1.28,899232000,866099000,899232000,2761957005,6,4.193,230997000,1.051,1.0,839137000,0.431,24093000,1976000,1271396000,1292600500,140867000,0,0,0,467931000,164511000,303420000,2689399005,6770000,-6211000,-29680000,-96300000,-114069000,-237325000,-315838000,0,559933000,0,274436000,274436000,274436000,0,0,0.141,396747000,442390000,109846000,0.406,2.991,9.8,9.563,756326000,0,12.24,1.383,1.383,387530000,891464000,1945023000,1945023000,0,0.2,0.317,0.344,0.229,5136000,175749000,1.0,219722141,219722141,,8.852,1343070000,10011000,168183000,168761000,6.113,403316000
RES,MRY,2013-12-31,2013-12-31,2013-12-31,2018-04-30,-10115000,1383860000,1354436750,604925000,778935000,1.374,4.422,-201681000,8700000,8700000,1178412000,166895000,3.6,0.429,53300000,0,53300000,53300000,0,215812000,0,0.022,0.4,278092000,493904000,0.265,493904000,278092000,276270000,0.77,0.77,0.77,968702000,936322250,968702000,3938325054,14,7.974,163943000,0.748,1.0,683077000,0.367,31861000,1822000,1228547000,1215803250,126604000,0,0,0,415158000,168052000,247106000,3909862054,-5463000,-17044000,-25122000,-53700000,-87789000,-163433000,-207654000,0,365624000,0,166895000,166895000,166895000,0,0,0.09,405393000,277684000,119170000,0.519,4.036,23.427,23.182,726307000,0,17.85,2.1,2.1,437132000,956918000,1861489000,1861489000,0,0.123,0.178,0.229,0.149,4999000,183139000,1.0,219039891,219039891,,8.498,1351999000,19905000,109375000,158178000,6.172,436873000
RES,MRY,2014-12-31,2014-12-31,2014-12-31,2018-04-30,-17833000,1759358000,1585136750,851628000,907730000,1.475,4.933,-371502000,9772000,9772000,1493082000,245193000,3.563,0.631,224500000,0,224500000,224500000,0,233940000,0,0.033,0.43,400817000,634757000,0.272,634757000,400817000,399386000,1.14,1.14,1.14,1078382000,1034821000,1078382000,2994047675,7,4.717,-48745000,-0.223,1.0,844331000,0.361,32150000,1431000,1702924000,1459352250,155611000,0,0,0,680976000,239012000,441964000,2850569675,1072000,-2554000,-49597000,171200000,-91608000,33664000,-355349000,0,322757000,0,245193000,245193000,245193000,0,0,0.105,443533000,400798000,175416000,0.377,2.643,11.626,11.439,849383000,0,13.04,1.22,1.22,634730000,1074561000,2337413000,2337413000,0,0.155,0.237,0.275,0.171,4738000,197117000,1.0,218601969,218601969,,10.693,1727208000,38537000,154193000,164742000,7.901,612616000
RES,MRY,2015-12-31,2015-12-31,2015-12-31,2018-04-30,-17969000,1237094000,1364736750,492208000,744886000,0.926,4.388,-167426000,65196000,65196000,986144000,-99561000,4.58,0.299,0,0,0,0,0,275413000,0,0.017,0.205,-151009000,124404000,0.098,124404000,-151009000,-153041000,-0.47,-0.47,-0.47,952281000,1005320000,952281000,2605215874,-17,20.942,306366000,1.412,1.0,277696000,0.22,32150000,2032000,1032284000,1245576750,128441000,0,0,0,284813000,107464000,177349000,2593223874,55424000,0,-4093000,-224500000,-33602000,-260785000,-157583000,0,473792000,0,-99561000,-99561000,-99561000,0,0,-0.079,428788000,-151092000,75811000,-0.436,2.723,-26.047,-25.426,688335000,0,11.95,2.052,2.052,232187000,948551000,1263840000,1263840000,0,-0.073,-0.099,-0.121,-0.119,8550000,156579000,1.0,217006182,217006182,,5.824,1204944000,51392000,-53480000,125972000,5.553,384744000
RES,MRY,2016-12-31,2016-12-31,2016-12-31,2018-04-30,-18102000,1035452000,1083704250,479057000,556395000,0.673,3.709,-33938000,131835000,131835000,607888000,-141246000,4.721,0.283,0,0,0,0,0,221038000,0,0.003,0.05,-238679000,-17641000,-0.024,-17641000,-238679000,-239360000,-0.66,-0.66,-0.66,806799000,859610250,806799000,4170027960,-17,-236.383,67766000,0.312,1.0,121086000,0.166,32150000,681000,769999000,834783250,108316000,0,0,0,228653000,101468000,127185000,4309114960,66639000,0,-3257000,0,-10861000,-13726000,-21339000,0,101704000,0,-141246000,-141246000,-141246000,0,0,-0.194,360232000,-239146000,70536000,-0.076,5.341,-30.508,-30.015,497986000,0,19.81,5.911,5.911,169166000,803152000,728974000,728974000,0,-0.13,-0.164,-0.286,-0.327,9791000,150690000,1.0,217522209,217522209,,3.351,1003302000,57174000,-98114000,89489000,4.612,377589000
RES,MRY,2017-12-31,2017-12-31,2017-12-31,2018-04-30,-16702000,1147224000,1112697250,640135000,507089000,1.434,4.209,-117509000,91050000,91050000,1050809000,162511000,4.404,0.258,0,0,0,0,0,166558000,0,0.008,0.2,233242000,399800000,0.251,399800000,233242000,232816000,0.75,0.75,0.75,911697000,862367250,911697000,5392543678,23,13.488,16195000,0.075,1.0,544418000,0.341,32150000,426000,878664000,820275000,114866000,0,0,0,235527000,145360000,90167000,5529435678,-40785000,0,-26784000,0,-43319000,-70103000,-104386000,0,133704000,0,162511000,162511000,162511000,0,0,0.102,312670000,231748000,103462000,0.267,6.065,34.025,34.04,443928000,0,25.53,3.466,3.466,377853000,906745000,1595227000,1595227000,0,0.146,0.188,0.284,0.146,11090000,159194000,1.0,216585808,216585808,,7.365,1115074000,40243000,70305000,51316000,5.148,494775000
