ticker,dimension,calendardate,datekey,reportperiod,lastupdated,accoci,assets,assetsavg,assetsc,assetsnc,assetturnover,bvps,capex,cashneq,cashnequsd,cor,consolinc,currentratio,de,debt,debtc,debtnc,debtusd,deferredrev,depamor,deposits,divyield,dps,ebit,ebitda,ebitdamargin,ebitdausd,ebitusd,ebt,eps,epsdil,epsusd,equity,equityavg,equityusd,ev,evebit,evebitda,fcf,fcfps,fxusd,gp,grossmargin,intangibles,intexp,invcap,invcapavg,inventory,investments,investmentsc,investmentsnc,liabilities,liabilitiesc,liabilitiesnc,marketcap,ncf,ncfbus,ncfcommon,ncfdebt,ncfdiv,ncff,ncfi,ncfinv,ncfo,ncfx,netinc,netinccmn,netinccmnusd,netincdis,netincnci,netmargin,opex,opinc,payables,payoutratio,pb,pe,pe1,ppnenet,prefdivis,price,ps,ps1,receivables,retearn,revenue,revenueusd,rnd,roa,roe,roic,ros,sbcomp,sgna,sharefactor,sharesbas,shareswa,shareswadil,sps,tangibles,taxassets,taxexp,taxliabilities,tbvps,workingcapital
REX,MRY,2011-12-31,2012-01-31,2012-01-31,2018-03-29,0,438049000,385724250,127039000,311010000,1.06,30.375,-2897000,75013000,75013000,374048000,33698000,3.411,0.619,123749000,15222000,108527000,123749000,2416000,12086000,0,0.0,0.0,47958000,60044000,0.147,60044000,47958000,44525000,3.1,3.08,3.1,252511000,247583000,252511000,199929748,4,3.33,31999000,3.51,1.0,34831000,0.085,0,3433000,449544000,356642500,30349000,63042000,0,63042000,156206000,37241000,118965000,213870748,-16006000,12293000,-21856000,-35653000,0,-61471000,10569000,1173000,34896000,0,28270000,28270000,28270000,-1141000,5428000,0.069,10376000,24455000,6985000,0.0,0.847,7.565,8.29,240084000,0,25.7,0.523,0.573,12784000,324323000,408879000,408879000,0,0.073,0.114,0.134,0.117,0,10376000,1.0,8321819,9117000,9187000,44.848,438049000,4906000,16255000,7392000,52.694,89798000
REX,MRY,2012-12-31,2013-01-31,2013-01-31,2018-03-29,0,405330000,416795750,114927000,290403000,1.575,30.209,-835000,69073000,69073000,642787000,-1588000,3.653,0.532,106929000,15623000,91306000,106929000,0,16602000,0,0.0,0.0,985000,17587000,0.027,17587000,985000,-3843000,-0.28,-0.28,-0.28,246352000,251016750,246352000,218619427,221,12.431,16213000,1.96,1.0,13802000,0.021,0,4828000,411727000,429652500,24919000,60462000,0,60462000,131047000,31459000,99588000,178154427,-5940000,0,-4108000,-16820000,0,-23013000,25000,860000,17048000,0,-2295000,-2295000,-2295000,-465000,707000,-0.003,13036000,766000,4655000,0.0,0.723,-77.627,-78.0,223180000,0,21.84,0.271,0.275,11567000,322028000,656589000,656589000,0,-0.006,-0.009,0.002,0.002,0,12546000,1.0,8157254,8272000,8272000,79.375,405330000,5277000,-1548000,7141000,49.703,83468000
REX,MRY,2013-12-31,2014-01-31,2014-01-31,2018-03-29,0,427868000,413461250,148810000,279058000,1.611,34.539,5358000,105649000,105649000,601757000,40229000,4.63,0.419,75726000,12226000,63500000,75726000,0,17284000,0,0.0,0.0,59722000,77006000,0.116,77006000,59722000,55824000,4.31,4.29,4.31,279281000,262035750,279281000,325374476,5,4.225,69793000,8.577,1.0,64288000,0.097,0,3898000,365805000,386194750,19370000,71412000,0,71412000,117115000,32140000,84975000,330864476,36076000,0,-2414000,-31203000,0,-35191000,6832000,1974000,64435000,0,35073000,35073000,35073000,-1066000,5156000,0.053,17846000,46442000,6626000,0.0,1.185,9.434,9.503,202258000,0,40.96,0.497,0.5,16486000,357101000,666045000,666045000,0,0.085,0.134,0.155,0.09,-64000,17846000,1.0,8077746,8137000,8180000,81.854,427868000,2414000,20751000,19613000,52.915,116670000
REX,MRY,2014-12-31,2015-01-31,2015-01-31,2018-03-29,0,456947000,460948500,175745000,281202000,1.241,43.939,-8149000,137697000,137697000,430291000,103714000,8.986,0.183,0,0,0,0,0,16787000,0,0.0,0.0,139060000,155847000,0.272,155847000,139060000,136986000,10.77,10.76,10.77,349971000,329055750,349971000,313491797,2,2.012,129067000,15.917,1.0,141939000,0.248,0,2074000,299693000,319807000,18062000,80389000,0,80389000,63983000,19557000,44426000,444258797,32548000,0,-17207000,-75726000,0,-97348000,-7320000,329000,137216000,0,87337000,87337000,87337000,-561000,16377000,0.153,19660000,122279000,9210000,0.0,1.269,5.087,5.154,194447000,0,55.51,0.776,0.787,8794000,444438000,572230000,572230000,0,0.189,0.265,0.435,0.243,-441000,19422000,1.0,8003221,8109000,8118000,70.567,456947000,5382000,49649000,42768000,57.369,156188000
REX,MRY,2015-12-31,2016-01-31,2016-01-31,2018-03-29,0,414685000,429685750,179360000,235325000,1.016,45.72,-13494000,135819000,135819000,385654000,37410000,9.135,0.189,0,0,0,0,0,18639000,0,0.0,0.0,45544000,64183000,0.147,64183000,45544000,45544000,4.31,4.3,4.31,311263000,326720250,311263000,229777046,5,3.58,26696000,3.658,1.0,50834000,0.116,0,0,259231000,272250250,17178000,38707000,0,38707000,58926000,19635000,39291000,366423046,-1932000,0,-69852000,0,0,-74323000,32201000,45749000,40190000,0,31436000,31436000,31436000,0,5974000,0.072,19310000,31524000,10212000,0.0,1.177,11.656,12.397,189976000,0,53.43,0.839,0.893,13666000,475874000,436488000,436488000,0,0.073,0.096,0.167,0.104,64000,19813000,1.0,6858002,7297000,7307000,59.817,414685000,6290000,14108000,38304000,60.911,159725000
REX,MRY,2016-12-31,2017-01-31,2017-01-31,2018-03-29,0,454024000,429042000,226517000,227507000,1.058,51.777,-12697000,188706000,188706000,382760000,39518000,10.059,0.193,0,0,0,0,0,19519000,0,0.0,0.0,49726000,69245000,0.153,69245000,49726000,49726000,4.91,4.91,4.91,340435000,324320500,340435000,383706867,7,5.541,56412000,8.564,1.0,71039000,0.157,0,0,242799000,258259000,17057000,37833000,0,37833000,65750000,22519000,43231000,546505867,52811000,0,-4709000,0,0,-8551000,-7747000,5026000,69109000,0,32333000,32333000,32333000,0,7185000,0.071,21060000,49979000,9171000,0.0,1.605,16.902,16.91,182761000,0,83.03,1.204,1.205,11901000,508207000,453799000,453799000,0,0.075,0.1,0.193,0.11,1314000,21388000,1.0,6582029,6587000,6587000,68.893,454024000,1894000,17393000,41135000,69.053,203998000
REX,MRY,2017-12-31,2018-01-31,2018-01-31,2018-03-29,0,478864000,467993500,239034000,239830000,0.967,57.784,-23913000,191342000,191342000,408425000,44912000,10.932,0.123,0,0,0,0,0,21462000,0,0.0,0.0,20187000,41649000,0.092,41649000,20187000,20187000,6.02,6.02,6.02,381492000,359520000,381492000,345486688,17,8.295,17056000,2.586,1.0,44161000,0.098,0,0,265657000,256371750,20755000,34549000,0,34549000,46938000,21865000,25073000,536176688,2412000,-12049000,0,0,0,-2611000,-35946000,240000,40969000,0,39706000,39706000,39706000,0,5206000,0.088,24252000,19909000,8149000,0.0,1.405,13.504,13.563,197827000,0,81.65,1.185,1.19,12913000,547913000,452586000,452586000,0,0.085,0.11,0.079,0.045,1641000,24060000,1.0,6566769,6596000,6596000,68.615,478864000,6612000,-19519000,21706000,72.533,217169000
