ticker,dimension,calendardate,datekey,reportperiod,lastupdated,accoci,assets,assetsavg,assetsc,assetsnc,assetturnover,bvps,capex,cashneq,cashnequsd,cor,consolinc,currentratio,de,debt,debtc,debtnc,debtusd,deferredrev,depamor,deposits,divyield,dps,ebit,ebitda,ebitdamargin,ebitdausd,ebitusd,ebt,eps,epsdil,epsusd,equity,equityavg,equityusd,ev,evebit,evebitda,fcf,fcfps,fxusd,gp,grossmargin,intangibles,intexp,invcap,invcapavg,inventory,investments,investmentsc,investmentsnc,liabilities,liabilitiesc,liabilitiesnc,marketcap,ncf,ncfbus,ncfcommon,ncfdebt,ncfdiv,ncff,ncfi,ncfinv,ncfo,ncfx,netinc,netinccmn,netinccmnusd,netincdis,netincnci,netmargin,opex,opinc,payables,payoutratio,pb,pe,pe1,ppnenet,prefdivis,price,ps,ps1,receivables,retearn,revenue,revenueusd,rnd,roa,roe,roic,ros,sbcomp,sgna,sharefactor,sharesbas,shareswa,shareswadil,sps,tangibles,taxassets,taxexp,taxliabilities,tbvps,workingcapital
RFIL,MRY,2011-12-31,2011-10-31,2011-10-31,2018-03-13,0,24377946,22464314,16413206,7964740,0.865,2.727,-368205,5922466,5922466,10097130,773011,4.696,0.241,1394230,1394230,0,1394230,0,391633,0,0.114,0.36,1183374,1575007,0.081,1575007,1183374,1154570,0.12,0.11,0.12,19464411,18513171,19464411,16741522,14,10.629,-245361,-0.034,1.0,9336373,0.48,5352194,28804,11002667,10012766,6189601,0,0,0,4699918,3494849,1205069,22553928,-2968068,-2800000,879048,-14446,-2528971,-1352044,-1738868,1429337,122844,0,775738,775738,775738,0,-2727,0.04,8200268,1136105,521174,3.0,1.159,29.074,26.333,2442738,0,3.16,1.161,1.161,2605965,8010701,19433503,19433503,1246758,0.035,0.042,0.118,0.061,-14,6953510,1.0,7137319,7137319,,2.723,19025752,1183342,378832,1072202,2.666,12918357
RFIL,MRY,2012-12-31,2012-10-31,2012-10-31,2018-03-13,0,25463000,23239533,19044000,6419000,1.191,2.935,-590000,5492000,5492000,15554000,2612000,4.599,0.259,0,0,0,0,0,600000,0,0.045,0.2,4109000,4709000,0.17,4709000,4109000,4109000,0.38,0.34,0.38,20230000,19118216,20230000,24885612,6,5.285,1745000,0.253,1.0,12133000,0.438,5113000,0,10717000,9972555,6984000,0,0,0,5233000,4141000,1092000,30515612,3731000,0,-789000,-20000,-1387000,-2109000,3505000,4095000,2335000,0,2610000,2610000,2610000,-4000,2000,0.094,8064000,4069000,1429000,0.526,1.508,11.692,11.605,1204000,0,4.41,1.102,1.1,5167000,8153000,27687000,27687000,1134000,0.112,0.137,0.412,0.148,177000,6930000,1.0,6919640,6908890,7680743,4.007,20350000,761000,1499000,1687000,2.953,14903000
RFIL,MRY,2013-12-31,2013-10-31,2013-10-31,2018-03-13,0,29090000,28474899,23047000,6043000,1.286,3.223,-281000,11881000,11881000,20716000,3602000,8.851,0.139,0,0,0,0,0,652000,51000,0.034,0.31,5582000,6234000,0.17,6234000,5582000,5582000,0.47,0.43,0.47,25536000,24330436,25536000,61422139,11,9.853,4917000,0.647,1.0,15909000,0.434,4893000,0,9712000,10878212,5924000,0,0,0,3554000,2604000,950000,72204139,6389000,0,2761000,0,-2349000,1472000,-281000,0,5198000,0,3602000,3602000,3602000,1140000,0,0.098,9207000,6702000,792000,0.66,2.828,20.046,19.553,1053000,0,9.19,1.971,1.907,3160000,9406000,36625000,36625000,998000,0.126,0.148,0.513,0.152,-828000,8209000,1.0,7856816,7600029,8455631,4.819,24197000,495000,1980000,950000,3.054,20443000
RFIL,MRY,2014-12-31,2014-10-31,2014-10-31,2018-03-13,0,29029000,28773250,23439000,5590000,0.803,3.13,-148000,14718000,14718000,12662000,1439000,9.923,0.123,0,0,0,0,0,592000,73000,0.062,0.28,2398000,2990000,0.129,2990000,2398000,2398000,0.18,0.16,0.18,25856000,25888750,25856000,23182190,9,7.753,4346000,0.529,1.0,10453000,0.452,4673000,0,7276000,8261750,5259000,0,0,0,3173000,2362000,811000,37419190,2837000,0,466000,0,-2302000,-1509000,-148000,0,4494000,0,1439000,1439000,1439000,-103000,0,0.062,8187000,2266000,867000,1.556,1.447,26.004,25.167,829000,0,4.53,1.619,1.61,2428000,8543000,23115000,23115000,948000,0.05,0.056,0.29,0.104,63000,7239000,1.0,8260307,8215688,8742025,2.814,24356000,416000,959000,811000,2.948,21077000
RFIL,MRY,2015-12-31,2015-10-31,2015-10-31,2018-03-13,0,32252000,32028000,19657000,12595000,0.965,3.053,-188000,7595000,7595000,20446000,994000,4.507,0.223,0,0,0,0,0,996000,0,0.062,0.28,1134000,2130000,0.069,2130000,1134000,1134000,0.12,0.11,0.12,26371000,26358250,26371000,30750957,27,14.437,-20000,-0.002,1.0,10462000,0.338,11568000,0,8728000,8395750,6928000,0,0,0,5881000,4361000,1520000,38658957,-7123000,-5132000,328000,0,-2382000,-1971000,-5320000,0,168000,0,994000,994000,994000,-300000,0,0.032,9663000,799000,1493000,2.333,1.466,38.892,37.583,921000,0,4.51,1.251,1.239,3980000,7155000,30908000,30908000,775000,0.031,0.038,0.135,0.037,149000,8888000,1.0,8571831,8494111,8862217,3.639,20684000,426000,140000,1143000,2.395,15296000
RFIL,MRY,2016-12-31,2016-10-31,2016-10-31,2018-03-13,0,25837000,29052000,16793000,9044000,1.041,2.421,-362000,5258000,5258000,21778000,-4089000,4.297,0.208,0,0,0,0,0,1036000,0,0.074,0.13,-4741000,-3705000,-0.123,-3705000,-4741000,-4741000,-0.47,-0.47,-0.47,21392000,24132250,21392000,10813095,-2,-2.919,-1629000,-0.185,1.0,8463000,0.28,8075000,0,8596000,9738750,6022000,0,0,0,4445000,3908000,537000,15462095,-2337000,0,-109000,0,-1141000,-1096000,26000,0,-1267000,0,-4089000,-4089000,-4089000,58000,0,-0.135,13151000,-4688000,1138000,-0.277,0.723,-3.781,-3.723,828000,0,1.75,0.511,0.508,4077000,1925000,30241000,30241000,747000,-0.141,-0.169,-0.487,-0.157,52000,9560000,1.0,8835483,8786510,8786510,3.442,17762000,0,-652000,409000,2.01,12885000
RFIL,MRY,2017-12-31,2017-10-31,2017-10-31,2018-03-13,0,25060000,25110500,16793000,8267000,1.233,2.41,-171000,6039000,6039000,22242000,382000,4.667,0.174,0,0,0,0,0,877000,0,0.033,0.08,516000,1393000,0.045,1393000,516000,516000,0.04,0.04,0.04,21343000,21123250,21343000,16190002,31,11.622,1426000,0.161,1.0,8722000,0.282,7486000,0,7937000,8746000,6109000,0,0,0,3717000,3598000,119000,21688002,781000,0,56000,0,-707000,-645000,-171000,0,1597000,0,382000,382000,382000,-116000,0,0.012,8351000,371000,1356000,2.0,1.016,56.775,61.25,711000,0,2.45,0.7,0.7,3901000,1600000,30964000,30964000,845000,0.015,0.018,0.059,0.017,208000,7506000,1.0,8852246,8840895,8915764,3.502,17574000,0,134000,119000,1.984,13195000
