ticker,dimension,calendardate,datekey,reportperiod,lastupdated,accoci,assets,assetsavg,assetsc,assetsnc,assetturnover,bvps,capex,cashneq,cashnequsd,cor,consolinc,currentratio,de,debt,debtc,debtnc,debtusd,deferredrev,depamor,deposits,divyield,dps,ebit,ebitda,ebitdamargin,ebitdausd,ebitusd,ebt,eps,epsdil,epsusd,equity,equityavg,equityusd,ev,evebit,evebitda,fcf,fcfps,fxusd,gp,grossmargin,intangibles,intexp,invcap,invcapavg,inventory,investments,investmentsc,investmentsnc,liabilities,liabilitiesc,liabilitiesnc,marketcap,ncf,ncfbus,ncfcommon,ncfdebt,ncfdiv,ncff,ncfi,ncfinv,ncfo,ncfx,netinc,netinccmn,netinccmnusd,netincdis,netincnci,netmargin,opex,opinc,payables,payoutratio,pb,pe,pe1,ppnenet,prefdivis,price,ps,ps1,receivables,retearn,revenue,revenueusd,rnd,roa,roe,roic,ros,sbcomp,sgna,sharefactor,sharesbas,shareswa,shareswadil,sps,tangibles,taxassets,taxexp,taxliabilities,tbvps,workingcapital
RGLD,MRY,2011-12-31,2011-06-30,2011-06-30,2018-05-03,54000,1902702000,1885465000,169273000,1733429000,0.115,26.523,-280009000,114155000,114155000,9039000,77299000,5.865,0.284,226100000,15600000,210500000,226100000,0,67399000,0,0.009,0.53,118109000,185508000,0.857,185508000,118109000,110369000,1.29,1.29,1.29,1460162000,1435640000,1460162000,3301656072,27,17.798,-133052000,-2.417,1.0,207430000,0.958,0,7740000,1985786000,1927416750,0,28876000,0,28876000,415007000,28861000,386146000,3182427072,-210691000,0,0,-23368000,-22130000,-51385000,-306263000,-28574000,146957000,0,71395000,71395000,71395000,0,5904000,0.33,88505000,118925000,2499000,0.411,2.18,44.575,45.403,0,0,58.57,14.702,14.896,48828000,100004000,216469000,216469000,0,0.038,0.05,0.061,0.546,5169000,21106000,1.0,54335446,55053204,55323410,3.932,1902702000,0,38974000,172076000,34.561,140412000
RGLD,MRY,2012-12-31,2012-06-30,2012-06-30,2018-05-03,-13763000,2376366000,2093045000,445208000,1931158000,0.126,30.94,-276683000,375456000,375456000,9444000,98309000,29.273,0.279,293248000,0,293248000,293248000,0,75001000,0,0.005,0.41,154637000,229638000,0.873,229638000,154637000,147186000,1.61,1.61,1.61,1838459000,1646611750,1838459000,4543795384,29,19.787,-114519000,-2.001,1.0,253610000,0.964,0,7451000,2278949000,2092431500,0,15015000,0,15015000,512937000,15209000,497728000,4612733384,261301000,0,271536000,130923000,-29504000,370493000,-271356000,0,162164000,0,92476000,92476000,92476000,0,5833000,0.352,96976000,156634000,2615000,0.255,2.509,49.88,48.696,0,0,78.4,17.535,17.054,53946000,160123000,263054000,263054000,0,0.044,0.056,0.074,0.588,159000,20647000,1.0,58835885,57220040,57463850,4.597,2376366000,11046000,54710000,201730000,39.992,429999000
RGLD,MRY,2013-12-31,2013-06-30,2013-06-30,2018-05-03,-4572000,2905341000,2772401750,744497000,2160844000,0.104,36.23,-314262000,664035000,664035000,9010000,73409000,21.22,0.228,302263000,0,302263000,302263000,0,85020000,0,0.017,0.7,157692000,242712000,0.839,242712000,157692000,132912000,1.09,1.09,1.09,2348887000,2228138000,2348887000,2335756148,14,9.624,-141632000,-2.239,1.0,280214000,0.969,0,24780000,2508484000,2467613500,0,9695000,0,9695000,534705000,35085000,499620000,2708898148,288579000,0,473771000,0,-43934000,425391000,-309442000,0,172630000,0,69153000,69153000,69153000,0,4256000,0.239,109047000,171167000,2838000,0.642,1.153,39.173,38.606,0,0,42.08,9.366,9.202,50385000,181279000,289224000,289224000,0,0.025,0.031,0.064,0.545,2735000,24027000,1.0,64374956,63250247,63429822,4.573,2905341000,15158000,63759000,210951000,44.814,709412000
RGLD,MRY,2014-12-31,2014-06-30,2014-06-30,2018-05-03,-160000,2891544000,2891516500,735977000,2155567000,0.082,36.254,0,659536000,659536000,15914000,63472000,32.704,0.22,311860000,0,311860000,311860000,0,91342000,0,0.011,0.82,105440000,196782000,0.83,196782000,105440000,82096000,0.96,0.96,0.96,2354725000,2349785750,2354725000,4591844023,43,23.335,147202000,2.268,1.0,221248000,0.933,0,23344000,2521364000,2523943250,0,9608000,0,9608000,518987000,22504000,496483000,4928555023,-4499000,-80019000,1120000,-1284000,-53380000,-66900000,-84801000,0,147202000,0,62641000,62641000,62641000,0,831000,0.264,117027000,104221000,3897000,0.854,2.093,78.679,79.302,0,0,76.13,20.781,20.836,46654000,189871000,237162000,237162000,0,0.022,0.027,0.042,0.445,1983000,21186000,1.0,64738671,64909149,65026256,3.654,2891544000,21947000,19455000,185789000,44.519,713473000
RGLD,MRY,2015-12-31,2015-06-30,2015-06-30,2018-05-03,-3292000,2917191000,2895667250,797023000,2120168000,0.096,36.183,0,742849000,742849000,38896000,52678000,31.915,0.213,313869000,0,313869000,313869000,0,93486000,0,0.018,1.08,87222000,180708000,0.65,180708000,87222000,61531000,0.8,0.8,0.8,2353122000,2351134250,2353122000,3619155356,41,20.028,192099000,2.955,1.0,239123000,0.86,0,25691000,2463238000,2482920750,2287000,6273000,6273000,0,501264000,24973000,476291000,4014899356,83313000,-50429000,775000,-864000,-56054000,-57584000,-51202000,0,192099000,0,51965000,51965000,51965000,0,713000,0.187,152071000,87052000,4911000,1.35,1.706,77.262,76.987,0,0,61.59,14.441,14.401,37681000,185121000,278019000,278019000,2194000,0.018,0.022,0.035,0.314,4777000,24873000,1.0,65187520,65007861,65125173,4.277,2917191000,6422000,9566000,161733000,44.857,772050000
RGLD,MRY,2016-12-31,2016-06-30,2016-06-30,2018-05-03,0,3069729000,3155233500,167945000,2901784000,0.114,34.245,0,116633000,116633000,74957000,-82438000,6.495,0.352,600685000,0,600685000,600685000,0,141108000,0,0.013,0.91,16156000,157264000,0.437,157264000,16156000,-16469000,-1.18,-1.18,-1.18,2229016000,2262473500,2229016000,5207922733,322,33.116,169859000,2.61,1.0,284833000,0.792,0,32625000,3527924000,3661260500,9489000,0,0,0,783844000,25857000,757987000,4700533733,-626216000,-1021109000,-353000,273889000,-58720000,213438000,-1009513000,11905000,169859000,0,-77149000,-77149000,-77149000,0,-5289000,-0.214,277677000,7156000,4114000,-0.771,2.109,-60.928,-61.034,0,0,72.02,13.065,13.026,17990000,48584000,359790000,359790000,8601000,-0.024,-0.034,0.004,0.045,10587000,31720000,1.0,65267061,65074455,65074455,5.529,3069729000,23219000,60680000,154040000,47.161,142088000
RGLD,MRY,2017-12-31,2017-06-30,2017-06-30,2018-05-03,879000,3094065000,3132920500,143607000,2950458000,0.141,34.911,0,85847000,85847000,89025000,92425000,4.189,0.34,586170000,0,586170000,586170000,0,159636000,0,0.009,0.71,164349000,323985000,0.735,323985000,164349000,127971000,1.55,1.55,1.55,2275377000,2261990250,2275377000,5655326012,34,17.456,265878000,4.081,1.0,351789000,0.798,0,36378000,3560105000,3651810250,7883000,0,0,0,773801000,34283000,739518000,5107535012,-30786000,-203721000,-2426000,-28340000,-61396000,-96548000,-200116000,0,265878000,0,101530000,101530000,101530000,0,-9105000,0.23,205847000,145942000,3908000,0.458,2.245,50.306,50.432,0,0,78.17,11.587,11.554,26886000,88050000,440814000,440814000,12861000,0.032,0.045,0.045,0.373,9008000,33350000,1.0,65338813,65152782,65277953,6.766,3094065000,22169000,26441000,156033000,47.473,109324000
