ticker,dimension,calendardate,datekey,reportperiod,lastupdated,accoci,assets,assetsavg,assetsc,assetsnc,assetturnover,bvps,capex,cashneq,cashnequsd,cor,consolinc,currentratio,de,debt,debtc,debtnc,debtusd,deferredrev,depamor,deposits,divyield,dps,ebit,ebitda,ebitdamargin,ebitdausd,ebitusd,ebt,eps,epsdil,epsusd,equity,equityavg,equityusd,ev,evebit,evebitda,fcf,fcfps,fxusd,gp,grossmargin,intangibles,intexp,invcap,invcapavg,inventory,investments,investmentsc,investmentsnc,liabilities,liabilitiesc,liabilitiesnc,marketcap,ncf,ncfbus,ncfcommon,ncfdebt,ncfdiv,ncff,ncfi,ncfinv,ncfo,ncfx,netinc,netinccmn,netinccmnusd,netincdis,netincnci,netmargin,opex,opinc,payables,payoutratio,pb,pe,pe1,ppnenet,prefdivis,price,ps,ps1,receivables,retearn,revenue,revenueusd,rnd,roa,roe,roic,ros,sbcomp,sgna,sharefactor,sharesbas,shareswa,shareswadil,sps,tangibles,taxassets,taxexp,taxliabilities,tbvps,workingcapital
RJF,MRY,2011-12-31,2011-09-30,2011-09-30,2018-05-09,-9605000,18006995000,16064530250,,,0.208,21.005,-37200000,2439695000,2439695000,68561000,267851000,,5.834,900695000,,,900695000,0,40337000,7739322000,0.02,0.52,461247000,501584000,0.15,501584000,461247000,461247000,2.2,2.19,2.2,2587619000,2515203750,2587619000,2464385972,5,4.913,1521241000,12.424,1.0,3265495000,0.979,72967000,0,16395028000,15087899250,0,12354486000,,,15095150000,,,3286875972,-521910000,-19403000,-23111000,-2335505000,-63090000,-1679384000,-400143000,-343540000,1558441000,-824000,278353000,278353000,278353000,0,-10502000,0.083,2773359000,492136000,5926134000,0.236,1.27,11.808,11.8,169850000,0,25.96,0.986,0.953,2038485000,2125818000,3334056000,3334056000,0,0.017,0.111,0.031,0.138,38872000,2611815000,1.0,126613096,122448000,122836000,27.228,17934028000,171911000,182894000,0,145.578,
RJF,MRY,2012-12-31,2012-09-30,2012-09-30,2018-05-09,9447000,21160265000,19874440500,,,0.192,24.106,-77515000,1980020000,1980020000,68632000,292265000,,5.347,1758842000,,,1758842000,0,51445000,8599713000,0.014,0.52,471525000,522970000,0.137,522970000,471525000,471525000,2.22,2.2,2.22,3268940000,3037789500,3268940000,5250454746,11,10.04,313774000,2.399,1.0,3737899000,0.982,361246000,0,20577841000,19137202750,0,14271714000,,,17479983000,,,5058351746,-459675000,-1074421000,341963000,682750000,-68782000,1879275000,-2731215000,-1579279000,391289000,976000,295869000,295869000,295869000,0,-3604000,0.078,3269978000,467921000,5740073000,0.234,1.547,17.097,16.509,231195000,0,36.65,1.329,1.259,2492583000,2346563000,3806531000,3806531000,0,0.015,0.097,0.025,0.124,53116000,3068864000,1.0,138017783,130806000,131791000,29.101,20799019000,168187000,175656000,0,153.378,
RJF,MRY,2013-12-31,2013-09-30,2013-09-30,2018-05-09,10726000,23186122000,22602857250,,,0.198,26.457,-72879000,2596616000,2596616000,77365000,396877000,,5.238,1642455000,,,1642455000,0,66359000,9295371000,0.013,0.56,564187000,630546000,0.141,630546000,564187000,564187000,2.64,2.58,2.64,3662924000,3514419000,3662924000,4841381697,8,7.678,586926000,4.261,1.0,4408062000,0.983,361464000,0,21870497000,21568003000,0,16019776000,,,19187785000,,,5827414697,616596000,0,-11718000,-73434000,-76593000,615432000,-651974000,-575363000,659805000,-6667000,367154000,367154000,367154000,0,29723000,0.082,3814152000,593910000,7037175000,0.212,1.591,15.872,15.784,244416000,0,41.67,1.299,1.28,2373190000,2635026000,4485427000,4485427000,0,0.016,0.104,0.026,0.126,59272000,3593229000,1.0,139846765,137732000,140541000,32.566,22824658000,195160000,197033000,0,164.86,
RJF,MRY,2014-12-31,2014-09-30,2014-09-30,2018-05-09,-1888000,23325652000,22797334500,,,0.213,29.475,-60149000,2199063000,2199063000,92287000,448151000,,4.562,2134124000,,,2134124000,0,64163000,10028924000,0.012,0.64,748045000,812208000,0.167,812208000,748045000,748045000,3.41,3.32,3.41,4141236000,3956698000,4141236000,6804755267,9,8.378,447438000,3.197,1.0,4769082000,0.981,354261000,0,22906452000,21715341250,0,16229464000,,,18892396000,,,7569403267,-397553000,-2007000,-8427000,545141000,-88102000,1223961000,-2096764000,-2034322000,507587000,-32337000,480248000,480248000,480248000,0,-32097000,0.099,4053134000,715948000,5353252000,0.188,1.828,15.761,15.713,245401000,0,53.58,1.557,1.542,2392908000,3023845000,4861369000,4861369000,0,0.021,0.121,0.034,0.154,62172000,3866684000,1.0,141272924,139935000,143589000,34.74,22971391000,231325000,267797000,0,163.499,
RJF,MRY,2015-12-31,2015-09-30,2015-09-30,2018-05-09,-40503000,26468032000,25124407250,,,0.207,31.56,-74111000,2601006000,2601006000,102317000,518578000,,4.795,2199131000,,,2199131000,0,68315000,11919881000,0.015,0.72,798174000,866489000,0.167,866489000,798174000,798174000,3.51,3.43,3.51,4522031000,4410196500,4522031000,6708606474,8,7.742,824583000,5.785,1.0,5101289000,0.98,376962000,0,25689195000,24355870000,0,18718047000,,,21681934000,,,7146220474,401943000,-15823000,-88542000,6347000,-103143000,1730043000,-2176610000,-2069772000,898694000,-50184000,502140000,502140000,502140000,0,16438000,0.096,4286677000,814612000,6042945000,0.205,1.58,14.232,14.14,255875000,0,49.63,1.373,1.36,2444559000,3419719000,5203606000,5203606000,0,0.02,0.114,0.033,0.153,71488000,4113841000,1.0,143989935,142548000,145939000,36.504,26091070000,266899000,296034000,0,182.095,
RJF,MRY,2016-12-31,2016-09-30,2016-09-30,2018-05-09,-55733000,31486976000,28747736250,,,0.188,34.774,-121733000,1650452000,1650452000,102662000,540651000,,5.375,2802577000,,,2802577000,0,72383000,14262547000,0.014,0.8,800643000,873026000,0.162,873026000,800643000,800643000,3.72,3.65,3.72,4916545000,4736527000,4916545000,8294865419,10,9.501,-695051000,-4.903,1.0,5302402000,0.981,503046000,0,32136055000,28617784250,0,24265199000,,,26424000000,,,8247435419,-950554000,-175283000,-162502000,697814000,-113435000,2540479000,-2917903000,-2601717000,-573318000,188000,529350000,529350000,529350000,0,11301000,0.098,4490458000,811944000,7307322000,0.215,1.677,15.58,15.648,321457000,0,58.21,1.526,1.527,3705963000,3834781000,5405064000,5405064000,0,0.018,0.112,0.028,0.148,76426000,4220221000,1.0,141684168,141773000,144513000,38.125,30983930000,322024000,271293000,0,219.144,
RJF,MRY,2017-12-31,2017-09-30,2017-09-30,2018-05-09,-15199000,34883456000,33228750750,,,0.192,38.783,-189994000,3669672000,3669672000,127242000,638867000,,5.23,3505242000,,,3505242000,0,84132000,17732362000,0.01,0.88,925346000,1009478000,0.158,1009478000,925346000,925346000,4.43,4.33,4.43,5581713000,5314902500,5581713000,12424053151,13,12.307,1115942000,7.789,1.0,6243855000,0.98,493183000,0,34225843000,32746412250,0,25501755000,,,29190105000,,,12159341151,2019220000,0,-34055000,1376934000,-127202000,4064563000,-3376070000,-3183034000,1305936000,24791000,636235000,636235000,636235000,0,2632000,0.1,5270131000,973724000,6151588000,0.199,2.178,19.111,19.036,437374000,0,84.33,1.909,1.896,3687561000,4340054000,6371097000,6371097000,0,0.019,0.12,0.028,0.145,109465000,4885011000,1.0,144187610,143275000,146647000,44.468,34390273000,313486000,289111000,0,238.949,
