ticker,dimension,calendardate,datekey,reportperiod,lastupdated,accoci,assets,assetsavg,assetsc,assetsnc,assetturnover,bvps,capex,cashneq,cashnequsd,cor,consolinc,currentratio,de,debt,debtc,debtnc,debtusd,deferredrev,depamor,deposits,divyield,dps,ebit,ebitda,ebitdamargin,ebitdausd,ebitusd,ebt,eps,epsdil,epsusd,equity,equityavg,equityusd,ev,evebit,evebitda,fcf,fcfps,fxusd,gp,grossmargin,intangibles,intexp,invcap,invcapavg,inventory,investments,investmentsc,investmentsnc,liabilities,liabilitiesc,liabilitiesnc,marketcap,ncf,ncfbus,ncfcommon,ncfdebt,ncfdiv,ncff,ncfi,ncfinv,ncfo,ncfx,netinc,netinccmn,netinccmnusd,netincdis,netincnci,netmargin,opex,opinc,payables,payoutratio,pb,pe,pe1,ppnenet,prefdivis,price,ps,ps1,receivables,retearn,revenue,revenueusd,rnd,roa,roe,roic,ros,sbcomp,sgna,sharefactor,sharesbas,shareswa,shareswadil,sps,tangibles,taxassets,taxexp,taxliabilities,tbvps,workingcapital
ROG,MRY,2011-12-31,2011-12-31,2011-12-31,2018-04-28,-62802000,677628000,695707000,265632000,411996000,0.788,20.881,-13816000,79728000,79728000,369356000,37055000,3.371,1.003,131706000,9096000,122610000,131706000,0,26308000,0,0.0,0.0,53484000,79792000,0.146,79792000,53484000,48573000,2.31,2.21,2.31,338256000,366039000,338256000,664201219,12,8.324,3045000,0.19,1.0,178985000,0.326,158627000,4911000,492182000,513219750,77935000,54828000,0,54828000,339372000,78797000,260575000,596793219,-407000,-139825000,11827000,116439000,0,128266000,-145994000,7805000,16861000,460000,37055000,37055000,37055000,7195000,0,0.068,125503000,53482000,15731000,0.0,1.764,16.106,15.957,148182000,0,36.86,1.088,1.078,111135000,332099000,548341000,548341000,21530000,0.053,0.101,0.104,0.098,8096000,103532000,1.0,16190809,16035882,16737711,34.195,519001000,29291000,11518000,38646000,32.038,186835000
ROG,MRY,2012-12-31,2012-12-31,2012-12-31,2018-04-28,-57808000,760024000,702707750,306936000,453088000,0.71,26.174,-20970000,115813000,115813000,340015000,68685000,3.632,0.751,106365000,21923000,84442000,106365000,0,27130000,0,0.0,0.0,26505000,53635000,0.108,53635000,26505000,22201000,4.18,4.04,4.18,434152000,385399000,434152000,846139184,31,15.776,19069000,1.15,1.0,158746000,0.318,158329000,4304000,507742000,475158500,73178000,26171000,0,26171000,325872000,84505000,241367000,823730184,35135000,-3100000,17064000,-25519000,0,-8455000,1368000,25438000,40039000,2183000,68685000,68685000,68685000,449000,0,0.138,133082000,25664000,16730000,0.0,1.897,11.993,11.88,149017000,0,49.66,1.652,1.652,131489000,400784000,498761000,498761000,19311000,0.098,0.178,0.056,0.053,5153000,99689000,1.0,16587398,16587398,,30.069,601695000,88657000,-46484000,39980000,36.274,222431000
ROG,MRY,2013-12-31,2013-12-31,2013-12-31,2018-04-28,-11450000,806534000,778156750,377707000,428827000,0.691,31.35,-16859000,191884000,191884000,348945000,38305000,4.195,0.452,85519000,18349000,67170000,85519000,0,26351000,0,0.0,0.0,53305000,79656000,0.148,79656000,53305000,49824000,2.23,2.16,2.23,555527000,494296750,555527000,1020401907,19,12.81,61156000,3.451,1.0,188537000,0.351,157842000,3481000,452287000,476657500,66889000,18970000,0,18970000,251007000,90040000,160967000,1089804907,77021000,0,31863000,-21206000,0,10657000,-16979000,0,78015000,5328000,38305000,38305000,38305000,-102000,0,0.071,138420000,50117000,17534000,0.0,1.962,28.451,27.578,146931000,0,61.5,2.028,2.028,146711000,438545000,537482000,537482000,21646000,0.049,0.077,0.112,0.099,5393000,106398000,1.0,17720405,17720405,,30.331,648692000,59222000,11519000,30363000,36.607,287667000
ROG,MRY,2014-12-31,2014-12-31,2014-12-31,2018-04-28,-65094000,840435000,841291000,438174000,402261000,0.726,32.309,-28755000,237375000,237375000,376158000,53412000,3.638,0.431,66789000,35747000,31042000,66789000,0,26268000,0,0.0,0.0,84170000,110438000,0.181,110438000,84170000,81224000,2.94,2.86,2.94,587281000,590866000,587281000,1333544818,15,12.075,56452000,3.106,1.0,234753000,0.384,136567000,2946000,412837000,434892250,76806000,17214000,0,17214000,253154000,120445000,132709000,1489384818,45491000,0,19664000,-17797000,0,1867000,-28520000,0,85207000,-13063000,53412000,53412000,53412000,0,0,0.087,153512000,81241000,20020000,0.0,2.536,27.885,27.701,150420000,0,81.44,2.438,2.423,152078000,496746000,610911000,610911000,22878000,0.063,0.09,0.194,0.138,7533000,125244000,1.0,18288124,18177000,18698000,33.609,703868000,55104000,27812000,31294000,38.723,317729000
ROG,MRY,2015-12-31,2015-12-31,2015-12-31,2018-04-28,-88458000,930355000,956779000,428665000,501690000,0.67,31.821,-24837000,204586000,204586000,406081000,46320000,5.45,0.591,182356000,3250000,179106000,182356000,0,34054000,0,0.0,0.0,70653000,104707000,0.163,104707000,70653000,66173000,2.52,2.48,2.52,584582000,583417250,584582000,917802978,12,8.765,49085000,2.672,1.0,235362000,0.367,250472000,4480000,579005000,586210750,91824000,15348000,0,15348000,345773000,78648000,267125000,925036978,-32789000,-157142000,-32299000,118359000,0,83027000,-180297000,0,73922000,-9441000,46320000,46320000,46320000,0,0,0.072,159107000,76255000,22251000,0.0,1.582,19.971,20.464,178661000,0,51.57,1.442,1.477,154787000,543066000,641443000,641443000,27644000,0.048,0.079,0.121,0.11,9643000,131463000,1.0,17937502,18371000,18680000,34.916,679883000,23217000,19853000,24917000,37.008,350017000
ROG,MRY,2016-12-31,2016-12-31,2016-12-31,2018-04-28,-92262000,1056500000,970041750,458401000,598099000,0.677,35.339,-18136000,227767000,227767000,406829000,48283000,4.53,0.662,244873000,4003000,240870000,244873000,0,37847000,0,0.0,0.0,86210000,124057000,0.189,124057000,86210000,82280000,2.68,2.65,2.68,635786000,622277500,635786000,1287009328,14,10.374,98831000,5.493,1.0,249485000,0.38,345107000,3930000,627314000,557598250,91130000,16183000,0,16183000,420714000,101185000,319529000,1380528328,23181000,-133943000,-2994000,62240000,0,57869000,-151804000,0,116967000,149000,48283000,48283000,48283000,0,0,0.074,165633000,83852000,28379000,0.0,2.171,28.592,28.66,176916000,0,76.81,2.103,2.106,167998000,591349000,656314000,656314000,28582000,0.05,0.078,0.155,0.131,11275000,136317000,1.0,17973289,17991000,18223000,36.48,711393000,17654000,33997000,31042000,39.542,357216000
ROG,MRY,2017-12-31,2017-12-31,2017-12-31,2018-04-28,-65155000,1125134000,1101820250,454523000,670611000,0.745,42.018,-19120000,181159000,181159000,502468000,80459000,3.994,0.468,137434000,579000,136855000,137434000,0,44099000,0,0.0,0.0,139056000,183155000,0.223,183155000,139056000,132925000,4.43,4.34,4.43,766573000,728792750,766573000,2939928469,21,16.052,119862000,6.57,1.0,318575000,0.388,397385000,6131000,570216000,600942750,112557000,18324000,0,18324000,358561000,113808000,244753000,2954057469,-46608000,-60191000,3980000,-110689000,0,-113187000,-78270000,0,138982000,5867000,80459000,80459000,80459000,0,0,0.098,187796000,130779000,36116000,0.0,3.854,36.715,36.551,179611000,0,161.92,3.598,3.598,209755000,684540000,821043000,821043000,29547000,0.073,0.11,0.231,0.169,11818000,160011000,1.0,18243932,18243932,,45.004,727749000,9095000,52466000,29937000,39.89,340715000
