ticker,dimension,calendardate,datekey,reportperiod,lastupdated,accoci,assets,assetsavg,assetsc,assetsnc,assetturnover,bvps,capex,cashneq,cashnequsd,cor,consolinc,currentratio,de,debt,debtc,debtnc,debtusd,deferredrev,depamor,deposits,divyield,dps,ebit,ebitda,ebitdamargin,ebitdausd,ebitusd,ebt,eps,epsdil,epsusd,equity,equityavg,equityusd,ev,evebit,evebitda,fcf,fcfps,fxusd,gp,grossmargin,intangibles,intexp,invcap,invcapavg,inventory,investments,investmentsc,investmentsnc,liabilities,liabilitiesc,liabilitiesnc,marketcap,ncf,ncfbus,ncfcommon,ncfdebt,ncfdiv,ncff,ncfi,ncfinv,ncfo,ncfx,netinc,netinccmn,netinccmnusd,netincdis,netincnci,netmargin,opex,opinc,payables,payoutratio,pb,pe,pe1,ppnenet,prefdivis,price,ps,ps1,receivables,retearn,revenue,revenueusd,rnd,roa,roe,roic,ros,sbcomp,sgna,sharefactor,sharesbas,shareswa,shareswadil,sps,tangibles,taxassets,taxexp,taxliabilities,tbvps,workingcapital
RT,MRY,2011-12-31,2011-05-31,2011-05-31,2017-12-29,-13052000,1187026000,1136637250,83366000,1103660000,1.11,9.21,-19943000,9722000,9722000,618056000,46878000,0.699,1.006,344274000,15090000,329184000,344274000,53022000,64355000,0,0.0,0.0,67949000,132304000,0.105,132304000,67949000,54441000,0.73,0.72,0.73,591713000,572879000,591713000,1040235432,15,7.862,96349000,1.505,1.0,643117000,0.51,15571000,13508000,1386683000,1326748500,34470000,0,0,0,595313000,119324000,475989000,690037432,153000,-4257000,1903000,-94149000,0,-91647000,-24492000,0,116292000,0,46878000,46878000,46878000,2677000,0,0.037,571917000,71200000,29807000,0.0,1.166,14.72,14.521,1031151000,0,10.6,0.547,0.538,7531000,499173000,1261173000,1261173000,0,0.041,0.082,0.051,0.054,7264000,92091000,1.0,65097871,64029000,64948000,19.697,1171455000,17506000,7563000,56618000,18.233,-35958000
RT,MRY,2012-12-31,2012-06-05,2012-06-05,2017-12-29,-14257000,1173537000,1166351750,128268000,1045269000,1.125,9.195,-31972000,48184000,48184000,638146000,-188000,0.97,1.037,326663000,12454000,314209000,326663000,54017000,67611000,0,0.0,0.0,10972000,78583000,0.06,78583000,10972000,-12340000,0.0,0.0,0.0,576224000,579710500,576224000,732166010,66,9.317,80279000,1.276,1.0,673617000,0.514,7989000,23312000,1311803000,1340925750,29030000,0,0,0,597313000,132224000,465089000,433780010,38462000,-24084000,-18086000,-21984000,0,-40034000,-33755000,0,112251000,0,-188000,-188000,-188000,3714000,0,0.0,658931000,14686000,34948000,,0.753,-2307.34,,966605000,0,6.8,0.331,0.326,4700000,498985000,1311763000,1311763000,0,0.0,0.0,0.008,0.008,5878000,120364000,1.0,63791178,62916000,63508000,20.849,1165548000,27971000,-12152000,52042000,18.599,-3956000
RT,MRY,2013-12-31,2013-06-04,2013-06-04,2017-12-29,-10945000,1043183000,1106131250,121164000,922019000,1.131,8.677,-30120000,52907000,52907000,600526000,-39413000,1.147,1.018,299002000,8487000,290515000,299002000,60346000,63305000,0,0.0,0.0,-11337000,51968000,0.042,51968000,-11337000,-37913000,-0.65,-0.65,-0.65,516835000,545215000,516835000,853002487,-75,16.414,5834000,0.096,1.0,650961000,0.52,0,26576000,1183646000,1243968500,30872000,0,0,0,526348000,105632000,420716000,578929487,4723000,0,-26188000,-27538000,0,-53344000,22113000,0,35954000,0,-39413000,-39413000,-39413000,15979000,0,-0.031,646297000,4664000,14964000,0.0,1.12,-14.689,-14.615,859830000,0,9.5,0.463,0.463,4834000,459572000,1251487000,1251487000,0,-0.036,-0.072,-0.009,-0.009,4099000,138782000,1.0,60939946,61040000,61040000,20.503,1043183000,9196000,1500000,17064000,17.514,15532000
RT,MRY,2014-12-31,2014-06-03,2014-06-03,2017-12-29,-10900000,956427000,976336500,99790000,856637000,1.197,7.642,-12813000,51326000,51326000,579449000,-64346000,0.877,1.074,258691000,4816000,253875000,258691000,65411000,57347000,0,0.0,0.0,-44066000,13281000,0.011,13281000,-44066000,-69011000,-1.07,-1.07,-1.07,461209000,471600750,461209000,694889679,-15,52.322,32562000,0.541,1.0,589297000,0.504,0,24945000,1049969000,1088385000,21174000,0,0,0,495218000,113823000,381395000,472490679,-1581000,0,997000,-42034000,0,-40753000,-6203000,0,45375000,0,-64346000,-64346000,-64346000,-564000,0,-0.055,632563000,-43266000,26201000,0.0,1.024,-7.343,-7.187,794846000,0,7.69,0.404,0.396,4861000,395226000,1168746000,1168746000,0,-0.066,-0.136,-0.04,-0.038,7295000,137151000,1.0,61442221,60231000,60231000,19.404,956427000,5530000,-4665000,14721000,15.848,-14033000
RT,MRY,2015-12-31,2015-06-02,2015-06-02,2017-12-29,-10940000,925452000,935200500,118880000,806572000,1.205,7.667,-19750000,75331000,75331000,547415000,-3194000,1.077,0.988,241095000,10078000,231017000,241095000,67404000,52391000,0,0.0,0.0,17630000,70021000,0.062,70021000,17630000,-5105000,-0.05,-0.05,-0.05,465583000,462936250,465583000,572472593,32,8.176,35304000,0.583,1.0,579151000,0.514,0,22735000,980835000,1016482000,20411000,0,0,0,459869000,110381000,349488000,382384593,24148000,0,483000,-13931000,0,-13409000,-17497000,0,55054000,0,-3194000,-3194000,-3194000,0,0,-0.003,561521000,17630000,23005000,0.0,0.821,-119.72,-123.2,752174000,0,6.16,0.339,0.331,5287000,392032000,1126566000,1126566000,0,-0.003,-0.007,0.017,0.016,7073000,115327000,1.0,62075421,60580000,60580000,18.596,925452000,0,-1911000,13585000,15.24,8499000
RT,MRY,2016-12-31,2016-05-31,2016-05-31,2017-12-29,-10109000,837917000,874095000,120916000,717001000,1.248,6.823,-22726000,67341000,67341000,528047000,-50682000,1.238,1.055,223737000,9934000,213803000,223737000,67889000,51358000,0,0.0,0.0,-31108000,20250000,0.019,20250000,-31108000,-52862000,-0.83,-0.83,-0.83,407780000,437804000,407780000,410159649,-13,20.255,17054000,0.28,1.0,563181000,0.516,0,21754000,896607000,952791000,21595000,0,0,0,430137000,97706000,332431000,233536649,-8327000,0,-10077000,-18275000,0,-28352000,-19755000,0,39780000,0,-50682000,-50682000,-50682000,0,0,-0.046,594289000,-31108000,22141000,0.0,0.573,-4.608,-4.675,671250000,0,3.88,0.214,0.216,12827000,341350000,1091228000,1091228000,0,-0.058,-0.116,-0.033,-0.029,2094000,109627000,1.0,60189858,60871000,60871000,17.927,837917000,3003000,-2180000,10769000,14.02,23210000
RT,MRY,2017-12-31,2017-06-06,2017-06-06,2017-12-29,-7982000,723642000,763486500,99037000,624605000,1.247,5.094,1291000,48159000,48159000,467318000,-106140000,1.0,1.354,213709000,368000,213341000,213709000,58515000,41779000,0,0.0,0.0,-87001000,-45222000,-0.048,-45222000,-87001000,-107856000,-1.76,-1.76,-1.76,307366000,331087250,307366000,320552508,-3,-7.088,-17643000,-0.293,1.0,484653000,0.509,0,20855000,790118000,821840250,17178000,0,0,0,416276000,99074000,317202000,139297508,-25250000,0,-26000,-12977000,0,-13003000,6687000,0,-18934000,0,-106140000,-106140000,-106140000,0,0,-0.111,571654000,-87001000,17570000,0.0,0.453,-1.312,-1.307,583097000,0,2.3,0.146,0.145,7315000,235210000,951971000,951971000,0,-0.139,-0.321,-0.106,-0.091,3625000,121149000,1.0,60564134,60139000,60139000,15.83,723642000,3061000,-1716000,11028000,11.994,-37000
