ticker,dimension,calendardate,datekey,reportperiod,lastupdated,accoci,assets,assetsavg,assetsc,assetsnc,assetturnover,bvps,capex,cashneq,cashnequsd,cor,consolinc,currentratio,de,debt,debtc,debtnc,debtusd,deferredrev,depamor,deposits,divyield,dps,ebit,ebitda,ebitdamargin,ebitdausd,ebitusd,ebt,eps,epsdil,epsusd,equity,equityavg,equityusd,ev,evebit,evebitda,fcf,fcfps,fxusd,gp,grossmargin,intangibles,intexp,invcap,invcapavg,inventory,investments,investmentsc,investmentsnc,liabilities,liabilitiesc,liabilitiesnc,marketcap,ncf,ncfbus,ncfcommon,ncfdebt,ncfdiv,ncff,ncfi,ncfinv,ncfo,ncfx,netinc,netinccmn,netinccmnusd,netincdis,netincnci,netmargin,opex,opinc,payables,payoutratio,pb,pe,pe1,ppnenet,prefdivis,price,ps,ps1,receivables,retearn,revenue,revenueusd,rnd,roa,roe,roic,ros,sbcomp,sgna,sharefactor,sharesbas,shareswa,shareswadil,sps,tangibles,taxassets,taxexp,taxliabilities,tbvps,workingcapital
SAFM,MRY,2011-12-31,2011-10-31,2011-10-31,2018-02-21,0,948521000,883504250,437958000,510563000,2.239,22.889,-62784000,11075000,11075000,2085248000,-127077000,3.853,0.871,284776000,11106000,273670000,284776000,0,51661000,0,0.014,0.68,-187829000,-136168000,-0.069,-136168000,-187829000,-194242000,-5.74,-5.74,-5.74,506900000,559855250,506900000,1329863216,-7,-9.766,-264108000,-11.926,1.0,-107163000,-0.054,0,6413000,1108560000,965198250,211753000,0,0,0,441621000,113662000,327959000,1096240216,-62344000,0,-1831000,219003000,-15478000,201764000,-62784000,0,-201324000,0,-127077000,-127077000,-127077000,0,0,-0.064,81217000,-188380000,70061000,-0.118,2.163,-8.627,-8.624,505505000,0,49.5,0.554,0.554,94021000,353500000,1978085000,1978085000,0,-0.144,-0.227,-0.195,-0.095,5503000,72217000,1.0,22146267,22146267,,89.319,948521000,94869000,-67165000,50989000,42.83,324296000
SAFM,MRY,2012-12-31,2012-10-31,2012-10-31,2018-02-21,0,896453000,899198250,397787000,498666000,2.654,23.947,-49210000,27802000,27802000,2212692000,53944000,2.934,0.63,160969000,10757000,150212000,160969000,0,59979000,0,0.015,0.68,95773000,155752000,0.065,155752000,95773000,86572000,2.35,2.35,2.35,550075000,526913000,550075000,1170506035,12,7.515,156709000,6.822,1.0,173413000,0.073,0,9201000,894026000,962208750,235912000,0,0,0,346378000,135594000,210784000,1040584035,16727000,0,-635000,-124432000,-15621000,-139982000,-49210000,0,205919000,0,53944000,53944000,53944000,0,0,0.023,77097000,96316000,86755000,0.289,1.892,19.29,19.277,495313000,0,45.3,0.436,0.436,98022000,391823000,2386105000,2386105000,0,0.06,0.102,0.1,0.04,4781000,77097000,1.0,22970950,22970950,,103.875,896453000,8412000,32628000,56572000,39.026,262193000
SAFM,MRY,2013-12-31,2013-10-31,2013-10-31,2018-02-21,0,924645000,913973750,430743000,493902000,2.936,29.183,-54360000,85563000,85563000,2377055000,130617000,2.666,0.377,40213000,10799000,29414000,40213000,0,62225000,0,0.011,0.71,206249000,268474000,0.1,268474000,206249000,200113000,5.68,5.68,5.68,671599000,600154500,671599000,1479720879,7,5.512,198504000,8.625,1.0,305925000,0.114,0,6136000,717752000,823869500,205855000,0,0,0,253046000,161543000,91503000,1454692879,57761000,0,-1010000,-123539000,-16339000,-140743000,-54360000,0,252864000,0,130617000,130617000,130617000,0,0,0.049,100247000,205678000,90418000,0.125,2.166,11.137,11.129,488466000,0,63.21,0.542,0.542,108980000,506101000,2682980000,2682980000,0,0.143,0.218,0.25,0.077,8111000,100247000,1.0,23013651,23013651,,116.582,924645000,478000,69496000,64144000,40.178,269200000
SAFM,MRY,2014-12-31,2014-10-31,2014-10-31,2018-02-21,0,1111252000,1014393250,510706000,600546000,2.735,38.921,-171112000,165610000,165610000,2253898000,249048000,3.459,0.238,20000000,10000000,10000000,20000000,0,64309000,0,0.016,1.32,382043000,446352000,0.161,446352000,382043000,379466000,10.8,10.8,10.8,897948000,791376750,897948000,1818157471,4,4.073,135355000,5.867,1.0,520947000,0.188,0,2577000,818007000,780391500,190823000,0,0,0,213304000,147635000,65669000,1937488471,80047000,0,-5658000,-20213000,-30453000,-55308000,-171112000,0,306467000,0,249048000,249048000,249048000,0,0,0.09,139025000,381922000,58700000,0.122,2.158,7.78,7.776,596125000,0,83.98,0.698,0.698,118296000,724696000,2774845000,2774845000,0,0.246,0.315,0.49,0.138,12396000,139025000,1.0,23070832,23070832,,120.275,1111252000,2925000,130418000,67158000,48.167,363071000
SAFM,MRY,2015-12-31,2015-10-31,2015-10-31,2018-02-21,0,1246752000,1213008250,558081000,688671000,2.311,45.948,-157441000,196659000,196659000,2312368000,216001000,3.461,0.211,10000000,10000000,0,10000000,0,74661000,0,0.013,0.88,336227000,410888000,0.147,410888000,336227000,334091000,9.52,9.52,9.52,1029861000,996865500,1029861000,1387117449,4,3.376,142995000,6.38,1.0,491112000,0.175,0,2136000,898846000,896905000,198753000,0,0,0,216891000,161247000,55644000,1557957449,31049000,0,-68894000,-11960000,-31092000,-111946000,-157441000,0,300436000,0,216001000,216001000,216001000,0,0,0.077,155114000,335998000,62816000,0.092,1.513,7.213,7.301,682334000,0,69.51,0.556,0.556,112924000,895653000,2803480000,2803480000,0,0.178,0.217,0.375,0.12,16068000,155114000,1.0,22413429,22413429,,125.08,1246752000,16414000,118090000,47525000,55.625,396834000
SAFM,MRY,2016-12-31,2016-10-31,2016-10-31,2018-02-21,0,1422700000,1348059000,613324000,809376000,2.089,52.716,-200404000,234111000,234111000,2362056000,188961000,4.139,0.195,0,0,0,0,0,84583000,0,0.021,1.9,294385000,378968000,0.135,378968000,294385000,292677000,8.37,8.37,8.37,1190262000,1115289750,1190262000,1788647646,6,4.72,96355000,4.268,1.0,454001000,0.161,0,1708000,1040400000,991396000,220306000,0,0,0,232438000,148189000,84249000,2031627646,37452000,0,-6003000,-10000000,-42900000,-58903000,-200404000,0,296759000,0,188961000,188961000,188961000,0,0,0.067,159890000,294111000,72774000,0.227,1.707,10.752,10.75,803991000,0,89.98,0.721,0.721,124348000,1041714000,2816057000,2816057000,0,0.14,0.169,0.297,0.105,15813000,159890000,1.0,22578658,22578658,,124.722,1422700000,0,103716000,93245000,63.011,465135000
SAFM,MRY,2017-12-31,2017-10-31,2017-10-31,2018-02-21,0,1733243000,1604608500,849538000,883705000,2.083,62.998,-165915000,419285000,419285000,2700684000,279745000,4.275,0.21,0,0,0,0,0,100337000,0,0.014,2.04,426416000,526753000,0.158,526753000,426416000,424530000,12.3,12.3,12.3,1432862000,1329823250,1432862000,3003613198,7,5.702,243038000,10.686,1.0,641542000,0.192,0,1886000,1115237000,1109744000,252765000,0,0,0,300381000,198721000,101660000,3401883198,185174000,0,-9049000,-2416000,-46399000,-57864000,-165915000,0,408953000,0,279745000,279745000,279745000,0,0,0.084,216303000,425239000,90904000,0.166,2.374,12.161,12.16,876808000,0,149.57,1.018,1.018,138868000,1275060000,3342226000,3342226000,0,0.174,0.21,0.384,0.128,17376000,216303000,1.0,22744422,22744422,,146.947,1733243000,0,144785000,98547000,76.205,650817000
