ticker,dimension,calendardate,datekey,reportperiod,lastupdated,accoci,assets,assetsavg,assetsc,assetsnc,assetturnover,bvps,capex,cashneq,cashnequsd,cor,consolinc,currentratio,de,debt,debtc,debtnc,debtusd,deferredrev,depamor,deposits,divyield,dps,ebit,ebitda,ebitdamargin,ebitdausd,ebitusd,ebt,eps,epsdil,epsusd,equity,equityavg,equityusd,ev,evebit,evebitda,fcf,fcfps,fxusd,gp,grossmargin,intangibles,intexp,invcap,invcapavg,inventory,investments,investmentsc,investmentsnc,liabilities,liabilitiesc,liabilitiesnc,marketcap,ncf,ncfbus,ncfcommon,ncfdebt,ncfdiv,ncff,ncfi,ncfinv,ncfo,ncfx,netinc,netinccmn,netinccmnusd,netincdis,netincnci,netmargin,opex,opinc,payables,payoutratio,pb,pe,pe1,ppnenet,prefdivis,price,ps,ps1,receivables,retearn,revenue,revenueusd,rnd,roa,roe,roic,ros,sbcomp,sgna,sharefactor,sharesbas,shareswa,shareswadil,sps,tangibles,taxassets,taxexp,taxliabilities,tbvps,workingcapital
SCSC,MRY,2011-12-31,2011-06-30,2011-06-30,2018-05-08,3629000,1182188000,1001256750,1009514000,172674000,2.663,21.711,-14869000,28747000,28747000,2392224000,73523000,2.115,1.013,60106000,3164000,56942000,60106000,0,6464000,0,0.0,0.0,113609000,120073000,0.045,120073000,113609000,111886000,2.74,2.7,2.74,587394000,549690250,587394000,1015517758,8,8.458,-4181000,-0.156,1.0,274307000,0.103,135855000,1723000,600345000,550070500,467350000,0,0,0,594794000,477347000,117447000,1012155758,-5858000,-36228000,6372000,27082000,0,33657000,-51097000,0,10688000,894000,73523000,73523000,73523000,0,0,0.028,161326000,112981000,406453000,0.0,1.723,13.767,13.679,36819000,0,37.48,0.38,0.378,462102000,460157000,2666531000,2666531000,0,0.073,0.134,0.207,0.043,4674000,161326000,1.0,27005223,26872000,27246000,99.231,1046333000,15894000,38363000,5175000,38.674,532167000
SCSC,MRY,2012-12-31,2012-06-30,2012-06-30,2018-05-08,-21691000,1201806000,1224234500,1031930000,169876000,2.463,23.653,-12790000,29173000,29173000,2713272000,74288000,2.07,0.842,9697000,4268000,5429000,9697000,0,9580000,0,0.0,0.0,112850000,122430000,0.041,122430000,112850000,111211000,2.72,2.68,2.72,652311000,627130500,652311000,857626869,7,7.005,47168000,1.724,1.0,302024000,0.1,121091000,1639000,562838000,639421000,487946000,0,0,0,549495000,498401000,51094000,845001869,426000,0,7642000,-49654000,0,-42292000,-12790000,0,59958000,-4450000,74288000,74288000,74288000,0,0,0.025,188388000,113636000,419683000,0.0,1.295,11.375,11.265,48785000,0,30.64,0.28,0.278,458341000,534445000,3015296000,3015296000,0,0.061,0.118,0.176,0.037,5120000,188388000,1.0,27578390,27362000,27751000,110.2,1080715000,14624000,36923000,1698000,39.188,533529000
SCSC,MRY,2013-12-31,2013-06-30,2013-06-30,2018-05-08,-22972000,1164183000,1183558750,1042060000,122123000,2.431,24.926,-4831000,148164000,148164000,2584090000,34662000,2.437,0.673,5429000,0,5429000,5429000,0,8457000,0,0.0,0.0,53801000,62258000,0.022,62258000,53801000,53026000,1.25,1.24,1.25,695956000,694741000,695956000,803760640,14,12.91,124613000,4.487,1.0,292874000,0.102,101920000,775000,491846000,569101750,402307000,0,0,0,468227000,427682000,40545000,892236640,118991000,0,4024000,-5074000,0,-4978000,-4831000,0,129444000,-644000,34662000,34662000,34662000,0,0,0.012,239988000,52886000,362271000,0.0,1.282,25.741,25.6,20203000,0,32.0,0.31,0.309,435028000,569107000,2876964000,2876964000,0,0.029,0.05,0.095,0.019,4769000,191216000,1.0,27882395,27774000,27994000,103.585,1062263000,16456000,18364000,1901000,38.045,614378000
SCSC,MRY,2014-12-31,2014-06-30,2014-06-30,2018-05-08,-16700000,1335124000,1269414250,1215681000,119443000,2.295,28.14,-11228000,194851000,194851000,2612535000,81789000,2.432,0.663,5429000,0,5429000,5429000,0,7375000,0,0.0,0.0,123838000,131213000,0.045,131213000,123838000,123107000,2.89,2.86,2.89,802643000,762655750,802643000,907848890,7,6.919,36494000,1.288,1.0,301099000,0.103,48337000,731000,597534000,536138500,504758000,0,0,0,532481000,499831000,32650000,1085981890,46687000,0,12581000,-468000,0,9285000,-11228000,0,47722000,908000,81789000,81789000,81789000,0,0,0.028,177002000,124097000,421721000,0.0,1.353,13.278,13.176,31823000,0,38.08,0.373,0.37,464405000,650896000,2913634000,2913634000,0,0.064,0.107,0.231,0.043,4266000,192492000,1.0,28518432,28337000,28602000,102.821,1286787000,18109000,41318000,8870000,45.114,715850000
SCSC,MRY,2015-12-31,2015-06-30,2015-06-30,2018-05-08,-64502000,1476941000,1383835750,1244158000,232783000,2.326,28.423,-20762000,121646000,121646000,2891536000,65419000,2.078,0.826,8826000,2860000,5966000,8826000,0,11997000,0,0.0,0.0,101703000,113700000,0.035,113700000,101703000,99906000,2.29,2.27,2.29,808985000,809262250,808985000,1007562317,9,8.862,54760000,1.918,1.0,327090000,0.102,112781000,1797000,652580000,619814250,553063000,0,0,0,667956000,598760000,69196000,1089273317,-73205000,-59779000,-18008000,-33505000,0,-56893000,-80541000,0,75522000,-11293000,65419000,65419000,65419000,0,0,0.02,222982000,104108000,501329000,0.0,1.346,16.651,16.62,46574000,0,38.06,0.338,0.338,522532000,716315000,3218626000,3218626000,0,0.047,0.081,0.164,0.032,6262000,210985000,1.0,28619898,28558000,28799000,112.705,1364160000,38963000,34487000,7953000,47.929,645398000
SCSC,MRY,2016-12-31,2016-06-30,2016-06-30,2018-05-08,-72687000,1491185000,1505760750,1228905000,262280000,2.351,30.177,-12081000,61400000,61400000,3184786000,63619000,2.1,0.925,76856000,0,76856000,76856000,0,17154000,0,0.0,0.0,98134000,115288000,0.033,115288000,98134000,96010000,2.4,2.38,2.4,774496000,762839250,774496000,991375166,10,8.599,40130000,1.516,1.0,355440000,0.1,143842000,2124000,777687000,812222250,558581000,0,0,0,716689000,585112000,131577000,952380166,-60246000,-61475000,-96212000,68412000,0,-36305000,-73556000,0,52211000,-2596000,63619000,63619000,63619000,0,0,0.018,257269000,98171000,471487000,0.0,1.23,14.97,15.463,52388000,0,37.11,0.269,0.277,559557000,779934000,3540226000,3540226000,0,0.042,0.083,0.121,0.028,6992000,240115000,1.0,25663707,26472000,26687000,133.735,1347343000,28813000,32391000,5611000,52.497,643793000
SCSC,MRY,2017-12-31,2017-06-30,2017-06-30,2018-05-08,-73204000,1718303000,1693724250,1281023000,437280000,2.107,33.038,-12432000,56094000,56094000,3184590000,69246000,1.952,1.053,97300000,0,97300000,97300000,0,24968000,0,0.0,0.0,104710000,129678000,0.036,129678000,104710000,101495000,2.74,2.71,2.74,837145000,801640250,837145000,1071913531,10,8.266,82444000,3.256,1.0,383596000,0.108,302394000,3215000,800840000,826397250,531314000,0,0,0,881158000,656275000,224883000,1020166531,-5306000,-83804000,-12674000,19320000,0,-3506000,-96236000,0,94876000,-440000,69246000,69246000,69246000,0,0,0.019,290146000,93450000,513155000,0.0,1.219,14.732,14.708,56566000,0,40.3,0.286,0.286,637293000,849180000,3568186000,3568186000,0,0.041,0.086,0.127,0.029,6513000,265178000,1.0,25314306,25318000,25515000,140.935,1415909000,29491000,32249000,9738000,55.879,624748000
