ticker,dimension,calendardate,datekey,reportperiod,lastupdated,accoci,assets,assetsavg,assetsc,assetsnc,assetturnover,bvps,capex,cashneq,cashnequsd,cor,consolinc,currentratio,de,debt,debtc,debtnc,debtusd,deferredrev,depamor,deposits,divyield,dps,ebit,ebitda,ebitdamargin,ebitdausd,ebitusd,ebt,eps,epsdil,epsusd,equity,equityavg,equityusd,ev,evebit,evebitda,fcf,fcfps,fxusd,gp,grossmargin,intangibles,intexp,invcap,invcapavg,inventory,investments,investmentsc,investmentsnc,liabilities,liabilitiesc,liabilitiesnc,marketcap,ncf,ncfbus,ncfcommon,ncfdebt,ncfdiv,ncff,ncfi,ncfinv,ncfo,ncfx,netinc,netinccmn,netinccmnusd,netincdis,netincnci,netmargin,opex,opinc,payables,payoutratio,pb,pe,pe1,ppnenet,prefdivis,price,ps,ps1,receivables,retearn,revenue,revenueusd,rnd,roa,roe,roic,ros,sbcomp,sgna,sharefactor,sharesbas,shareswa,shareswadil,sps,tangibles,taxassets,taxexp,taxliabilities,tbvps,workingcapital
SCX,MRY,2011-12-31,2011-06-30,2011-06-30,2018-05-02,-1961000,227179000,215425500,143943000,83236000,1.137,22.721,-3510000,21572000,21572000,163041000,6845000,3.849,0.488,8959000,8238000,721000,8959000,0,10423000,0,0.031,0.32,13239000,23662000,0.097,23662000,13239000,13239000,1.02,1.02,1.02,152661000,142722250,152661000,53683835,4,2.269,1679000,0.251,1.0,81800000,0.334,231000,0,176938000,169076750,58789000,6421000,6421000,0,74518000,37397000,37121000,68708835,1094000,0,489000,5520000,-2149000,3860000,-10141000,-6631000,5189000,2186000,6845000,6845000,6845000,0,0,0.028,69400000,12400000,22030000,0.314,0.45,10.038,10.049,56265000,0,10.25,0.281,0.28,45567000,96477000,244841000,244841000,0,0.032,0.048,0.078,0.054,0,70750000,1.0,6703301,6698000,6717000,36.554,226948000,31101000,6394000,13933000,33.777,106546000
SCX,MRY,2012-12-31,2012-06-30,2012-06-30,2018-05-02,-25534000,252166000,236140750,151230000,100936000,1.102,18.886,-10800000,17502000,17502000,182073000,888000,5.039,0.973,31187000,1800000,29387000,31187000,0,10098000,0,0.035,0.4,111000,10209000,0.039,10209000,111000,111000,0.13,0.13,0.13,127838000,141372750,127838000,95820078,863,9.386,-7241000,-1.072,1.0,78075000,0.3,11789000,0,224051000,204556500,69895000,6282000,6282000,0,124328000,30011000,94317000,78335078,-4070000,-15070000,360000,22359000,-2704000,20015000,-25870000,0,3559000,-1774000,888000,888000,888000,0,0,0.003,79925000,-1850000,20912000,3.077,0.613,88.215,89.0,53597000,0,11.57,0.301,0.301,42167000,94661000,260148000,260148000,0,0.004,0.006,0.001,0.0,206000,79925000,1.0,6770534,6757000,6794000,38.501,240377000,41276000,-777000,13120000,35.511,121219000
SCX,MRY,2013-12-31,2013-06-30,2013-06-30,2018-05-02,-24476000,230794000,239760000,133948000,96846000,1.017,18.606,-8141000,19755000,19755000,171985000,-162000,5.594,0.821,25809000,1557000,24252000,25809000,0,9675000,0,0.039,0.4,796000,10471000,0.043,10471000,796000,796000,-0.02,-0.02,-0.02,126742000,126552750,126742000,83816150,105,8.005,12575000,1.85,1.0,71812000,0.295,11256000,0,201647000,217844500,56501000,7657000,7657000,0,104052000,23945000,80107000,69625150,2253000,0,498000,-5367000,-2721000,-7590000,-9829000,-1688000,20716000,-1044000,-162000,-162000,-162000,0,0,-0.001,73090000,-1278000,7532000,-20.0,0.549,-429.785,-511.0,51200000,0,10.22,0.286,0.285,37875000,91778000,243797000,243797000,0,-0.001,-0.001,0.004,0.003,1004000,73090000,1.0,6812637,6797000,6797000,35.868,219538000,37022000,958000,12696000,32.228,110003000
SCX,MRY,2014-12-31,2014-06-30,2014-06-30,2018-05-02,-20425000,231443000,230907250,146902000,84541000,1.07,19.622,-8240000,16233000,16233000,166038000,6712000,4.117,0.698,21352000,10548000,10804000,21352000,0,9358000,0,0.026,0.4,12057000,21415000,0.087,21415000,12057000,12057000,0.97,0.97,0.97,136314000,130702750,136314000,112789870,9,5.267,2935000,0.424,1.0,81096000,0.328,10794000,0,190082000,198381000,65582000,8723000,8723000,0,95129000,35686000,59443000,106759870,-3522000,0,560000,-4454000,-2775000,-6669000,-8347000,-107000,11175000,319000,6712000,6712000,6712000,0,0,0.027,69181000,11915000,9980000,0.412,0.783,15.906,15.856,51537000,0,15.38,0.432,0.431,43712000,95715000,247134000,247134000,0,0.029,0.051,0.061,0.049,251000,69181000,1.0,6941474,6926000,6955000,35.682,220649000,26349000,5345000,5050000,31.762,111216000
SCX,MRY,2015-12-31,2015-06-30,2015-06-30,2018-05-02,-45616000,212272000,214597250,133413000,78859000,1.126,16.345,-5700000,11108000,11108000,164855000,5244000,5.653,0.855,20104000,1552000,18552000,20104000,0,8717000,0,0.027,0.4,9942000,18659000,0.077,18659000,9942000,9942000,0.75,0.75,0.75,114430000,122736000,114430000,112387275,11,6.023,1100000,0.158,1.0,76695000,0.318,10159000,0,187510000,182509500,63003000,7855000,7855000,0,97842000,23599000,74243000,104920275,-5125000,0,496000,-1248000,-2795000,-3547000,-5544000,156000,6800000,-2834000,5244000,5244000,5244000,0,0,0.022,68092000,8603000,9471000,0.533,0.917,20.008,20.0,44413000,0,15.0,0.434,0.434,40311000,98164000,241550000,241550000,0,0.024,0.043,0.054,0.041,362000,68092000,1.0,6994685,6983000,7023000,34.591,202113000,26740000,4698000,6155000,28.869,109814000
SCX,MRY,2016-12-31,2016-06-30,2016-06-30,2018-05-02,-51965000,201598000,197962500,120911000,80687000,1.059,13.036,-8240000,19794000,19794000,162697000,-14130000,5.542,1.203,18652000,1543000,17109000,18652000,0,7214000,0,0.034,0.4,-20375000,-13161000,-0.063,-13161000,-20375000,-20375000,-2.01,-2.01,-2.01,91513000,101432250,91513000,80344636,-3,-6.105,6096000,0.869,1.0,46988000,0.224,9524000,0,169114000,168700000,56321000,0,0,0,110085000,21818000,88267000,83544636,8686000,0,-36000,-1452000,-2806000,-4294000,-619000,7621000,14336000,-737000,-14130000,-14130000,-14130000,0,0,-0.067,67433000,-20445000,8981000,-0.199,0.913,-5.913,-5.925,41010000,0,11.91,0.398,0.399,34367000,81228000,209685000,209685000,0,-0.071,-0.139,-0.121,-0.097,404000,63319000,1.0,7014663,7017000,7017000,29.882,192074000,32457000,-6245000,4000000,27.361,99093000
SCX,MRY,2017-12-31,2017-06-30,2017-06-30,2018-05-02,-49985000,192665000,193872750,110123000,82542000,1.068,13.046,-2515000,14607000,14607000,145073000,991000,3.583,1.094,17609000,11514000,6095000,17609000,0,7026000,0,0.047,0.4,1538000,8564000,0.041,8564000,1538000,1538000,0.14,0.14,0.14,92026000,94234750,92026000,61141231,39,7.139,373000,0.053,1.0,61950000,0.299,14536000,0,150392000,160111000,58097000,0,0,0,100639000,30739000,69900000,60702231,-5187000,-1324000,-51000,-1043000,-2817000,-3911000,-3839000,0,2888000,-325000,991000,991000,991000,0,0,0.005,59905000,2045000,8366000,2.857,0.66,61.254,61.429,39345000,0,8.6,0.293,0.293,30425000,79402000,207023000,207023000,0,0.005,0.011,0.01,0.007,410000,62006000,1.0,7058399,7048000,7081000,29.373,178129000,28659000,547000,3645000,25.252,79384000
