ticker,dimension,calendardate,datekey,reportperiod,lastupdated,accoci,assets,assetsavg,assetsc,assetsnc,assetturnover,bvps,capex,cashneq,cashnequsd,cor,consolinc,currentratio,de,debt,debtc,debtnc,debtusd,deferredrev,depamor,deposits,divyield,dps,ebit,ebitda,ebitdamargin,ebitdausd,ebitusd,ebt,eps,epsdil,epsusd,equity,equityavg,equityusd,ev,evebit,evebitda,fcf,fcfps,fxusd,gp,grossmargin,intangibles,intexp,invcap,invcapavg,inventory,investments,investmentsc,investmentsnc,liabilities,liabilitiesc,liabilitiesnc,marketcap,ncf,ncfbus,ncfcommon,ncfdebt,ncfdiv,ncff,ncfi,ncfinv,ncfo,ncfx,netinc,netinccmn,netinccmnusd,netincdis,netincnci,netmargin,opex,opinc,payables,payoutratio,pb,pe,pe1,ppnenet,prefdivis,price,ps,ps1,receivables,retearn,revenue,revenueusd,rnd,roa,roe,roic,ros,sbcomp,sgna,sharefactor,sharesbas,shareswa,shareswadil,sps,tangibles,taxassets,taxexp,taxliabilities,tbvps,workingcapital
SEED,MRY,2011-12-31,2011-09-30,2011-09-30,2018-02-12,-6397000,818382000,876696500,510818000,307564000,0.647,11.093,-67800000,129942000,20359687,371591000,-12781000,0.959,2.056,20000000,20000000,0,3133657,19812000,23307000,0,0.0,0.0,-7880000,15427000,0.027,2417146,-1234661,-9349000,-1.0,-1.0,-0.157,259037000,265461000,40586664,21794770,-17,9.017,-30343000,-1.299,6.382,195843000,0.345,74299000,1469000,101570000,76641000,210826000,20503000,0,20503000,532571000,532571000,0,54270690,-172669000,-67980000,2654000,-65900000,0,-55736000,-154390000,1867000,37457000,2939000,-23079000,-23079000,-3616084,0,10298000,-0.041,183230000,12613000,453699000,0.0,1.337,-15.008,-14.871,190094000,0,2.33,0.61,0.612,24217000,-99533000,567434000,88907196,44771000,-0.026,-0.087,-0.103,-0.014,4638000,143579000,1.0,23292142,23351615,23351615,3.807,744083000,5183000,13730000,39060000,31.864,-21753000
SEED,MRY,2012-12-31,2012-09-30,2012-09-30,2018-02-12,-6280000,975437000,896909500,559042000,416395000,0.616,11.164,-143024000,152789000,24307137,387783000,-2785000,0.924,2.536,74000000,39000000,35000000,11772628,23243000,19541000,0,0.0,0.0,4457000,23998000,0.043,3817831,709062,428000,-0.06,-0.06,-0.01,261047000,260042000,41529856,16311985,23,4.273,-60311000,-2.579,6.286,164328000,0.298,69876000,4029000,221577000,161573500,282544000,22433000,0,22433000,662005000,605195000,56810000,33671249,22730000,0,0,54000000,0,83400000,-143383000,2100000,82713000,117000,-1434000,-1434000,-228134,0,-1351000,-0.003,167799000,-3471000,503892000,0.0,0.811,-147.594,-150.858,317085000,0,1.44,0.383,0.383,16949000,-100967000,552111000,87835104,37629000,-0.002,-0.006,0.028,0.008,3327000,134022000,1.0,23382812,23382812,23382812,3.756,905561000,3914000,1862000,39060000,38.728,-46153000
SEED,MRY,2013-12-31,2013-09-30,2013-09-30,2018-02-12,-4390000,1158072000,1066754500,684542000,473530000,0.452,11.438,-62706000,146328000,23896059,315082000,9312000,0.91,3.149,286319000,221500000,64819000,46757257,22069000,28164000,0,0.0,0.0,23282000,51446000,0.107,8401376,3802061,11956000,0.32,0.32,0.052,266042000,263544500,43445926,19636309,5,2.337,-208815000,-8.978,6.124,166612000,0.346,68295000,11326000,477790000,349683500,470811000,24894000,0,24894000,837827000,751978000,85849000,32268280,-22701000,0,-6282000,212319000,0,191687000,-68279000,2700000,-146109000,1890000,7494000,7494000,1223805,0,1818000,0.016,148449000,18163000,469349000,0.0,0.743,26.367,26.408,354735000,0,1.38,0.41,0.408,15117000,-93473000,481694000,78662925,42162000,0.007,0.028,0.067,0.048,1893000,121528000,1.0,23382812,23259127,23278443,3.382,1089777000,1163000,4462000,39060000,46.854,-67436000
SEED,MRY,2014-12-31,2014-09-30,2014-09-30,2018-02-12,-4446000,1064870000,1111471000,624951000,439919000,0.374,11.256,-5001000,61938000,10071222,301148000,-10140000,0.887,2.95,289828000,258805000,31023000,47126519,19029000,28524000,0,0.0,0.0,-28167000,357000,0.001,58048,-4580001,-47910000,-0.42,-0.42,-0.068,255997000,261019500,41625541,72571420,-15,1250.18,-90640000,-3.985,6.15,114029000,0.275,78663000,19743000,509486000,493638000,516368000,18721000,0,18721000,755283000,704611000,50672000,49476800,-85806000,11980000,-1786000,3500000,0,394000,-561000,3900000,-85639000,96000,-9527000,-9527000,-1549106,0,-613000,-0.023,138508000,-24479000,426777000,0.0,1.189,-31.939,-31.629,338526000,0,2.16,0.733,0.728,21470000,-103000000,415177000,67508477,40377000,-0.009,-0.036,-0.057,-0.068,1324000,105400000,1.0,22905926,22743853,22743853,2.968,986207000,48000,-38383000,0,43.361,-79660000
SEED,MRY,2015-12-31,2015-09-30,2015-09-30,2018-02-12,-7053000,985829000,1025349500,543759000,442070000,0.0,10.581,-15475000,86305000,13559606,0,-17814000,0.857,2.882,284972000,244000000,40972000,44772705,11248000,30547000,0,0.0,0.0,-3241000,27306000,90.119,4290117,-509202,-13808000,-0.61,-0.61,-0.096,241194000,248595500,37894627,67299328,-132,15.687,36714000,1.611,6.365,303000,1.0,75085000,10567000,475271000,492378500,439562000,18721000,0,18721000,695051000,634140000,60911000,30469644,22364000,0,0,-4856000,0,-9466000,-20359000,0,52189000,-2607000,-13808000,-13808000,-2169411,-42392000,-4006000,-45.571,50598000,-50295000,378855000,0.0,0.804,-14.045,-13.982,324905000,0,1.34,640.05,641.633,12535000,-116808000,303000,47605,46142000,-0.013,-0.056,-0.007,-10.696,1612000,14108000,1.0,22738541,22794791,22794791,0.002,910744000,48000,0,37000,39.954,-90381000
SEED,MRY,2016-12-31,2016-09-30,2016-09-30,2018-02-12,-11177000,880626000,933227500,478103000,402523000,0.001,7.887,-15231000,24756000,3732191,0,-76833000,0.778,3.672,152057000,132057000,20000000,22923972,0,31222000,0,0.0,0.0,-57971000,-26749000,-55.611,-4032654,-8739654,-65578000,-2.87,-2.87,-0.433,180288000,210741000,27180051,84277545,-9,-20.899,32674000,1.429,6.633,481000,1.0,36291000,7607000,357134000,416202500,624000,18721000,0,18721000,662009000,614502000,47507000,54068092,-7392000,10000000,0,-47915000,0,-48816000,-6481000,0,47905000,-4124000,-65578000,-65578000,-9886478,4983000,-11255000,-136.337,64793000,-64312000,53286000,0.0,1.989,-5.469,-5.478,152059000,0,2.37,745.611,747.083,4585000,-182386000,481000,72515,41272000,-0.07,-0.311,-0.139,-120.522,8796000,31786000,1.0,22813541,22858541,22858541,0.003,844335000,0,0,0,36.937,-136399000
SEED,MRY,2017-12-31,2017-09-30,2017-09-30,2018-02-12,-18821000,324140000,602383000,89059000,235081000,0.0,4.811,-3626000,3245000,488234,0,-106261000,0.664,1.882,115608000,58839000,56769000,17394077,0,27687000,0,0.0,0.0,-66668000,-38981000,,-5864979,-10030693,-75674000,-3.24,-3.24,-0.487,112309000,146298500,16897719,60781771,-6,-10.364,-123793000,-5.303,6.646,0,,29590000,9006000,272809000,314971500,1223000,18721000,0,18721000,211341000,134104000,77237000,37512607,-43620000,33165000,6658000,19169000,0,47008000,29539000,0,-120167000,-7644000,-75674000,-75674000,-11385712,30122000,-30587000,,68560000,-68560000,44224000,0.0,2.22,-3.295,-3.364,144832000,0,1.64,,,61238000,-258060000,0,0,38682000,-0.126,-0.517,-0.212,,5404000,34906000,1.0,22873541,23343126,23343126,0.0,294550000,0,0,0,12.618,-45045000
