ticker,dimension,calendardate,datekey,reportperiod,lastupdated,accoci,assets,assetsavg,assetsc,assetsnc,assetturnover,bvps,capex,cashneq,cashnequsd,cor,consolinc,currentratio,de,debt,debtc,debtnc,debtusd,deferredrev,depamor,deposits,divyield,dps,ebit,ebitda,ebitdamargin,ebitdausd,ebitusd,ebt,eps,epsdil,epsusd,equity,equityavg,equityusd,ev,evebit,evebitda,fcf,fcfps,fxusd,gp,grossmargin,intangibles,intexp,invcap,invcapavg,inventory,investments,investmentsc,investmentsnc,liabilities,liabilitiesc,liabilitiesnc,marketcap,ncf,ncfbus,ncfcommon,ncfdebt,ncfdiv,ncff,ncfi,ncfinv,ncfo,ncfx,netinc,netinccmn,netinccmnusd,netincdis,netincnci,netmargin,opex,opinc,payables,payoutratio,pb,pe,pe1,ppnenet,prefdivis,price,ps,ps1,receivables,retearn,revenue,revenueusd,rnd,roa,roe,roic,ros,sbcomp,sgna,sharefactor,sharesbas,shareswa,shareswadil,sps,tangibles,taxassets,taxexp,taxliabilities,tbvps,workingcapital
SGU,MRY,2011-12-31,2011-09-30,2011-09-30,2018-05-02,-27467000,630487000,654149750,303775000,326712000,2.433,4.127,-6269000,86789000,86789000,1237341000,24344000,1.441,1.313,124263000,0,124263000,124263000,40903000,20324000,67214000,0.063,0.31,62721000,83045000,0.052,83045000,62721000,47067000,0.35,0.35,0.35,272633000,306285750,272633000,402384009,6,4.845,33133000,0.496,1.0,353969000,0.222,251644000,15654000,205523000,294706500,80536000,0,0,0,357854000,210794000,147060000,328680009,25727000,-9659000,-10949000,40280000,-20677000,2253000,-15928000,0,39402000,0,24344000,24229000,24229000,0,0,0.015,284541000,69428000,18569000,0.886,1.206,13.566,14.0,47131000,115000,4.9,0.207,0.206,92967000,,1591310000,1591310000,0,0.037,0.079,0.213,0.039,0,20709000,1.0,67077553,66822000,66822000,23.814,378843000,30801000,22723000,0,5.735,92981000
SGU,MRY,2012-12-31,2012-09-30,2012-09-30,2018-05-02,-26771000,639347000,644730750,301519000,337828000,2.323,4.264,-5300000,108091000,108091000,1199811000,25989000,1.321,1.458,124357000,0,124357000,124357000,40799000,18029000,85976000,0.074,0.32,56625000,74654000,0.05,74654000,56625000,42565000,0.4,0.4,0.4,260145000,269234750,260145000,296726001,5,3.975,100528000,1.623,1.0,297777000,0.199,275815000,14060000,151469000,229091750,47465000,0,0,0,379202000,228329000,150873000,263625001,21302000,-39217000,-19648000,0,-19525000,-40009000,-44517000,0,105828000,0,25989000,25853000,25853000,0,0,0.017,248067000,49710000,22583000,0.8,1.013,10.197,10.8,52608000,136000,4.32,0.176,0.179,88267000,,1497588000,1497588000,0,0.04,0.096,0.247,0.038,0,18689000,1.0,61024306,61931000,61931000,24.182,363532000,25844000,16576000,8436000,5.958,73190000
SGU,MRY,2013-12-31,2013-09-30,2013-09-30,2018-05-02,-23011000,632504000,659204250,305880000,326624000,2.642,4.479,-5584000,85057000,85057000,1388668000,29906000,1.386,1.439,124460000,0,124460000,124460000,40608000,19047000,70196000,0.065,0.32,64260000,83307000,0.048,83307000,64260000,49827000,0.47,0.47,0.47,259281000,273650000,259281000,365317782,5,4.385,12908000,0.217,1.0,353128000,0.203,267920000,14433000,183361000,260695750,68150000,0,0,0,373223000,220626000,152597000,285265782,-23034000,-1376000,-15217000,-36000,-19313000,-34566000,-6960000,0,18492000,0,29906000,29747000,29747000,0,0,0.017,280348000,72780000,18681000,0.681,1.1,9.59,10.468,51323000,159000,4.92,0.164,0.168,96124000,,1741796000,1741796000,0,0.045,0.109,0.246,0.037,0,18356000,1.0,57980850,59409000,59409000,29.319,364584000,32447000,19921000,19292000,6.299,85254000
SGU,MRY,2014-12-31,2014-09-30,2014-09-30,2018-05-02,-23618000,685107000,753023000,296465000,388642000,2.605,4.756,-8855000,48999000,48999000,1555300000,36084000,1.17,1.507,124572000,0,124572000,124572000,43901000,23237000,72595000,0.06,0.34,78253000,101490000,0.052,101490000,78253000,61399000,0.57,0.57,0.57,273245000,293148250,273245000,485112818,6,4.78,86300000,1.501,1.0,406424000,0.207,310114000,16854000,197134000,300943250,59240000,0,0,0,411862000,253432000,158430000,328140818,-36058000,-98463000,-1663000,-2382000,-19850000,-23895000,-107318000,0,95155000,0,36084000,35881000,35881000,0,0,0.018,320003000,86421000,21644000,0.596,1.201,9.145,10.018,67419000,203000,5.71,0.167,0.167,123800000,,1961724000,1961724000,0,0.048,0.122,0.26,0.04,0,22592000,1.0,57467744,57476000,57476000,34.131,374993000,38141000,25315000,25181000,6.526,43033000
SGU,MRY,2015-12-31,2015-09-30,2015-09-30,2018-05-02,-22544000,685508000,740324000,271479000,414029000,2.262,5.061,-9255000,100508000,100508000,1203588000,37556000,0.975,1.365,100000000,10000000,90000000,100000000,44419000,26748000,78207000,0.043,0.364,84450000,111198000,0.066,111198000,84450000,70391000,0.59,0.59,0.59,289886000,317036750,289886000,488342168,5,4.392,127598000,2.227,1.0,470703000,0.281,318362000,14059000,88126000,201864500,55671000,0,0,0,395622000,278512000,117110000,486327168,51509000,-21130000,-691000,-27422000,-21298000,-54959000,-30385000,0,136853000,0,37556000,37344000,37344000,0,0,0.022,372903000,97800000,25322000,0.617,1.678,13.023,14.39,68123000,212000,8.49,0.29,0.29,89230000,,1674291000,1674291000,0,0.05,0.118,0.418,0.05,0,25908000,1.0,57282352,57285000,57285000,29.227,367146000,16308000,32835000,0,6.409,-7033000
SGU,MRY,2016-12-31,2016-09-30,2016-09-30,2018-05-02,-20762000,692111000,747196000,294858000,397253000,1.554,5.348,-9816000,139188000,139188000,768841000,44934000,1.017,1.296,91641000,16200000,75441000,91641000,56971000,27777000,84921000,0.041,0.395,86157000,113934000,0.098,113934000,86157000,78672000,0.7,0.7,0.7,301493000,320400000,301493000,475706578,5,4.175,92141000,1.616,1.0,392497000,0.338,310416000,7485000,44226000,96379750,45894000,0,0,0,390618000,289922000,100696000,551862578,38680000,-9815000,-12017000,-7797000,-23092000,-43646000,-19631000,0,101957000,0,44934000,44682000,44682000,0,0,0.038,323310000,69187000,25690000,0.564,1.83,12.351,13.786,70410000,252000,9.65,0.475,0.474,78650000,,1161338000,1161338000,0,0.06,0.139,0.894,0.074,0,23366000,1.0,57187832,57022000,57022000,20.366,381695000,5353000,33738000,0,6.77,4936000
SGU,MRY,2017-12-31,2017-09-30,2017-09-30,2018-05-02,-18765000,673917000,695332750,241241000,432676000,1.903,5.476,-11430000,52708000,52708000,915056000,26900000,0.886,1.202,75717000,10000000,65717000,75717000,60133000,29163000,66723000,0.037,0.424,54051000,83214000,0.063,83214000,54051000,47276000,0.46,0.46,0.46,306068000,324438000,306068000,617657893,11,7.423,9628000,0.172,1.0,408499000,0.309,331133000,6775000,93460000,126345000,59596000,0,0,0,367849000,272333000,95516000,634326893,-86480000,-43304000,0,-16260000,-24322000,-41157000,-66381000,-11647000,21058000,0,26900000,26744000,26744000,0,0,0.02,355360000,53139000,26739000,0.922,2.073,23.718,24.674,79673000,156000,11.35,0.479,0.479,96603000,,1323555000,1323555000,0,0.038,0.082,0.428,0.041,0,24998000,1.0,55887832,55888000,55888000,23.682,342784000,0,20376000,6140000,6.133,-31092000
