ticker,dimension,calendardate,datekey,reportperiod,lastupdated,accoci,assets,assetsavg,assetsc,assetsnc,assetturnover,bvps,capex,cashneq,cashnequsd,cor,consolinc,currentratio,de,debt,debtc,debtnc,debtusd,deferredrev,depamor,deposits,divyield,dps,ebit,ebitda,ebitdamargin,ebitdausd,ebitusd,ebt,eps,epsdil,epsusd,equity,equityavg,equityusd,ev,evebit,evebitda,fcf,fcfps,fxusd,gp,grossmargin,intangibles,intexp,invcap,invcapavg,inventory,investments,investmentsc,investmentsnc,liabilities,liabilitiesc,liabilitiesnc,marketcap,ncf,ncfbus,ncfcommon,ncfdebt,ncfdiv,ncff,ncfi,ncfinv,ncfo,ncfx,netinc,netinccmn,netinccmnusd,netincdis,netincnci,netmargin,opex,opinc,payables,payoutratio,pb,pe,pe1,ppnenet,prefdivis,price,ps,ps1,receivables,retearn,revenue,revenueusd,rnd,roa,roe,roic,ros,sbcomp,sgna,sharefactor,sharesbas,shareswa,shareswadil,sps,tangibles,taxassets,taxexp,taxliabilities,tbvps,workingcapital
SHLO,MRY,2011-12-31,2011-10-31,2011-10-31,2018-03-08,-24787000,240674000,236303000,116703000,123971000,2.191,6.424,-18452000,20000,20000,478807000,7845000,1.434,1.236,26128000,428000,25700000,26128000,0,22367000,0,0.015,0.12,14795000,37162000,0.072,37162000,14795000,13081000,0.47,0.47,0.47,107652000,105318000,107652000,163572108,11,4.402,1839000,0.11,1.0,38936000,0.075,0,1714000,185407000,188278250,33976000,0,0,0,133022000,81375000,51647000,132377108,-14000,0,573000,-670000,-2004000,-2101000,-18204000,0,20291000,0,7845000,7845000,7845000,0,0,0.015,24104000,14832000,57214000,0.255,1.23,16.874,16.809,121467000,0,7.9,0.256,0.255,77066000,68321000,517743000,517743000,0,0.033,0.074,0.079,0.029,799000,23658000,1.0,16756596,16716000,16859000,30.973,240674000,4834000,5236000,0,14.362,35328000
SHLO,MRY,2012-12-31,2012-10-31,2012-10-31,2018-03-08,-31311000,249102000,247986000,127839000,121263000,2.363,6.397,-17095000,174000,174000,535339000,13526000,1.496,1.319,21597000,447000,21150000,21597000,0,18793000,0,0.044,0.5,24032000,42825000,0.073,42825000,24032000,22507000,0.8,0.8,0.8,107403000,108584500,107403000,219177301,9,5.118,8429000,0.501,1.0,50735000,0.087,0,1525000,185050000,190574000,44687000,0,0,0,141699000,85475000,56224000,191931301,154000,0,417000,-4640000,-8422000,-12645000,-12725000,0,25524000,0,13526000,13526000,13526000,0,0,0.023,26655000,24080000,63633000,0.625,1.787,14.19,14.225,117101000,0,11.38,0.327,0.326,78092000,73425000,586074000,586074000,0,0.055,0.125,0.126,0.041,754000,27519000,1.0,16865668,16813000,16904000,34.858,249102000,6648000,8981000,0,14.837,42364000
SHLO,MRY,2013-12-31,2013-10-31,2013-10-31,2018-03-08,-26082000,391953000,339876000,166779000,225174000,2.06,7.745,-27441000,398000,398000,633034000,21570000,1.426,1.989,120266000,882000,119384000,120266000,0,20878000,0,0.015,0.25,34775000,55653000,0.079,55653000,34775000,32175000,1.27,1.27,1.27,131149000,117520750,131149000,362556511,10,6.515,11372000,0.67,1.0,67152000,0.096,24373000,2600000,370507000,321484500,42924000,0,0,0,260804000,116941000,143863000,279334511,224000,-104470000,302000,96748000,-4246000,92804000,-131393000,0,38813000,0,21570000,21570000,21570000,0,0,0.031,32548000,34604000,87977000,0.197,2.13,12.95,12.929,197874000,0,16.42,0.399,0.398,117510000,90749000,700186000,700186000,0,0.063,0.184,0.108,0.05,738000,31181000,1.0,17011846,16982000,17030000,41.231,367580000,2829000,10605000,2635000,21.707,49838000
SHLO,MRY,2014-12-31,2014-10-31,2014-10-31,2018-03-08,-36881000,629525000,493926750,293762000,335763000,1.685,8.336,-39593000,12014000,12014000,755755000,19915000,1.548,3.356,270020000,1918000,268102000,270020000,0,27839000,0,0.0,0.0,28467000,56306000,0.068,56306000,28467000,24052000,1.16,1.16,1.16,144519000,144331500,144519000,489845199,17,8.7,-10575000,-0.617,1.0,76312000,0.092,52885000,4415000,644914000,478577000,61843000,1045000,1045000,0,485006000,189732000,295274000,293033199,11616000,-124544000,1061000,141465000,0,142526000,-159408000,-1033000,29018000,-520000,19915000,19915000,19915000,0,0,0.024,48374000,27938000,146478000,0.0,2.028,14.714,14.69,274828000,0,17.04,0.352,0.351,171775000,113193000,832067000,832067000,0,0.04,0.138,0.059,0.034,579000,50236000,1.0,17196784,17145000,17215000,48.531,576640000,8243000,4137000,2739000,33.261,104030000
SHLO,MRY,2015-12-31,2015-10-31,2015-10-31,2018-03-08,-50049000,660854000,635733250,319629000,341225000,1.688,7.689,-39376000,13100000,13100000,986865000,5905000,1.617,3.915,300953000,2080000,298873000,300953000,0,34267000,0,0.0,0.0,20513000,54780000,0.051,54780000,20513000,10615000,0.34,0.34,0.34,134462000,140119000,134462000,383866136,18,7.007,-36003000,-2.083,1.0,86187000,0.08,47535000,9898000,703510000,669777000,57868000,356000,356000,0,526392000,197662000,328730000,130060136,1086000,195000,159000,25961000,0,26120000,-27701000,0,3373000,-706000,5905000,5905000,5905000,0,0,0.006,65710000,20477000,161123000,0.0,0.967,22.025,22.176,279223000,0,7.54,0.121,0.121,195247000,115004000,1073052000,1073052000,0,0.009,0.042,0.031,0.019,1025000,63028000,1.0,17249355,17287000,17310000,62.073,613319000,10310000,4710000,6180000,35.071,121967000
SHLO,MRY,2016-12-31,2016-10-31,2016-10-31,2018-03-08,-56462000,626429000,619503000,293153000,333276000,1.72,7.716,-28324000,8696000,8696000,969658000,3669000,1.444,3.717,258945000,2023000,256922000,258945000,0,37645000,0,0.0,0.0,16603000,54248000,0.051,54248000,16603000,-1483000,0.21,0.21,0.21,132790000,136742000,132790000,379177251,22,6.99,41037000,2.343,1.0,96176000,0.09,44769000,18086000,628862000,646589750,60547000,174000,174000,0,493639000,203047000,290592000,123122251,-4404000,-1500000,0,-43546000,0,-43546000,-28316000,0,69361000,-1903000,3669000,3669000,3669000,0,0,0.003,79596000,16580000,158514000,0.0,0.927,33.557,33.286,265837000,0,6.99,0.116,0.115,185097000,118673000,1065834000,1065834000,0,0.006,0.027,0.026,0.016,1072000,73417000,1.0,17614056,17513000,17526000,60.86,581660000,11627000,-5152000,6420000,33.798,90106000
SHLO,MRY,2017-12-31,2017-10-31,2017-10-31,2018-03-08,-42237000,618583000,609269250,294521000,324062000,1.71,8.264,-48395000,8736000,8736000,927853000,-697000,1.364,2.285,183092000,2027000,181065000,183092000,0,41648000,0,0.0,0.0,21511000,63159000,0.061,63159000,21511000,6423000,-0.04,-0.04,-0.04,188321000,161497250,188321000,379020789,17,6.001,27920000,1.452,1.0,114133000,0.11,42884000,15088000,534170000,562425250,61812000,194000,194000,0,430262000,215885000,214377000,214588789,40000,1170000,40305000,-77828000,0,-37523000,-39620000,0,76315000,868000,-697000,-697000,-697000,0,0,-0.001,92626000,21507000,166059000,0.0,1.139,-307.875,-232.0,266891000,0,9.28,0.206,0.171,189423000,117976000,1041986000,1041986000,0,-0.001,-0.004,0.038,0.021,1698000,83142000,1.0,23123792,19233000,19233000,54.177,575699000,6676000,7120000,10794000,25.263,78636000
