ticker,dimension,calendardate,datekey,reportperiod,lastupdated,accoci,assets,assetsavg,assetsc,assetsnc,assetturnover,bvps,capex,cashneq,cashnequsd,cor,consolinc,currentratio,de,debt,debtc,debtnc,debtusd,deferredrev,depamor,deposits,divyield,dps,ebit,ebitda,ebitdamargin,ebitdausd,ebitusd,ebt,eps,epsdil,epsusd,equity,equityavg,equityusd,ev,evebit,evebitda,fcf,fcfps,fxusd,gp,grossmargin,intangibles,intexp,invcap,invcapavg,inventory,investments,investmentsc,investmentsnc,liabilities,liabilitiesc,liabilitiesnc,marketcap,ncf,ncfbus,ncfcommon,ncfdebt,ncfdiv,ncff,ncfi,ncfinv,ncfo,ncfx,netinc,netinccmn,netinccmnusd,netincdis,netincnci,netmargin,opex,opinc,payables,payoutratio,pb,pe,pe1,ppnenet,prefdivis,price,ps,ps1,receivables,retearn,revenue,revenueusd,rnd,roa,roe,roic,ros,sbcomp,sgna,sharefactor,sharesbas,shareswa,shareswadil,sps,tangibles,taxassets,taxexp,taxliabilities,tbvps,workingcapital
SIFY,MRY,2011-12-31,2011-03-31,2011-03-31,2017-06-25,0,9238371000,9284085500,3934838000,5303533000,0.742,87.454,-671449000,543097000,12186584,4209430000,-519492000,0.991,0.98,2165564000,1775210000,390354000,48593215,412594000,685836000,0,0.0,0.0,-260870000,424966000,0.062,9535836,-5853677,-519492000,-8.2,-8.2,-0.184,4665792000,4418442000,104695976,230407330,-39,24.162,-403650000,-7.566,44.565,2677199000,0.389,104626000,258622000,6785020000,6718569500,15637000,702523000,0,702523000,4572579000,3971192000,601387000,191531877,46409000,0,1000000000,-155035000,0,551700000,-730650000,-160000,267799000,-627000,-519492000,-519492000,-11656911,0,0,-0.075,3129492000,-452293000,1783388000,0.0,1.829,-16.431,-19.511,3760473000,0,3.59,1.239,1.239,3185913000,-13606851000,6886629000,154529466,0,-0.056,-0.118,-0.039,-0.038,10201000,2441799000,1.0,53351498,53351498,,2.896,9133745000,0,0,0,171.199,-36354000
SIFY,MRY,2012-12-31,2012-03-31,2012-03-31,2017-06-25,0,10582818000,9910594500,4446283000,6136535000,0.777,32.804,-839624000,892768000,17606269,5124090000,-383337000,1.063,0.809,1704449000,1416996000,287453000,33613422,383793000,691560000,0,0.0,0.0,-76605000,614955000,0.08,12127521,-1510726,-383337000,-3.71,-3.71,-0.073,5850654000,5258223000,115380692,612646608,-405,50.517,-117735000,-0.66,50.707,2574859000,0.334,105727000,306732000,7105631000,6945325500,20259000,160000,0,160000,4732164000,4183141000,549023000,579642368,234650000,0,1521398000,-672064000,0,536407000,-901971000,0,721889000,-4258000,-383337000,-383337000,-7559785,0,0,-0.05,2775452000,-200593000,2382352000,0.0,5.024,-76.674,-44.42,3860287000,0,3.25,3.818,3.818,3335223000,-13990188000,7698949000,151830900,0,-0.039,-0.073,-0.011,-0.01,31385000,2083892000,1.0,178351498,178351498,,0.851,10477091000,0,0,0,58.744,263142000
SIFY,MRY,2013-12-31,2013-03-31,2013-03-31,2017-06-25,0,11799408000,11191113000,5180267000,6619141000,0.766,35.355,-1623876000,1001052000,18429224,5340910000,451569000,1.171,0.87,2245288000,1458013000,787275000,41335432,522212000,848210000,0,0.0,0.0,712010000,1560220000,0.182,28723428,13108002,451569000,3.43,3.43,0.063,6311422000,6081038000,116192381,364521406,27,12.691,-1061532000,-5.947,54.319,3229406000,0.377,600622000,260441000,8017974000,7561802500,186666000,1710000,0,1710000,5487986000,4425048000,1062938000,349886634,261891000,1390270000,0,276382000,0,11232000,-212748000,-1550000,562344000,-33000,451569000,451569000,8313321,0,0,0.053,3299684000,-70278000,2444823000,0.0,3.011,42.087,31.039,5069678000,0,1.96,2.218,2.218,3795567000,-13538619000,8570316000,157778298,0,0.04,0.074,0.094,0.083,2566000,2451474000,1.0,178513589,178513589,,0.884,11198786000,0,0,0,62.734,755219000
SIFY,MRY,2014-12-31,2014-03-31,2014-03-31,2017-06-25,0,14114363000,12956885500,6510512000,7603851000,0.807,38.964,-884761000,1270127000,21216563,6136860000,318400000,1.206,1.029,3124268000,1836546000,1287722000,52188662,667778000,1101243000,0,0.0,0.0,696022000,1797265000,0.172,30022026,11626549,318400000,2.33,2.33,0.039,6955653000,6633537500,116189208,391909989,33,13.054,30161000,0.169,59.865,4323369000,0.413,559436000,377622000,10008766000,9013370000,200829000,1710000,0,1710000,7158710000,5400302000,1758408000,371308265,276756000,0,301131000,187005000,0,114999000,-806684000,0,914922000,-422000,318400000,318400000,5318644,0,0,0.03,3841056000,482313000,2895978000,0.0,3.196,69.813,53.442,5603130000,0,2.08,2.125,2.125,4875533000,-13220219000,10460229000,174730643,0,0.025,0.048,0.077,0.067,45000,2739813000,1.0,178513589,178513589,,0.979,13554927000,0,0,0,75.932,1110210000
SIFY,MRY,2015-12-31,2015-03-31,2015-03-31,2017-06-25,0,16234235000,15174299000,8075735000,8158500000,0.848,40.135,-832821000,1477547000,23606663,7727312000,375258000,1.147,1.266,4068170000,2629196000,1438974000,64996864,915692000,1271806000,0,0.016,0.02,887673000,2159479000,0.168,34501843,14182288,375380000,2.66,2.65,0.042,7165301000,7060477000,114479507,261109076,18,7.568,1032937000,5.786,62.59,5137302000,0.399,574385000,512293000,11207631000,10608198500,233094000,1710000,0,1710000,9068934000,7042842000,2026092000,230304715,92331000,0,0,70193000,-159921000,-597725000,-866925000,0,1865758000,-4460000,375258000,375258000,5995470,0,0,0.029,4403846000,733456000,3497954000,0.471,2.012,38.413,30.354,5972268000,0,1.29,1.121,1.121,6113455000,-13004882000,12864614000,205537028,0,0.025,0.053,0.084,0.069,11719000,3132040000,1.0,178530787,178530787,,1.151,15659850000,0,122000,0,87.715,1032893000
SIFY,MRY,2016-12-31,2016-03-31,2016-03-31,2017-06-25,0,18601926000,17418080500,10075016000,8526910000,0.863,42.014,-1482597000,1735880000,26186862,9103864000,438453000,1.116,1.48,4520715000,3129610000,1391105000,68197884,1097150000,1598037000,0,0.016,0.02,1004030000,2602067000,0.173,39253849,15146436,438318000,3.11,3.1,0.047,7500831000,7333066000,113154845,267381435,17,6.812,1451508000,8.13,66.288,5931032000,0.394,605646000,565712000,11752772000,11480201500,741432000,1710000,0,1710000,11101095000,9028343000,2072752000,226734099,296298000,0,0,157302000,-169741000,-580313000,-1566051000,0,2934105000,-836000,438453000,438453000,6614344,0,0,0.029,5077324000,853708000,4801583000,0.426,2.004,34.279,27.069,6327890000,0,1.27,1.0,1.0,7361452000,-12736171000,15034896000,226811046,0,0.025,0.06,0.087,0.067,51986000,3479287000,1.0,178530787,178530787,,1.27,17996280000,0,-135000,0,100.802,1046673000
SIFY,MRY,2017-12-31,2017-03-31,2017-03-31,2017-06-25,0,21534054000,20067990000,12138723000,9395331000,0.918,46.291,-1619003000,1884265000,29017710,11870221000,642399000,1.061,1.606,4921458000,3853888000,1067570000,75790528,1216706000,1785901000,0,0.011,0.01,1080206000,2866107000,0.155,44138091,16635189,643097000,4.45,4.45,0.069,8264419000,7882625000,127272179,201925038,12,4.575,148358000,0.831,64.935,6561799000,0.356,559102000,437109000,12573944000,12163358000,1181987000,74653000,0,74653000,13269635000,11438201000,1831434000,160677708,-121251000,0,304627000,41160000,-172360000,-261891000,-1634809000,0,1767361000,-3656000,642399000,642399000,9892954,0,0,0.035,5750049000,811750000,6367607000,0.146,1.262,16.242,13.133,6622081000,0,0.9,0.566,0.566,8781692000,-12265524000,18432020000,283853391,0,0.032,0.081,0.089,0.059,17910000,3991273000,1.0,178530787,178530787,,1.59,20974952000,0,698000,0,117.486,700522000
