ticker,dimension,calendardate,datekey,reportperiod,lastupdated,accoci,assets,assetsavg,assetsc,assetsnc,assetturnover,bvps,capex,cashneq,cashnequsd,cor,consolinc,currentratio,de,debt,debtc,debtnc,debtusd,deferredrev,depamor,deposits,divyield,dps,ebit,ebitda,ebitdamargin,ebitdausd,ebitusd,ebt,eps,epsdil,epsusd,equity,equityavg,equityusd,ev,evebit,evebitda,fcf,fcfps,fxusd,gp,grossmargin,intangibles,intexp,invcap,invcapavg,inventory,investments,investmentsc,investmentsnc,liabilities,liabilitiesc,liabilitiesnc,marketcap,ncf,ncfbus,ncfcommon,ncfdebt,ncfdiv,ncff,ncfi,ncfinv,ncfo,ncfx,netinc,netinccmn,netinccmnusd,netincdis,netincnci,netmargin,opex,opinc,payables,payoutratio,pb,pe,pe1,ppnenet,prefdivis,price,ps,ps1,receivables,retearn,revenue,revenueusd,rnd,roa,roe,roic,ros,sbcomp,sgna,sharefactor,sharesbas,shareswa,shareswadil,sps,tangibles,taxassets,taxexp,taxliabilities,tbvps,workingcapital
SIRO,MRY,2011-12-31,2011-09-30,2011-09-30,2017-04-08,11309000,1726128000,1704392250,581424000,1144704000,0.536,16.688,-56958000,346514000,346514000,430214000,123785000,1.086,0.844,368403000,368403000,0,368403000,50000000,81173000,0,0.0,0.0,161420000,242593000,0.265,242593000,161420000,157537000,2.19,2.13,2.19,935920000,920672750,935920000,2441112992,15,10.063,121895000,2.187,1.0,483652000,0.529,1000241000,3883000,212550000,245895250,93028000,2453000,0,2453000,790208000,535226000,254982000,2383771992,100398000,-20836000,-8327000,0,0,-313000,-78142000,-145000,178853000,-6306000,121793000,121793000,121793000,0,1992000,0.133,322707000,160945000,48697000,0.0,2.547,19.572,19.365,131044000,0,42.41,2.608,2.587,97853000,303639000,913866000,913866000,55530000,0.071,0.132,0.656,0.177,14229000,277081000,1.0,56207781,55735422,57292996,16.397,725887000,36634000,35744000,146246000,12.943,46198000
SIRO,MRY,2012-12-31,2012-09-30,2012-09-30,2017-04-08,-29797000,1494534000,1454456750,409280000,1085254000,0.673,18.066,-47000000,151088000,151088000,455400000,135600000,2.198,0.506,75478000,478000,75000000,75478000,40000000,77700000,0,0.0,0.0,176500000,254200000,0.26,254200000,176500000,176500000,2.41,2.36,2.41,992375000,968104250,992375000,3112277269,17,12.243,154500000,2.783,1.0,524000000,0.535,919633000,0,313054000,348735250,81007000,0,0,0,502159000,186237000,315922000,3137860269,-196200000,0,-45400000,-298300000,0,-345600000,-52100000,0,201500000,1500000,133800000,133800000,133800000,0,1800000,0.137,338200000,185800000,51961000,0.0,3.162,23.452,23.635,143351000,0,56.96,3.204,3.229,132569000,437471000,979400000,979400000,52600000,0.092,0.138,0.506,0.18,8600000,295600000,1.0,55088839,55524188,56755396,17.639,574901000,39882000,42700000,138164000,10.466,223043000
SIRO,MRY,2013-12-31,2013-09-30,2013-09-30,2017-04-08,8600000,1738400000,1619262750,563100000,1175300000,0.68,21.149,-70600000,242400000,242400000,510100000,148500000,2.288,0.501,75400000,400000,75000000,75400000,34400000,75600000,0,0.0,0.0,195700000,271300000,0.246,271300000,195700000,195700000,2.67,2.61,2.67,1158000000,1082361500,1158000000,3552783716,18,13.095,161400000,2.936,1.0,591400000,0.537,973800000,0,351500000,350265500,109200000,0,0,0,580400000,246100000,334300000,3683263716,87100000,-35000000,-35000000,-100000,0,-38100000,-106800000,0,232000000,3500000,146700000,146700000,146700000,0,1800000,0.133,378600000,212800000,73200000,0.0,3.181,25.107,25.067,182700000,0,66.93,3.344,3.341,145200000,584200000,1101500000,1101500000,60200000,0.091,0.136,0.559,0.178,12800000,332800000,1.0,55031581,54979044,56213992,20.035,764600000,46900000,49000000,141500000,13.964,317000000
SIRO,MRY,2014-12-31,2014-09-30,2014-09-30,2017-04-08,-72800000,1811000000,1820532000,687100000,1123900000,0.643,22.797,-92600000,383600000,383600000,529400000,177400000,2.895,0.436,79500000,1500000,78000000,79500000,25900000,76300000,0,0.0,0.0,228700000,305000000,0.26,305000000,228700000,228700000,3.18,3.13,3.18,1261200000,1262550750,1261200000,4211026957,18,13.807,155800000,2.819,1.0,641700000,0.548,882100000,0,387500000,432035000,123400000,0,0,0,549800000,237300000,312500000,4429326957,156800000,11500000,-8000000,0,0,-10000000,-81600000,0,248400000,-15700000,175700000,175700000,175700000,0,1700000,0.15,403600000,238100000,59900000,0.0,3.512,25.21,24.113,221000000,0,76.68,3.782,3.619,115600000,759900000,1171100000,1171100000,64600000,0.097,0.139,0.529,0.195,12200000,350900000,1.0,57763784,55269606,56203970,21.189,928900000,53200000,53000000,120100000,16.79,449800000
SIRO,MRY,2015-12-31,2015-09-30,2015-09-30,2017-04-08,-179100000,1902300000,1811825000,876600000,1025700000,0.641,24.007,-51900000,518900000,518900000,513100000,188100000,2.971,0.419,80200000,23100000,57100000,80200000,24800000,69800000,0,0.0,0.0,241000000,310800000,0.268,310800000,241000000,241000000,3.35,3.3,3.35,1340900000,1276075000,1340900000,4870362604,20,15.67,187300000,3.366,1.0,648200000,0.558,802700000,0,365800000,386575000,129400000,0,0,0,561400000,295100000,266300000,5213662604,155700000,-18500000,-1000000,-100000,0,-12600000,-70900000,0,239200000,-20700000,186200000,186200000,186200000,0,1900000,0.16,389900000,258300000,65300000,0.0,3.888,28.0,27.863,208300000,0,93.34,4.49,4.472,154900000,946100000,1161300000,1161300000,54800000,0.103,0.146,0.623,0.208,13700000,344100000,1.0,55856681,55640225,56377863,20.872,1099600000,51100000,54800000,116000000,19.687,581500000
