ticker,dimension,calendardate,datekey,reportperiod,lastupdated,accoci,assets,assetsavg,assetsc,assetsnc,assetturnover,bvps,capex,cashneq,cashnequsd,cor,consolinc,currentratio,de,debt,debtc,debtnc,debtusd,deferredrev,depamor,deposits,divyield,dps,ebit,ebitda,ebitdamargin,ebitdausd,ebitusd,ebt,eps,epsdil,epsusd,equity,equityavg,equityusd,ev,evebit,evebitda,fcf,fcfps,fxusd,gp,grossmargin,intangibles,intexp,invcap,invcapavg,inventory,investments,investmentsc,investmentsnc,liabilities,liabilitiesc,liabilitiesnc,marketcap,ncf,ncfbus,ncfcommon,ncfdebt,ncfdiv,ncff,ncfi,ncfinv,ncfo,ncfx,netinc,netinccmn,netinccmnusd,netincdis,netincnci,netmargin,opex,opinc,payables,payoutratio,pb,pe,pe1,ppnenet,prefdivis,price,ps,ps1,receivables,retearn,revenue,revenueusd,rnd,roa,roe,roic,ros,sbcomp,sgna,sharefactor,sharesbas,shareswa,shareswadil,sps,tangibles,taxassets,taxexp,taxliabilities,tbvps,workingcapital
SJM,MRY,2011-12-31,2011-04-30,2011-04-30,2018-02-23,3629000,8324585000,8413946750,1636999000,6687586000,0.574,45.628,-174300000,319845000,319845000,3027200000,479500000,3.392,0.573,1304039000,0,1304039000,1304039000,0,239600000,0,0.022,1.64,784300000,1023900000,0.212,1023900000,784300000,717200000,4.06,4.05,4.06,5292363000,5388695250,5292363000,9457668965,12,9.237,217300000,1.873,1.0,1798500000,0.373,5752756000,67100000,3073347000,3006490500,863579000,0,0,0,3032222000,482676000,2549546000,8707251965,36200000,0,-374600000,390000000,-194000000,-170400000,-192900000,-18500000,391600000,7900000,479500000,479500000,479500000,0,0,0.099,1014200000,784300000,234916000,0.404,1.645,18.159,18.49,867882000,0,75.07,1.804,1.804,344410000,866933000,4825700000,4825700000,0,0.057,0.089,0.261,0.163,24000000,863100000,1.0,115988437,115988437,,41.605,2571829000,0,237700000,1042823000,22.173,1154323000
SJM,MRY,2012-12-31,2012-04-30,2012-04-30,2018-02-23,-84000000,9115200000,9087129250,1643500000,7471700000,0.608,46.094,-270200000,229700000,229700000,3680600000,459700000,2.664,0.765,2070500000,50000000,2020500000,2070500000,0,247000000,0,0.024,1.88,781000000,1028000000,0.186,1028000000,781000000,701200000,4.06,4.06,4.06,5163400000,5314785750,5163400000,10620826266,13,10.332,460700000,4.113,1.0,1845200000,0.334,6241600000,79800000,4097500000,3978591500,961600000,0,0,0,3951800000,616900000,3334900000,8920052266,-90100000,-763900000,-313000000,748600000,-213700000,219600000,-1035900000,18600000,730900000,-4700000,459700000,459700000,459700000,0,0,0.083,1055600000,789600000,274700000,0.463,1.728,19.404,19.613,1096100000,0,79.63,1.614,1.614,347500000,961200000,5525800000,5525800000,0,0.051,0.086,0.196,0.141,21700000,892700000,1.0,112018740,112018740,,49.329,2873600000,0,241500000,992700000,25.653,1026600000
SJM,MRY,2013-12-31,2013-04-30,2013-04-30,2018-02-23,-76600000,9031800000,9166779250,1595200000,7436600000,0.643,48.004,-203200000,256400000,256400000,3870100000,544200000,2.673,0.754,2017800000,50000000,1967800000,2017800000,0,250900000,0,0.02,2.04,910700000,1161600000,0.197,1161600000,910700000,817300000,5.0,5.0,5.0,5148800000,5196309000,5148800000,12701921649,13,10.935,652600000,6.084,1.0,2027600000,0.344,6142300000,93400000,4054100000,4089627250,945500000,0,0,0,3883000000,596800000,3286200000,11072227649,26700000,0,-362000000,-50000000,-222800000,-641000000,-185600000,0,855800000,-2500000,544200000,544200000,544200000,0,0,0.092,1117200000,910400000,285800000,0.408,2.15,20.346,20.646,1142500000,0,103.23,1.877,1.877,313700000,1075500000,5897700000,5897700000,0,0.059,0.105,0.223,0.154,21300000,973900000,1.0,107257848,107257848,,54.986,2889500000,0,273100000,987200000,26.94,998400000
SJM,MRY,2014-12-31,2014-04-30,2014-04-30,2018-02-23,-51600000,9060200000,9082275000,1539100000,7521100000,0.618,48.507,-268800000,153500000,153500000,3579600000,565200000,1.738,0.801,2216300000,343200000,1873100000,2216300000,0,256400000,0,0.023,2.26,929100000,1185500000,0.211,1185500000,929100000,849700000,5.42,5.42,5.42,5029600000,5119350000,5029600000,11885446235,12,10.026,587200000,5.663,1.0,2031000000,0.362,6122500000,79400000,4114700000,4133600000,931000000,0,0,0,4030600000,885800000,3144800000,10024646235,-102900000,-101800000,-508500000,198400000,-238000000,-575500000,-370300000,10000000,856000000,-13100000,565200000,565200000,565200000,0,0,0.101,1112000000,919000000,289200000,0.417,1.993,17.736,17.838,1265600000,0,96.68,1.787,1.787,309400000,1091000000,5610600000,5610600000,0,0.062,0.11,0.225,0.166,22900000,988800000,1.0,103688935,103688935,,54.11,2937700000,0,284500000,1020700000,28.332,653300000
SJM,MRY,2015-12-31,2015-04-30,2015-04-30,2018-02-23,-109800000,16806300000,11121725000,1983900000,14822400000,0.512,69.642,-245100000,125600000,125600000,3724000000,344900000,1.94,1.371,6170900000,226000000,5944900000,6170900000,0,267200000,0,0.022,2.5,602900000,870100000,0.153,870100000,602900000,523000000,3.33,3.33,3.33,7086900000,5640125000,7086900000,13864418737,22,15.934,494000000,4.854,1.0,1968700000,0.346,12961900000,79900000,8867100000,5515500000,1163600000,0,0,0,9719400000,1022600000,8696800000,11796318737,-27900000,0,-24300000,5360100000,-254000000,857300000,-245100000,0,739100000,-28600000,344900000,344900000,344900000,0,0,0.061,1196700000,772000000,402800000,0.751,1.665,34.202,34.811,1678300000,0,115.92,2.072,2.072,430100000,1159200000,5692700000,5692700000,0,0.031,0.061,0.109,0.106,23500000,1031300000,1.0,101762584,101762584,,55.941,3844400000,0,178100000,2397000000,37.778,961300000
SJM,MRY,2016-12-31,2016-04-30,2016-04-30,2018-02-23,-148400000,15984100000,16429700000,1573400000,14410700000,0.475,58.558,-197400000,109800000,109800000,4843400000,688700000,1.297,1.281,5430000000,284000000,5146000000,5430000000,0,430100000,0,0.021,2.65,1149000000,1579100000,0.202,1579100000,1149000000,977900000,5.77,5.76,5.77,7008500000,7174300000,7008500000,20341311525,17,12.882,1263600000,10.558,1.0,2967800000,0.38,12585500000,171100000,7505800000,8095450000,899400000,0,0,0,8975600000,1213000000,7762600000,15197511525,-15800000,185600000,-441100000,-742000000,-316600000,-1498900000,21700000,0,1461000000,400000,688700000,688700000,688700000,0,0,0.088,1822500000,1145300000,459400000,0.459,2.168,22.067,22.007,1627700000,0,126.98,1.946,1.946,450100000,1267700000,7811200000,7811200000,0,0.042,0.096,0.142,0.147,34600000,1510300000,1.0,119684293,119684293,,65.265,3398600000,0,289200000,2230300000,28.396,360400000
SJM,MRY,2017-12-31,2017-04-30,2017-04-30,2018-02-23,-143400000,15639700000,15892850000,1641800000,13997900000,0.465,58.83,-191900000,166800000,166800000,4557000000,592300000,0.896,1.283,5398500000,953000000,4445500000,5398500000,0,419000000,0,0.023,2.92,1041500000,1460500000,0.198,1460500000,1041500000,878400000,5.11,5.1,5.11,6850200000,7092025000,6850200000,19702822021,18,13.49,867100000,7.447,1.0,2835300000,0.384,12227000000,163100000,6811800000,7307900000,905700000,0,0,0,8789500000,1832600000,6956900000,14755422021,57000000,0,-437600000,-30000000,-339300000,-806100000,-189700000,40600000,1059000000,-6200000,592300000,592300000,592300000,0,0,0.08,1803800000,1031500000,477200000,0.571,2.154,24.912,24.798,1617500000,0,126.72,1.996,1.996,438700000,1240500000,7392300000,7392300000,0,0.037,0.084,0.143,0.141,22000000,1390700000,1.0,116441146,116441146,,63.485,3412700000,0,286100000,2167000000,29.308,-190800000
