ticker,dimension,calendardate,datekey,reportperiod,lastupdated,accoci,assets,assetsavg,assetsc,assetsnc,assetturnover,bvps,capex,cashneq,cashnequsd,cor,consolinc,currentratio,de,debt,debtc,debtnc,debtusd,deferredrev,depamor,deposits,divyield,dps,ebit,ebitda,ebitdamargin,ebitdausd,ebitusd,ebt,eps,epsdil,epsusd,equity,equityavg,equityusd,ev,evebit,evebitda,fcf,fcfps,fxusd,gp,grossmargin,intangibles,intexp,invcap,invcapavg,inventory,investments,investmentsc,investmentsnc,liabilities,liabilitiesc,liabilitiesnc,marketcap,ncf,ncfbus,ncfcommon,ncfdebt,ncfdiv,ncff,ncfi,ncfinv,ncfo,ncfx,netinc,netinccmn,netinccmnusd,netincdis,netincnci,netmargin,opex,opinc,payables,payoutratio,pb,pe,pe1,ppnenet,prefdivis,price,ps,ps1,receivables,retearn,revenue,revenueusd,rnd,roa,roe,roic,ros,sbcomp,sgna,sharefactor,sharesbas,shareswa,shareswadil,sps,tangibles,taxassets,taxexp,taxliabilities,tbvps,workingcapital
SLAB,MRY,2011-12-31,2011-12-31,2011-12-31,2018-04-25,-2467000,705991000,715275750,453049000,252942000,0.687,14.268,-8690000,94964000,94964000,193179000,35472000,5.469,0.179,0,0,0,0,24962000,13570000,0,0.0,0.0,52377000,65947000,0.134,65947000,52377000,52340000,0.82,0.79,0.82,598939000,609285500,598939000,1728254915,32,26.207,80052000,1.844,1.0,298446000,0.607,175494000,37000,352695000,352313750,34778000,230003000,212526000,17477000,107052000,82838000,24214000,1817157915,-43603000,-27262000,-102403000,-7174000,0,-107173000,-25172000,14798000,88742000,0,35472000,35472000,35472000,0,0,0.072,248372000,50074000,26354000,0.0,3.034,51.228,52.951,25141000,0,43.42,3.696,3.835,55351000,586653000,491625000,491625000,135953000,0.05,0.058,0.149,0.107,36525000,112419000,1.0,41850712,43421000,44832000,11.322,530497000,11563000,16868000,665000,12.638,370211000
SLAB,MRY,2012-12-31,2012-12-29,2012-12-29,2018-04-25,-946000,871966000,795273250,467682000,404284000,0.708,15.584,-102043000,105426000,105426000,225277000,63548000,4.396,0.342,100000000,5000000,95000000,100000000,30259000,13621000,0,0.0,0.0,87497000,101118000,0.18,101118000,87497000,86348000,1.51,1.47,1.51,649973000,627950000,649973000,1700440248,19,16.816,-4993000,-0.118,1.0,338017000,0.6,221015000,1149000,539147000,427504250,49579000,187934000,176565000,11369000,221993000,106378000,115615000,1725945248,10462000,-71852000,-46871000,98325000,0,52748000,-139336000,43067000,97050000,0,63548000,63548000,63548000,0,0,0.113,252342000,85675000,29622000,0.0,2.655,27.16,27.477,135271000,0,41.49,3.064,3.104,78023000,640793000,563294000,563294000,137952000,0.08,0.101,0.205,0.155,31709000,114390000,1.0,41599066,42136000,43106000,13.368,650951000,16652000,22800000,1087000,15.608,361304000
SLAB,MRY,2013-12-31,2013-12-28,2013-12-28,2018-04-25,-684000,991150000,950132750,459317000,531833000,0.611,17.006,-10472000,95800000,95800000,227183000,49819000,4.208,0.342,95000000,7500000,87500000,95000000,30853000,13491000,0,0.0,0.0,65320000,78811000,0.136,78811000,65320000,62027000,1.17,1.14,1.17,738562000,714775250,738562000,1805909997,27,22.914,109678000,2.568,1.0,352904000,0.608,360374000,3293000,520829000,531984750,45271000,190225000,179593000,10632000,252588000,109147000,143441000,1826198997,-9626000,-86441000,-10721000,-13434000,0,-23865000,-105911000,-3059000,120150000,0,49819000,49819000,49819000,0,0,0.086,288594000,64310000,22126000,0.0,2.473,36.657,36.197,132445000,0,42.35,3.148,3.118,72124000,690612000,580087000,580087000,157799000,0.052,0.07,0.123,0.113,29904000,130795000,1.0,43121582,42715000,43537000,13.58,630776000,18878000,12208000,2693000,14.524,350170000
SLAB,MRY,2014-12-31,2015-01-03,2015-01-03,2018-04-25,-82000,1042561000,1022999000,528537000,514024000,0.607,17.952,-11225000,141706000,141706000,242153000,38021000,3.236,0.375,87500000,10000000,77500000,87500000,38662000,12561000,0,0.0,0.0,52194000,64755000,0.104,64755000,52194000,49040000,0.88,0.87,0.88,758056000,761706500,758056000,1993072913,38,30.779,126218000,2.937,1.0,378551000,0.61,343802000,3154000,481239000,498874750,52631000,200908000,193489000,7419000,284505000,163314000,121191000,2013527913,45906000,0,-48734000,-7500000,0,-65224000,-26313000,-9574000,137443000,0,38021000,38021000,38021000,0,0,0.061,327130000,51421000,38922000,0.0,2.656,52.958,53.989,132820000,0,47.51,3.244,3.289,70367000,728633000,620704000,620704000,172985000,0.037,0.05,0.105,0.084,38924000,154145000,1.0,42381139,42970000,43793000,14.445,698759000,21173000,11019000,2084000,16.548,365223000
SLAB,MRY,2015-12-31,2016-01-02,2016-01-02,2018-04-25,-507000,1011463000,1011667750,423140000,588323000,0.637,18.265,-11268000,114085000,114085000,264056000,29586000,2.973,0.329,77500000,10000000,67500000,77500000,35448000,12517000,0,0.0,0.0,33091000,45608000,0.071,45608000,33091000,30263000,0.7,0.69,0.7,761114000,763060000,761114000,1962395161,59,43.027,94179000,2.226,1.0,380770000,0.591,394076000,2828000,438481000,444363000,53895000,136027000,128901000,7126000,250349000,142321000,108028000,2018035161,-27621000,-96112000,-54450000,-13468000,0,-83754000,-49314000,64465000,105447000,0,29586000,29586000,29586000,0,0,0.046,348536000,32234000,42127000,0.0,2.651,68.209,69.343,131132000,0,48.54,3.13,3.185,73601000,747749000,644826000,644826000,188050000,0.029,0.039,0.074,0.051,40763000,160486000,1.0,41574684,42309000,42945000,15.241,617387000,0,677000,2615000,14.816,280819000
SLAB,MRY,2016-12-31,2016-12-31,2016-12-31,2018-04-25,492000,1081844000,1025732500,490851000,590993000,0.68,19.768,-10927000,141106000,141106000,276122000,61494000,3.514,0.308,72500000,0,72500000,72500000,45568000,13216000,0,0.0,0.0,67083000,80299000,0.115,80299000,67083000,64496000,1.47,1.45,1.47,826958000,781295750,826958000,2637910895,39,32.851,117983000,2.828,1.0,421504000,0.604,379695000,2587000,493848000,445065000,59578000,153961000,153961000,0,254886000,139695000,115191000,2713605895,27021000,-6546000,-27244000,-5000000,0,-52305000,-49584000,-23310000,128910000,0,61494000,61494000,61494000,0,0,0.088,355227000,66277000,39577000,0.0,3.281,44.128,44.218,129559000,0,65.0,3.89,3.887,74401000,801999000,697626000,697626000,199744000,0.06,0.079,0.151,0.096,37957000,155483000,1.0,41747783,41713000,42376000,16.724,702149000,0,3002000,0,16.785,351156000
SLAB,MRY,2017-12-31,2017-12-30,2017-12-30,2018-04-25,-1157000,1535082000,1461655250,947642000,587440000,0.526,22.342,-12252000,269366000,269366000,314676000,47092000,5.838,0.611,341879000,0,341879000,341879000,50115000,14766000,0,0.0,0.0,91031000,105797000,0.138,105797000,91031000,76903000,1.11,1.09,1.11,953016000,921721750,953016000,3860759420,42,36.492,177269000,4.176,1.0,454191000,0.591,371371000,14128000,1073899000,1028773250,73132000,494657000,494657000,0,582066000,162325000,419741000,3758501420,128260000,-15168000,11815000,316968000,0,313030000,-374291000,-341911000,189521000,0,47092000,47092000,47092000,0,0,0.061,369217000,84974000,38851000,0.0,3.944,79.812,79.55,127682000,0,88.3,4.888,4.875,71367000,851307000,768867000,768867000,209491000,0.032,0.051,0.088,0.118,44752000,159726000,1.0,42565135,42446000,43332000,18.114,1163711000,0,29811000,0,27.281,785317000
