ticker,dimension,calendardate,datekey,reportperiod,lastupdated,accoci,assets,assetsavg,assetsc,assetsnc,assetturnover,bvps,capex,cashneq,cashnequsd,cor,consolinc,currentratio,de,debt,debtc,debtnc,debtusd,deferredrev,depamor,deposits,divyield,dps,ebit,ebitda,ebitdamargin,ebitdausd,ebitusd,ebt,eps,epsdil,epsusd,equity,equityavg,equityusd,ev,evebit,evebitda,fcf,fcfps,fxusd,gp,grossmargin,intangibles,intexp,invcap,invcapavg,inventory,investments,investmentsc,investmentsnc,liabilities,liabilitiesc,liabilitiesnc,marketcap,ncf,ncfbus,ncfcommon,ncfdebt,ncfdiv,ncff,ncfi,ncfinv,ncfo,ncfx,netinc,netinccmn,netinccmnusd,netincdis,netincnci,netmargin,opex,opinc,payables,payoutratio,pb,pe,pe1,ppnenet,prefdivis,price,ps,ps1,receivables,retearn,revenue,revenueusd,rnd,roa,roe,roic,ros,sbcomp,sgna,sharefactor,sharesbas,shareswa,shareswadil,sps,tangibles,taxassets,taxexp,taxliabilities,tbvps,workingcapital
SMCI,MRY,2011-12-31,2011-06-30,2011-06-30,2017-05-10,-204000,464620000,444770000,369622000,94998000,2.119,7.256,-25397000,69943000,69943000,791478000,40213000,2.628,0.617,28151000,555000,27596000,28151000,0,5453000,0,0.0,0.0,58759000,64212000,0.068,64212000,58759000,58073000,1.04,0.93,1.04,287257000,260036000,287257000,587352369,9,9.147,-16917000,-0.444,1.0,151104000,0.16,0,686000,282181000,234562250,192711000,5188000,0,5188000,177363000,140647000,36716000,626287369,-2701000,0,10271000,9341000,0,13589000,-24770000,750000,8480000,0,40213000,40213000,40213000,0,0,0.043,92411000,58693000,113340000,0.0,2.18,15.574,15.471,74438000,0,16.09,0.664,0.651,85005000,166798000,942582000,942582000,48108000,0.09,0.155,0.251,0.062,5655000,44303000,1.0,38924013,38132000,42396000,24.719,464620000,20249000,17860000,936000,11.737,228975000
SMCI,MRY,2012-12-31,2012-06-30,2012-06-30,2017-05-10,-76000,589103000,531349250,481912000,107191000,1.908,8.149,-21994000,80826000,80826000,848457000,29853000,2.185,0.741,32757000,13362000,19395000,32757000,0,7071000,0,0.0,0.0,46068000,53139000,0.052,53139000,46068000,45351000,0.72,0.67,0.72,338351000,319314250,338351000,605231889,13,11.39,-5527000,-0.135,1.0,165417000,0.163,0,717000,320526000,295530500,276599000,2923000,0,2923000,250752000,220508000,30244000,657976889,10883000,0,8549000,4330000,0,13817000,-19719000,2307000,16467000,318000,29853000,29853000,29853000,0,0,0.029,119403000,46014000,173991000,0.0,1.945,22.041,22.028,97419000,0,15.86,0.649,0.64,102014000,196651000,1013874000,1013874000,64223000,0.056,0.093,0.156,0.045,8205000,55180000,1.0,41486563,40890000,44152000,24.795,589103000,19575000,15498000,2754000,14.187,261404000
SMCI,MRY,2013-12-31,2013-06-30,2013-06-30,2017-05-10,-69000,632257000,597605250,523192000,109065000,1.945,8.838,-5001000,93038000,93038000,1002508000,21279000,2.165,0.692,35171000,28638000,6533000,35171000,0,7835000,0,0.0,0.0,27206000,35041000,0.03,35041000,27206000,26596000,0.5,0.48,0.5,373543000,357274000,373543000,391433620,14,11.171,8582000,0.204,1.0,160053000,0.138,0,610000,332726000,328582750,254170000,2637000,0,2637000,258533000,241664000,16869000,449429620,12212000,0,1845000,1918000,0,3762000,-5113000,300000,13583000,-20000,21279000,21279000,21279000,0,0,0.018,132895000,27158000,172855000,0.0,1.203,21.121,21.28,95912000,0,10.64,0.387,0.384,149340000,217930000,1162561000,1162561000,75208000,0.036,0.06,0.083,0.023,10496000,57687000,1.0,42239626,41992000,43907000,27.685,632257000,27100000,5317000,6049000,14.959,281528000
SMCI,MRY,2014-12-31,2014-06-30,2014-06-30,2017-05-10,-63000,796325000,722849000,654081000,142244000,2.03,10.421,-40567000,96872000,96872000,1241657000,54157000,2.104,0.697,46287000,42554000,3733000,46287000,0,6364000,0,0.0,0.0,80351000,86715000,0.059,86715000,80351000,79594000,1.24,1.16,1.24,469056000,425707250,469056000,1080256431,13,12.458,-34029000,-0.78,1.0,225545000,0.154,0,757000,434854000,388267000,315837000,2647000,0,2647000,327094000,310886000,16208000,1135407431,3834000,0,23928000,10983000,0,37222000,-40161000,0,6538000,235000,54157000,54157000,54157000,0,0,0.037,145286000,80259000,219354000,0.0,2.421,20.965,20.379,130589000,0,25.27,0.774,0.751,212738000,272087000,1467202000,1467202000,84257000,0.075,0.127,0.207,0.055,8070000,61029000,1.0,44931042,43599000,46512000,33.652,796325000,28551000,25437000,11414000,17.691,343195000
SMCI,MRY,2015-12-31,2015-06-30,2015-06-30,2017-05-10,-80000,1089809000,953521500,914415000,175394000,2.088,13.079,-35100000,95442000,95442000,1670924000,101863000,2.014,0.761,94412000,93479000,933000,94412000,0,8133000,0,0.0,0.0,146861000,154994000,0.078,154994000,146861000,145896000,2.19,2.03,2.19,618921000,561962750,618921000,1335334206,9,8.615,-79736000,-1.717,1.0,320231000,0.161,0,965000,634672000,530619250,463493000,2633000,0,2633000,470724000,454107000,16617000,1398110206,-1430000,0,23338000,48799000,0,80051000,-36177000,-661000,-44636000,-668000,101863000,101863000,101863000,0,0,0.051,173485000,146746000,299774000,0.0,2.259,13.725,13.507,163038000,0,29.58,0.702,0.69,322594000,373950000,1991155000,1991155000,100257000,0.107,0.181,0.277,0.074,5610000,73228000,1.0,47265389,46434000,50094000,42.881,1089809000,29867000,44033000,14111000,23.03,460308000
SMCI,MRY,2016-12-31,2016-06-30,2016-06-30,2017-05-10,-85000,1165600000,1155334500,938002000,227598000,1.918,14.883,-34108000,180964000,180964000,1884048000,72021000,2.58,0.616,93589000,53589000,40000000,93589000,0,13282000,0,0.0,0.0,107021000,120303000,0.054,120303000,107021000,105427000,1.5,1.39,1.5,721195000,686489500,721195000,1120015584,10,9.31,73401000,1.532,1.0,331525000,0.15,0,1594000,714607000,665607000,448980000,2643000,0,2643000,444221000,363618000,80603000,1202626584,85522000,0,12186000,-110000,0,13145000,-35128000,0,107509000,-4000,72021000,72021000,72021000,0,0,0.033,224675000,106850000,249239000,0.0,1.668,16.698,16.567,187949000,0,24.85,0.543,0.537,288941000,445971000,2215573000,2215573000,123994000,0.062,0.105,0.161,0.048,13276000,100681000,1.0,48395436,47917000,51836000,46.238,1165600000,34142000,33406000,5172000,24.054,574384000
