ticker,dimension,calendardate,datekey,reportperiod,lastupdated,accoci,assets,assetsavg,assetsc,assetsnc,assetturnover,bvps,capex,cashneq,cashnequsd,cor,consolinc,currentratio,de,debt,debtc,debtnc,debtusd,deferredrev,depamor,deposits,divyield,dps,ebit,ebitda,ebitdamargin,ebitdausd,ebitusd,ebt,eps,epsdil,epsusd,equity,equityavg,equityusd,ev,evebit,evebitda,fcf,fcfps,fxusd,gp,grossmargin,intangibles,intexp,invcap,invcapavg,inventory,investments,investmentsc,investmentsnc,liabilities,liabilitiesc,liabilitiesnc,marketcap,ncf,ncfbus,ncfcommon,ncfdebt,ncfdiv,ncff,ncfi,ncfinv,ncfo,ncfx,netinc,netinccmn,netinccmnusd,netincdis,netincnci,netmargin,opex,opinc,payables,payoutratio,pb,pe,pe1,ppnenet,prefdivis,price,ps,ps1,receivables,retearn,revenue,revenueusd,rnd,roa,roe,roic,ros,sbcomp,sgna,sharefactor,sharesbas,shareswa,shareswadil,sps,tangibles,taxassets,taxexp,taxliabilities,tbvps,workingcapital
SMFG,MRY,2011-12-31,2011-03-31,2011-03-31,2017-06-30,0,136470927000000,129731928000000,,,0.022,3891.32,-272454000000,10299025000000,124248682743,0,571518000000,,23.429,24878344000000,,,300135349785,0,163400000000,93098505000000,0.021,0.13,825172000000,988572000000,0.343,11926252125,9954974770,825172000000,65.66,65.66,0.792,5502543000000,5508358000000,66383344004,176198891310,17,14.774,14636141000000,10350.47,82.89,2878245000000,1.0,769677000000,0,150280569000000,141639459500000,0,116382124000000,,,128919722000000,,,44189238281,2962036000000,72358000000,-47745000000,-70182000000,-152612000000,-366302000000,-11362871000000,-11163018000000,14908595000000,-217386000000,464007000000,464007000000,5597836546,0,107511000000,0.161,3233312000000,-355067000000,0,0.164,0.666,7.894,7.89,1039483000000,0,6.25,1.273,0.255,0,1974069000000,2878245000000,34723495657,0,0.004,0.084,0.006,0.287,0,1293546000000,5.0,1414055625,1414055625,,24.556,135701250000000,1080575000000,361165000000,75175000000,95965.991,
SMFG,MRY,2012-12-31,2012-03-31,2012-03-31,2017-06-30,0,141800555000000,139135741000000,,,0.02,3799.376,-200997000000,9343492000000,112621607876,0,450980000000,,25.013,25271834000000,,,304613583343,0,172953000000,94998166000000,0.056,0.37,798763000000,971716000000,0.343,11712560819,9627875035,798763000000,48.77,48.63,0.588,5372529000000,5437536000000,64757678857,235781320488,24,20.131,1120014000000,792.058,82.964,2834503000000,1.0,899167000000,0,156829730000000,153555149500000,0,121616117000000,,,134380408000000,,,46946646750,-1517929000000,-30776000000,-109128000000,249328000000,-141922000000,-305201000000,-2472061000000,-2240313000000,1321011000000,-61678000000,338320000000,338320000000,4077933857,0,112660000000,0.119,3272550000000,-438047000000,0,0.629,0.725,11.512,11.295,1045006000000,0,6.64,1.374,0.275,0,2121819000000,2834503000000,34165629444,0,0.002,0.062,0.005,0.282,0,1374474000000,5.0,1414055625,1414055625,,24.161,140901388000000,808623000000,460443000000,131116000000,99643.455,
SMFG,MRY,2013-12-31,2013-03-31,2013-03-31,2017-06-30,0,147770475000000,144785515000000,,,0.02,4568.387,-297451000000,13158652000000,139689172278,0,653823000000,,21.55,20936190000000,,,222253696789,0,198825000000,103975465000000,0.032,0.26,791276000000,990101000000,0.342,10510680665,8400000963,791276000000,79.17,79.06,0.84,6459954000000,5916241500000,68577360904,261103875758,31,24.842,2076227000000,1468.278,94.2,2894687000000,1.0,903264000000,0,154644749000000,155737239500000,0,121953942000000,,,139210786000000,,,57693469500,3666166000000,-30416000000,-240000000,-485702000000,-135203000000,-739859000000,1407901000000,1701139000000,2373678000000,624446000000,535976000000,535976000000,5689795869,0,117847000000,0.185,3452273000000,-557586000000,0,0.309,0.841,10.14,9.709,1757994000000,0,8.16,1.877,0.375,0,2515956000000,2894687000000,30729320224,0,0.004,0.091,0.005,0.273,0,1447116000000,5.0,1414055625,1414055625,,21.731,146867211000000,534171000000,255300000000,314239000000,103862.4,
SMFG,MRY,2014-12-31,2014-03-31,2014-03-31,2017-06-30,0,158631041000000,153200758000000,,,0.021,5434.508,-432464000000,34456959000000,334910115790,0,892236000000,,19.417,24273532000000,,,235930611658,0,219090000000,112482923000000,0.036,0.31,1180464000000,1399554000000,0.434,13603196735,11473715220,1180464000000,112.19,112.14,1.09,7684696000000,7072325000000,74692674625,139950254159,12,10.288,6551848000000,4633.374,102.884,3224353000000,1.0,955746000000,0,147491868000000,151068308500000,0,113382491000000,,,149215851000000,,,61157905781,21476659000000,-111582000000,60166000000,-379773000000,-169984000000,-1038077000000,14876078000000,15419450000000,6984312000000,654346000000,766388000000,766388000000,7449035006,0,0,0.238,3460485000000,-236132000000,0,0.284,0.819,8.21,7.933,2078927000000,0,8.65,1.951,0.39,0,3112571000000,3224353000000,31339632629,0,0.005,0.108,0.008,0.366,0,1522990000000,5.0,1414055625,1414055625,,22.163,157675295000000,210024000000,414076000000,243836000000,111505.723,
SMFG,MRY,2015-12-31,2015-03-31,2015-03-31,2017-06-30,0,179181466000000,168906253500000,,,0.02,6604.675,-529925000000,41439748000000,345589561531,0,722961000000,,18.006,31088566000000,,,259265184058,0,240760000000,121707104000000,0.026,0.2,1024017000000,1264777000000,0.38,10547692733,8539858544,1024017000000,89.83,89.77,0.749,9339378000000,8512037000000,77886370061,-45577904534,-5,-4.321,7272259000000,5142.838,119.91,3332433000000,1.0,975995000000,0,167854289000000,157673078500000,0,124078553000000,,,168160616000000,,,54723952687,6910512000000,-95769000000,-143000000,61664000000,-170918000000,-312346000000,-1327758000000,-635626000000,7802184000000,748432000000,614070000000,614070000000,5121078005,0,0,0.184,3839546000000,-507113000000,0,0.267,0.703,10.686,10.332,2496497000000,0,7.74,1.969,0.394,0,3554688000000,3332433000000,27791048809,0,0.004,0.072,0.006,0.307,0,1621897000000,5.0,1414055625,1414055625,,19.653,178205471000000,234347000000,409947000000,675170000000,126024.371,
SMFG,MRY,2016-12-31,2016-03-31,2016-03-31,2017-06-30,0,180172652000000,179677059000000,,,0.021,6509.402,-539389000000,44436020000000,395703334800,0,952822000000,,18.374,27583215000000,,,245628887556,0,255971000000,127161253000000,0.017,0.1,1216798000000,1472769000000,0.399,13115027058,10835601981,1216798000000,123.45,123.37,1.099,9204656000000,9272017000000,81967581140,-41003419873,-3,-3.126,-2451714000000,-1733.817,112.296,3688226000000,1.0,1048093000000,0,162271754000000,165063021500000,0,122893467000000,,,169130553000000,,,42492371531,3018209000000,2188022000000,-137000000,67902000000,-211952000000,-65653000000,5485518000000,3830188000000,-1912325000000,-489331000000,843920000000,843920000000,7515118552,0,2773000000,0.229,4099845000000,-411619000000,0,0.091,0.518,5.654,5.467,2590951000000,0,6.01,1.294,0.259,0,4186683000000,3688226000000,32843700396,0,0.005,0.091,0.007,0.33,0,1706263000000,5.0,1414055625,1414055625,,23.227,179124559000000,258848000000,372878000000,429195000000,126674.337,
SMFG,MRY,2017-12-31,2017-03-31,2017-03-31,2017-06-30,0,191150981000000,185661816500000,,,0.018,7024.174,-467418000000,49202364000000,444088705165,0,740586000000,,18.048,32836072000000,,,296370489377,0,301638000000,132383310000000,0.015,0.11,767636000000,1069274000000,0.319,9651009982,6928497933,767636000000,91.71,91.64,0.828,9932573000000,9568614500000,89649015289,-112923430269,-16,-11.701,3273181000000,2314.747,110.794,3347895000000,1.0,1096568000000,0,173688121000000,167979937500000,0,129323635000000,,,179263698000000,,,51259516406,4117853000000,-201154000000,179657000000,-138325000000,-205078000000,-174251000000,851580000000,1518960000000,3740599000000,-300075000000,627870000000,627870000000,5667003628,0,7929000000,0.188,4248996000000,-901101000000,0,0.133,0.572,9.045,8.759,2686055000000,0,7.25,1.696,0.339,0,4609496000000,3347895000000,30217295160,0,0.003,0.066,0.005,0.229,0,1752135000000,5.0,1414055625,1414055625,,21.369,190054413000000,322346000000,139766000000,399572000000,134403.774,
