ticker,dimension,calendardate,datekey,reportperiod,lastupdated,accoci,assets,assetsavg,assetsc,assetsnc,assetturnover,bvps,capex,cashneq,cashnequsd,cor,consolinc,currentratio,de,debt,debtc,debtnc,debtusd,deferredrev,depamor,deposits,divyield,dps,ebit,ebitda,ebitdamargin,ebitdausd,ebitusd,ebt,eps,epsdil,epsusd,equity,equityavg,equityusd,ev,evebit,evebitda,fcf,fcfps,fxusd,gp,grossmargin,intangibles,intexp,invcap,invcapavg,inventory,investments,investmentsc,investmentsnc,liabilities,liabilitiesc,liabilitiesnc,marketcap,ncf,ncfbus,ncfcommon,ncfdebt,ncfdiv,ncff,ncfi,ncfinv,ncfo,ncfx,netinc,netinccmn,netinccmnusd,netincdis,netincnci,netmargin,opex,opinc,payables,payoutratio,pb,pe,pe1,ppnenet,prefdivis,price,ps,ps1,receivables,retearn,revenue,revenueusd,rnd,roa,roe,roic,ros,sbcomp,sgna,sharefactor,sharesbas,shareswa,shareswadil,sps,tangibles,taxassets,taxexp,taxliabilities,tbvps,workingcapital
SMIT,MRY,2011-12-31,2011-05-31,2011-05-31,2018-04-13,-226581,11589262,11362732,8905504,2683758,1.011,3.508,-227620,2760506,2760506,5887207,-205383,6.219,0.141,0,0,0,0,0,340689,0,0.0,0.0,-203724,136965,0.012,136965,-203724,-203724,-0.07,-0.07,-0.07,10157308,10049957,10157308,8134632,-39,59.392,-787049,-0.272,1.0,5605652,0.488,1349583,0,6047219,5675716,4146408,0,0,0,1431954,1431954,0,10569067,-785480,0,1916,0,0,2030,-223616,0,-559429,-4465,-205383,-205383,-205383,0,0,-0.018,5801334,-195682,841416,0.0,1.041,-51.46,-52.143,1334175,0,3.65,0.92,0.919,1831811,439979,11492859,11492859,504251,-0.018,-0.02,-0.036,-0.018,202489,5297083,1.0,2895635,2895042,2895042,3.97,10239679,0,1659,2073,3.536,7473550
SMIT,MRY,2012-12-31,2012-05-31,2012-05-31,2018-04-13,-313295,12025915,11894896,9440575,2585340,1.214,3.506,-229865,2776817,2776817,8094386,77421,6.152,0.147,0,0,0,0,0,344553,0,0.0,0.0,94544,439097,0.03,439097,94544,94544,0.03,0.03,0.03,10483741,10390436,10483741,8186708,86,18.644,-66467,-0.023,1.0,6342636,0.439,1213204,0,6501220,6502616,3975600,0,0,0,1542174,1534674,7500,10916821,16311,0,136330,0,0,137464,-228120,0,163398,-56431,77421,77421,77421,0,0,0.005,6285352,57284,770586,0.0,1.041,141.006,121.667,1372136,0,3.65,0.756,0.741,2493889,517400,14437022,14437022,317993,0.007,0.007,0.015,0.007,198262,5967359,1.0,2990910,2930314,2944081,4.927,10812711,7780,17123,0,3.616,7905901
SMIT,MRY,2013-12-31,2013-05-31,2013-05-31,2018-04-13,-331924,11624598,11881529,9211430,2413168,1.048,3.349,-175835,1909071,1909071,6357452,-539882,5.723,0.161,0,0,0,0,0,347715,0,0.0,0.0,-548166,-200451,-0.016,-200451,-548166,-548166,-0.18,-0.18,-0.18,10015118,10386770,10015118,6602935,-12,-32.94,-854947,-0.286,1.0,6094800,0.489,1078278,0,7027769,6771740,5054087,0,0,0,1609480,1609480,0,8942820,-867746,0,0,0,0,0,-175544,0,-679112,-13090,-539882,-539882,-539882,0,0,-0.043,6657072,-562272,918094,0.0,0.893,-16.564,-16.611,1334890,0,2.99,0.718,0.718,1980685,-22482,12452252,12452252,573461,-0.045,-0.052,-0.081,-0.044,89888,6083611,1.0,2990910,2990910,2990910,4.163,10546320,48095,-8284,0,3.526,7601950
SMIT,MRY,2014-12-31,2014-05-31,2014-05-31,2018-04-13,-263337,10824391,11128523,8689157,2135234,1.09,3.193,-36692,1510565,1510565,6508360,-539624,7.175,0.126,0,0,0,0,0,328293,0,0.0,0.0,-530292,-201999,-0.017,-201999,-530292,-530292,-0.18,-0.18,-0.18,9613307,9756736,9613307,6638237,-12,-32.863,-429068,-0.143,1.0,5626146,0.464,943643,0,7159099,7094676,4789822,0,0,0,1211084,1211084,0,8524093,-398506,0,11500,0,0,11500,-36692,0,-392376,19062,-539624,-539624,-539624,0,0,-0.044,6156438,-530292,512219,0.0,0.887,-15.796,-15.833,1191591,0,2.85,0.702,0.704,2235194,-562106,12134506,12134506,475430,-0.048,-0.055,-0.075,-0.044,57726,5663121,1.0,2990910,2995910,2995910,4.05,9880748,1339,9332,210,3.282,7478073
SMIT,MRY,2015-12-31,2015-05-31,2015-05-31,2018-04-13,-366945,11103935,11067732,9168646,1935289,1.181,3.167,-49127,1795654,1795654,6928394,-93669,5.676,0.17,0,0,0,0,0,266572,0,0.0,0.0,-83582,182990,0.014,182990,-83582,-83582,-0.03,-0.03,-0.03,9488604,9509921,9488604,6556229,-78,35.828,341019,0.114,1.0,6140697,0.47,824411,0,6868539,6921606,4557567,0,0,0,1615331,1615331,0,8208793,285089,0,0,0,0,0,-49127,0,390146,-55930,-93669,-93669,-93669,0,0,-0.007,6224279,-83582,834002,0.0,0.865,-87.636,-91.333,1110878,0,2.74,0.628,0.628,2660426,-655775,13069091,13069091,378305,-0.008,-0.01,-0.012,-0.006,72574,5826851,1.0,2995910,2995910,2995910,4.362,10279524,1029,10087,0,3.431,7553315
SMIT,MRY,2016-12-31,2016-05-31,2016-05-31,2018-04-13,-394518,9634740,10167524,7956407,1678333,1.149,2.672,11430,988686,988686,6818058,-1515189,4.879,0.204,0,0,0,0,0,245824,0,0.0,0.0,-1495187,-1249363,-0.107,-1249363,-1495187,-1495187,-0.51,-0.51,-0.51,8004040,8669230,8004040,5695309,-3,-4.559,-808378,-0.27,1.0,4867295,0.417,712881,0,6302473,6694665,4727977,0,0,0,1630700,1630700,0,6830674,-806968,0,0,0,0,0,11430,0,-819808,1410,-1515189,-1515189,-1515189,0,0,-0.13,6362482,-1495187,877167,0.0,0.853,-4.508,-4.471,965452,0,2.28,0.585,0.585,2099082,-2170964,11685353,11685353,287672,-0.149,-0.175,-0.223,-0.128,58198,6016097,1.0,2995910,2995910,2995910,3.9,8921859,8432,20002,0,2.978,6325707
SMIT,MRY,2017-12-31,2017-05-31,2017-05-31,2018-04-13,-427572,9006344,8930457,7539769,1466575,1.388,2.329,-98,867607,867607,7511836,-1073364,3.716,0.291,0,0,0,0,0,219082,0,0.0,0.0,-1045355,-826273,-0.067,-826273,-1045355,-1045355,-0.36,-0.36,-0.36,6977387,7391844,6977387,4731052,-4,-5.726,-148386,-0.05,1.0,4885807,0.394,601351,0,5508429,6024969,4204723,0,0,0,2028957,2028957,0,5212883,-121079,0,0,0,0,0,-98,0,-148288,27307,-1073364,-1073364,-1073364,0,0,-0.087,5931162,-1045355,1101066,0.0,0.747,-4.857,-4.833,865224,0,1.74,0.42,0.42,2344373,-3244328,12397643,12397643,256164,-0.12,-0.145,-0.174,-0.084,79765,5618327,1.0,2995910,2995910,2995910,4.138,8404993,7310,28009,0,2.805,5510812
