ticker,dimension,calendardate,datekey,reportperiod,lastupdated,accoci,assets,assetsavg,assetsc,assetsnc,assetturnover,bvps,capex,cashneq,cashnequsd,cor,consolinc,currentratio,de,debt,debtc,debtnc,debtusd,deferredrev,depamor,deposits,divyield,dps,ebit,ebitda,ebitdamargin,ebitdausd,ebitusd,ebt,eps,epsdil,epsusd,equity,equityavg,equityusd,ev,evebit,evebitda,fcf,fcfps,fxusd,gp,grossmargin,intangibles,intexp,invcap,invcapavg,inventory,investments,investmentsc,investmentsnc,liabilities,liabilitiesc,liabilitiesnc,marketcap,ncf,ncfbus,ncfcommon,ncfdebt,ncfdiv,ncff,ncfi,ncfinv,ncfo,ncfx,netinc,netinccmn,netinccmnusd,netincdis,netincnci,netmargin,opex,opinc,payables,payoutratio,pb,pe,pe1,ppnenet,prefdivis,price,ps,ps1,receivables,retearn,revenue,revenueusd,rnd,roa,roe,roic,ros,sbcomp,sgna,sharefactor,sharesbas,shareswa,shareswadil,sps,tangibles,taxassets,taxexp,taxliabilities,tbvps,workingcapital
SMTX,MRY,2011-12-31,2012-01-01,2012-01-01,2018-05-08,0,114296000,101127250,95103000,19193000,2.179,2.133,-912000,2635000,2635000,199051000,1150000,1.271,2.307,22846000,17917000,4929000,22846000,0,2794000,0,0.0,0.0,3423000,6217000,0.028,6217000,3423000,1955000,0.07,0.07,0.07,34567000,33251500,34567000,68306161,19,10.987,1121000,0.069,1.0,21300000,0.097,0,1468000,59707000,66750250,52648000,0,0,0,79729000,74800000,4929000,44072161,1702000,-3033000,317000,4318000,0,3614000,-3945000,0,2033000,0,1150000,1150000,1150000,0,0,0.005,17577000,3723000,46352000,0.0,1.275,38.324,40.286,15355000,0,2.82,0.2,0.207,37904000,-228647000,220351000,220351000,0,0.011,0.035,0.051,0.016,271000,14812000,1.0,15628426,16136114,16242010,13.656,114296000,3200000,805000,367000,7.054,20303000
SMTX,MRY,2012-12-31,2012-12-30,2012-12-30,2018-05-08,0,121707000,124222250,98335000,23372000,2.385,2.616,-5660000,2203000,2203000,270413000,6879000,1.265,1.85,20447000,19155000,1292000,20447000,0,3231000,0,0.0,0.0,7037000,10268000,0.035,10268000,7037000,5080000,0.42,0.42,0.42,42708000,40449500,42708000,71305035,10,6.944,3590000,0.22,1.0,25892000,0.087,0,1957000,62244000,89346500,54806000,0,0,0,78999000,77707000,1292000,39038035,-432000,0,220000,-3447000,0,-4022000,-5660000,0,9250000,0,6879000,6879000,6879000,0,0,0.023,19505000,6387000,48766000,0.0,0.914,5.675,5.69,19410000,0,2.39,0.132,0.131,36301000,-221105000,296305000,296305000,0,0.055,0.17,0.079,0.024,379000,17325000,1.0,16333906,16294893,16415522,18.184,121707000,5992000,-1799000,566000,7.454,20628000
SMTX,MRY,2013-12-31,2013-12-29,2013-12-29,2018-05-08,0,92828000,113201750,73691000,19137000,2.391,1.793,-2691000,3295000,3295000,255503000,-12463000,1.171,2.157,22223000,21704000,519000,22223000,0,3883000,0,0.0,0.0,-6171000,-2288000,-0.008,-2288000,-6171000,-7895000,-0.76,-0.76,-0.76,29404000,37521000,29404000,64805048,-10,-28.324,-6125000,-0.374,1.0,15181000,0.056,0,1724000,48851000,63412500,36776000,0,0,0,63424000,62905000,519000,38325048,1092000,0,61000,459000,0,349000,-2691000,0,-3434000,0,-12463000,-12463000,-12463000,0,0,-0.046,21078000,-5897000,33231000,0.0,1.303,-3.075,-3.079,18044000,0,2.34,0.142,0.141,30821000,-234718000,270684000,270684000,0,-0.11,-0.332,-0.097,-0.023,248000,19190000,1.0,16377526,16361865,16361865,16.544,92828000,1985000,4568000,775000,5.661,10786000
SMTX,MRY,2014-12-31,2014-12-28,2014-12-28,2018-05-08,0,88663000,91583250,70983000,17680000,2.496,1.571,-1933000,5447000,5447000,209623000,-3878000,1.145,2.438,23216000,22350000,866000,23216000,0,3997000,0,0.0,0.0,-363000,3634000,0.016,3634000,-363000,-2056000,-0.24,-0.24,-0.24,25790000,28909250,25790000,49931405,-137,13.74,3062000,0.187,1.0,18954000,0.083,0,1693000,44425000,49243000,31590000,0,0,0,62873000,62007000,866000,28894405,2152000,0,0,-710000,0,-910000,-1933000,0,4995000,0,-3878000,-3878000,-3878000,0,0,-0.017,19317000,-363000,29425000,0.0,1.12,-7.451,-7.333,17590000,0,1.76,0.126,0.126,31024000,-238596000,228577000,228577000,0,-0.042,-0.134,-0.007,-0.002,264000,17900000,1.0,16417276,16417275,16417275,13.923,88663000,787000,1822000,449000,5.401,8976000
SMTX,MRY,2015-12-31,2016-01-03,2016-01-03,2018-05-08,0,81973000,85562000,65462000,16511000,2.578,1.6,-2676000,6904000,6904000,202899000,-4000,1.272,2.117,16481000,12259000,4222000,16481000,0,3967000,0,0.0,0.0,1852000,5819000,0.026,5819000,1852000,669000,0.0,0.0,0.0,26296000,25910250,26296000,38208777,20,6.566,8202000,0.499,1.0,17717000,0.08,0,1183000,40095000,41337000,25877000,0,0,0,55677000,51455000,4222000,25446777,652000,0,0,-6735000,0,-6745000,-3481000,0,10878000,0,-4000,-4000,-4000,0,0,0.0,15865000,1852000,31045000,,0.968,-6361.694,,16443000,0,1.55,0.115,0.115,29885000,-238600000,220616000,220616000,0,0.0,0.0,0.045,0.008,510000,15863000,1.0,16417276,16421478,16421478,13.435,81973000,813000,673000,502000,4.988,14007000
SMTX,MRY,2016-12-31,2017-01-01,2017-01-01,2018-05-08,0,69004000,72276000,54271000,14733000,2.323,1.604,-2099000,8503000,8503000,152841000,-232000,1.585,1.605,13389000,5120000,8269000,13389000,0,4110000,0,0.0,0.0,843000,4953000,0.03,4953000,843000,55000,-0.01,-0.01,-0.01,26487000,26928000,26487000,30732575,36,6.205,4762000,0.289,1.0,15027000,0.09,0,788000,39642000,40083000,20674000,0,0,0,42517000,34248000,8269000,25260575,2404000,0,0,-3601000,0,-3163000,-1294000,0,6861000,0,-232000,-232000,-232000,0,0,-0.001,14184000,843000,23078000,0.0,0.954,-108.882,-153.0,14437000,0,1.53,0.15,0.15,22624000,-238832000,167868000,167868000,0,-0.003,-0.009,0.021,0.005,423000,14013000,1.0,16510180,16504106,16504106,10.171,69004000,243000,287000,190000,4.179,20023000
SMTX,MRY,2017-12-31,2017-12-31,2017-12-31,2018-05-08,0,69856000,65988000,59188000,10668000,2.11,1.131,-1134000,5536000,5536000,128380000,-7845000,1.324,2.662,20454000,14365000,6089000,20454000,0,3588000,0,0.0,0.0,-6382000,-2794000,-0.02,-2794000,-6382000,-7285000,-0.47,-0.47,-0.47,19074000,21374750,19074000,43589717,-6,-15.601,-9981000,-0.595,1.0,10851000,0.078,0,903000,40081000,40436500,22363000,37000,37000,0,50782000,44693000,6089000,31809717,-2967000,0,0,7065000,0,7014000,-1134000,0,-8847000,0,-7845000,-7845000,-7845000,0,0,-0.056,17233000,-6382000,25028000,0.0,1.668,-4.055,-4.023,10269000,0,1.891,0.228,0.228,29110000,-246677000,139231000,139231000,0,-0.119,-0.367,-0.158,-0.046,432000,13960000,1.0,16825197,16788231,16788231,8.293,69856000,305000,560000,48000,4.143,14495000
