ticker,dimension,calendardate,datekey,reportperiod,lastupdated,accoci,assets,assetsavg,assetsc,assetsnc,assetturnover,bvps,capex,cashneq,cashnequsd,cor,consolinc,currentratio,de,debt,debtc,debtnc,debtusd,deferredrev,depamor,deposits,divyield,dps,ebit,ebitda,ebitdamargin,ebitdausd,ebitusd,ebt,eps,epsdil,epsusd,equity,equityavg,equityusd,ev,evebit,evebitda,fcf,fcfps,fxusd,gp,grossmargin,intangibles,intexp,invcap,invcapavg,inventory,investments,investmentsc,investmentsnc,liabilities,liabilitiesc,liabilitiesnc,marketcap,ncf,ncfbus,ncfcommon,ncfdebt,ncfdiv,ncff,ncfi,ncfinv,ncfo,ncfx,netinc,netinccmn,netinccmnusd,netincdis,netincnci,netmargin,opex,opinc,payables,payoutratio,pb,pe,pe1,ppnenet,prefdivis,price,ps,ps1,receivables,retearn,revenue,revenueusd,rnd,roa,roe,roic,ros,sbcomp,sgna,sharefactor,sharesbas,shareswa,shareswadil,sps,tangibles,taxassets,taxexp,taxliabilities,tbvps,workingcapital
SNAK,MRY,2011-12-31,2011-12-31,2011-12-31,2017-11-10,-425025,97974923,93573075,50381949,47592974,1.734,2.283,-9728000,664488,664488,132098000,2817000,1.836,1.355,26804030,3025011,23779019,26804030,0,4669000,0,0.0,0.0,5210000,9879000,0.061,9879000,5210000,4325000,0.16,0.15,0.16,41609550,40573308,41609550,97676711,18,9.887,-5058000,-0.279,1.0,30134000,0.186,13649385,885000,83016830,80255052,31682080,0,0,0,56365373,27448250,28917123,67948963,-316000,0,74000,4517000,0,4742000,-9728000,0,4670000,0,2817000,2817000,2817000,0,0,0.017,24924000,5210000,14891297,0.0,1.633,24.121,23.375,33182331,0,3.74,0.419,0.417,15741758,14643672,162232000,162232000,0,0.03,0.069,0.065,0.032,842000,24924000,1.0,18168172,18110000,19199000,8.958,84325538,766805,1508000,3550560,4.628,22933699
SNAK,MRY,2012-12-31,2012-12-29,2012-12-29,2017-11-10,-378000,95894000,95747847,47390000,48504000,1.934,2.679,-5609000,419000,419000,148287000,7449000,2.131,0.877,18660000,1646000,17014000,18660000,0,4701000,0,0.0,0.0,12445000,17146000,0.093,17146000,12445000,11681000,0.4,0.38,0.4,51099000,47015680,51099000,141983844,11,8.281,5615000,0.298,1.0,36892000,0.199,13626000,764000,78270000,78794687,27071000,0,0,0,44795000,22239000,22556000,120129723,-245000,1511000,181000,-8090000,0,-7371000,-4098000,0,11224000,0,7449000,7449000,7449000,0,0,0.04,25548000,11344000,12178000,0.0,2.351,16.127,15.775,34051000,0,6.31,0.649,0.641,17547000,22092000,185179000,185179000,0,0.078,0.158,0.158,0.067,434000,25548000,1.0,19037991,18821000,19574000,9.839,82268000,1030000,4232000,3968000,4.313,25151000
SNAK,MRY,2013-12-31,2013-12-28,2013-12-28,2017-11-10,-244000,170091000,127402500,69592000,100499000,1.692,3.041,-9775000,910000,910000,176694000,6618000,1.954,1.875,71198000,6110000,65088000,71198000,0,5733000,0,0.0,0.0,10850000,16583000,0.077,16583000,10850000,9978000,0.34,0.33,0.34,59153000,55615750,59153000,294947208,27,17.786,-4429000,-0.229,1.0,38886000,0.18,48688000,872000,156080000,106039000,43086000,0,0,0,110938000,35611000,75327000,261588208,491000,-47248000,206000,52506000,0,52168000,-57023000,0,5346000,0,6618000,6618000,6618000,0,0,0.031,28036000,10850000,19380000,0.0,4.422,39.527,39.618,50140000,0,13.47,1.213,1.21,23618000,28710000,215580000,215580000,0,0.052,0.119,0.102,0.05,315000,28036000,1.0,19420060,19360000,19789000,11.135,121403000,755000,3360000,4188000,6.241,33981000
SNAK,MRY,2014-12-31,2014-12-27,2014-12-27,2017-11-10,-134000,195310000,188147000,90579000,104731000,1.518,3.678,-11835000,495000,495000,232542000,10561000,2.548,1.714,85061000,7041000,78020000,85061000,0,7887000,0,0.0,0.0,18933000,26820000,0.094,26820000,18933000,16329000,0.54,0.53,0.54,71966000,66271250,71966000,328498041,17,12.248,-13117000,-0.673,1.0,53121000,0.186,47829000,2604000,196495000,179758500,65216000,0,0,0,123344000,35552000,87792000,240700041,-415000,-1408000,320000,13864000,0,14110000,-13243000,0,-1282000,0,10561000,10561000,10561000,0,0,0.037,34188000,18933000,15533000,0.0,3.345,22.791,22.815,55200000,0,12.32,0.843,0.841,22420000,39271000,285663000,285663000,0,0.056,0.159,0.105,0.066,1365000,34188000,1.0,19537341,19500000,19990000,14.649,147481000,1228000,5768000,6869000,7.538,55027000
SNAK,MRY,2015-12-31,2015-12-26,2015-12-26,2017-11-10,0,210473000,209357000,110316000,100157000,1.35,2.676,-11006000,2319000,2319000,262221000,-20783000,2.376,3.01,111077000,1826000,109251000,111077000,0,7506000,0,0.0,0.0,-26499000,-18993000,-0.067,-18993000,-26499000,-32829000,-1.06,-1.06,-1.06,52488000,55104750,52488000,247781405,-9,-13.046,-22359000,-1.141,1.0,20337000,0.072,38004000,6330000,234789000,207995250,81807000,0,0,0,157985000,46438000,111547000,140795405,1824000,-234000,31000,31391000,0,24417000,-11240000,0,-11353000,0,-20783000,-20783000,-20783000,0,0,-0.074,46836000,-26499000,35983000,0.0,2.682,-6.775,-6.774,59963000,0,7.18,0.498,0.498,19928000,18488000,282558000,282558000,0,-0.099,-0.377,-0.127,-0.094,1489000,37559000,1.0,19609388,19588000,19588000,14.425,172469000,1228000,-12046000,0,8.794,63878000
SNAK,MRY,2016-12-31,2016-12-31,2016-12-31,2017-11-10,0,181480000,201734250,92514000,88966000,1.333,1.204,-12612000,776000,776000,236253000,-30249000,0.6,6.661,112644000,112644000,0,112644000,0,7324000,0,0.0,0.0,-17681000,-10357000,-0.039,-10357000,-17681000,-27555000,-1.54,-1.54,-1.54,23689000,44192000,23689000,309285564,-17,-29.862,-3838000,-0.195,1.0,32759000,0.122,6882000,9874000,132331000,182979250,13398000,0,0,0,157791000,154135000,3656000,193767564,-1543000,-351000,187000,5684000,0,2646000,-12963000,0,8774000,0,-30249000,-30249000,-30249000,0,0,-0.112,50440000,-17681000,18725000,0.0,8.18,-6.406,-6.396,34367000,0,9.85,0.72,0.719,8941000,-11761000,269012000,269012000,0,-0.15,-0.684,-0.097,-0.066,1650000,34994000,1.0,19671834,19644000,19644000,13.694,174598000,0,2694000,1376000,8.875,-61621000
