ticker,dimension,calendardate,datekey,reportperiod,lastupdated,accoci,assets,assetsavg,assetsc,assetsnc,assetturnover,bvps,capex,cashneq,cashnequsd,cor,consolinc,currentratio,de,debt,debtc,debtnc,debtusd,deferredrev,depamor,deposits,divyield,dps,ebit,ebitda,ebitdamargin,ebitdausd,ebitusd,ebt,eps,epsdil,epsusd,equity,equityavg,equityusd,ev,evebit,evebitda,fcf,fcfps,fxusd,gp,grossmargin,intangibles,intexp,invcap,invcapavg,inventory,investments,investmentsc,investmentsnc,liabilities,liabilitiesc,liabilitiesnc,marketcap,ncf,ncfbus,ncfcommon,ncfdebt,ncfdiv,ncff,ncfi,ncfinv,ncfo,ncfx,netinc,netinccmn,netinccmnusd,netincdis,netincnci,netmargin,opex,opinc,payables,payoutratio,pb,pe,pe1,ppnenet,prefdivis,price,ps,ps1,receivables,retearn,revenue,revenueusd,rnd,roa,roe,roic,ros,sbcomp,sgna,sharefactor,sharesbas,shareswa,shareswadil,sps,tangibles,taxassets,taxexp,taxliabilities,tbvps,workingcapital
SNDK,MRY,2011-12-31,2012-01-01,2012-01-01,2017-05-07,332701000,10174648000,9607855750,4355961000,5818687000,0.589,29.219,-192876000,1167496000,1167496000,3222999000,986990000,3.984,0.441,1604911000,0,1604911000,1604911000,220999000,351960000,0,0.0,0.0,1612052000,1964012000,0.347,1964012000,1612052000,1476754000,4.12,4.04,4.12,7064358000,6535084750,7064358000,12333295123,7,6.28,860896000,3.595,1.0,2439146000,0.431,442590000,135298000,9076099000,8828202750,678382000,6391050000,1681492000,4709558000,3113809000,1093374000,2020435000,11824987123,338347000,-383858000,137943000,-211441000,0,-47109000,-667027000,9707000,1053772000,-1289000,986990000,986990000,986990000,0,0,0.174,909046000,1530100000,534858000,0.0,1.674,11.981,11.944,344897000,0,49.21,2.088,2.081,521763000,1796849000,5662145000,5662145000,547373000,0.103,0.151,0.183,0.285,38215000,357188000,1.0,240296426,239484000,244553000,23.643,9732058000,299436000,489764000,0,40.252,3262587000
SNDK,MRY,2012-12-31,2012-12-30,2012-12-30,2017-05-07,165121000,10339127000,10187123500,4606360000,5732767000,0.496,30.084,-487973000,995470000,995470000,3369289000,417404000,2.448,0.424,1696621000,906708000,789913000,1696621000,248155000,416301000,0,0.0,0.0,747324000,1163625000,0.23,1163625000,747324000,626916000,1.72,1.7,1.72,7263901000,7137684500,7263901000,10882198570,14,9.352,41881000,0.173,1.0,1683220000,0.333,448654000,120408000,8709957000,8683739500,750075000,6176077000,1880034000,4296043000,3079527000,1881667000,1197860000,10319535570,-172026000,248905000,-141104000,0,0,-125089000,-574366000,-331298000,529854000,-2425000,417404000,417404000,417404000,0,0,0.083,987125000,696095000,469265000,0.0,1.421,24.723,24.814,665542000,0,42.68,2.042,2.045,626025000,2071268000,5052509000,5052509000,602765000,0.041,0.058,0.086,0.148,62428000,374455000,1.0,241788556,242076000,245253000,20.872,9890473000,262595000,209512000,0,40.962,2724693000
SNDK,MRY,2013-12-31,2013-12-29,2013-12-29,2017-05-07,-76459000,10488717000,9857170750,4650718000,5837999000,0.626,30.934,-213415000,986246000,986246000,3302520000,1042657000,3.779,0.506,1985363000,0,1985363000,1985363000,291302000,464065000,0,0.006,0.45,1614214000,2078279000,0.337,2078279000,1614214000,1516149000,4.44,4.34,4.44,6967872000,7060920750,6967872000,15783532782,9,7.595,1650257000,7.026,1.0,2867483000,0.465,566015000,98065000,9691239000,8316256750,756975000,6233702000,1919611000,4314091000,3523026000,1230580000,2292446000,15866616782,-9224000,-228996000,-1105695000,555064000,-101191000,-956361000,-922880000,-472092000,1863672000,6345000,1042657000,1042657000,1042657000,0,0,0.169,1305273000,1562210000,429546000,0.101,2.277,15.217,15.82,655794000,0,70.24,2.572,2.674,682809000,2004089000,6170003000,6170003000,742268000,0.106,0.148,0.194,0.262,72558000,468622000,1.0,225891469,234886000,240236000,26.268,9922702000,272861000,473492000,0,44.051,3420138000
SNDK,MRY,2014-12-31,2014-12-28,2014-12-28,2017-05-07,-208072000,10273825000,10574539000,4195198000,6078627000,0.627,30.046,-232786000,809003000,809003000,3559853000,1007446000,1.919,0.555,2180352000,864718000,1315634000,2180352000,274657000,578502000,0,0.01,1.05,1614508000,2193010000,0.331,2193010000,1614508000,1489030000,4.52,4.23,4.52,6528059000,6919951500,6528059000,23611452143,14,10.767,1465662000,6.581,1.0,3067848000,0.463,1373679000,125478000,8085539000,8788155750,698011000,5176801000,1455509000,3721292000,3620001000,2185956000,1434045000,22353931143,-177243000,-1038166000,-1118726000,-3212000,-234565000,-1352848000,-514689000,781100000,1698448000,-8154000,1007446000,1007446000,1007446000,0,0,0.152,1509914000,1557934000,540288000,0.232,3.424,22.189,22.414,724357000,0,101.31,3.373,3.404,842476000,1499149000,6627701000,6627701000,852310000,0.095,0.146,0.184,0.244,110394000,598190000,1.0,220648812,222714000,238209000,29.759,8900146000,341961000,481584000,0,40.964,2009242000
SNDK,MRY,2015-12-31,2016-01-03,2016-01-03,2017-05-07,-198939000,9230761000,9228604000,5659786000,3570975000,0.603,28.624,-413828000,1478948000,1478948000,3307803000,388478000,2.825,0.594,2231442000,913178000,1318264000,2231442000,235572000,621095000,0,0.012,0.9,654277000,1275372000,0.229,1275372000,654277000,529624000,1.89,1.82,1.89,5738924000,5708093500,5738924000,16690210629,25,13.087,632852000,3.08,1.0,2257069000,0.406,1128054000,124653000,6851721000,7533567000,809395000,3654376000,2527245000,1127131000,3411349000,2003480000,1407869000,15250546629,669945000,-38312000,-1181749000,-73000,-188911000,-1403196000,1027668000,1489633000,1046680000,-1207000,388478000,388478000,388478000,0,0,0.07,1640444000,616625000,500790000,0.476,2.657,39.257,40.206,817130000,0,75.99,2.741,2.805,618191000,733937000,5564872000,5564872000,883242000,0.042,0.068,0.087,0.118,160164000,561536000,1.0,200691494,205443000,212900000,27.087,8102707000,325033000,141146000,0,40.415,3656306000
