ticker,dimension,calendardate,datekey,reportperiod,lastupdated,accoci,assets,assetsavg,assetsc,assetsnc,assetturnover,bvps,capex,cashneq,cashnequsd,cor,consolinc,currentratio,de,debt,debtc,debtnc,debtusd,deferredrev,depamor,deposits,divyield,dps,ebit,ebitda,ebitdamargin,ebitdausd,ebitusd,ebt,eps,epsdil,epsusd,equity,equityavg,equityusd,ev,evebit,evebitda,fcf,fcfps,fxusd,gp,grossmargin,intangibles,intexp,invcap,invcapavg,inventory,investments,investmentsc,investmentsnc,liabilities,liabilitiesc,liabilitiesnc,marketcap,ncf,ncfbus,ncfcommon,ncfdebt,ncfdiv,ncff,ncfi,ncfinv,ncfo,ncfx,netinc,netinccmn,netinccmnusd,netincdis,netincnci,netmargin,opex,opinc,payables,payoutratio,pb,pe,pe1,ppnenet,prefdivis,price,ps,ps1,receivables,retearn,revenue,revenueusd,rnd,roa,roe,roic,ros,sbcomp,sgna,sharefactor,sharesbas,shareswa,shareswadil,sps,tangibles,taxassets,taxexp,taxliabilities,tbvps,workingcapital
SNHY,MRY,2011-12-31,2011-12-31,2011-12-31,2018-05-08,-2120000,167528000,158531750,103930000,63598000,1.288,5.666,-10108000,42880000,42880000,124956000,37677000,7.326,0.153,0,0,0,0,0,6721000,0,0.016,0.373,56811000,63532000,0.311,63532000,56811000,57586000,1.47,1.47,1.47,145276000,137038500,145276000,548278259,9,8.63,39436000,1.538,1.0,79215000,0.388,0,-775000,110462000,96787250,12829000,30260000,30260000,0,22252000,14186000,8066000,601022259,9628000,-325000,635000,-100000,-9596000,-8833000,-29749000,-19316000,49544000,-1334000,37677000,37677000,37677000,0,0,0.185,22565000,56650000,4402000,0.254,4.137,15.952,15.939,56959000,0,23.43,2.944,2.943,16227000,98426000,204171000,204171000,0,0.238,0.275,0.587,0.278,1586000,23946000,1.0,25651825,25642000,25684000,7.962,167528000,380000,19909000,6917000,6.533,89744000
SNHY,MRY,2012-12-31,2012-12-29,2012-12-29,2018-05-08,603000,175121000,184838750,102445000,72676000,1.106,5.985,-13303000,34807000,34807000,123795000,37398000,8.365,0.128,0,0,0,0,0,7186000,0,0.059,1.48,54485000,61671000,0.302,61671000,54485000,55853000,1.44,1.44,1.44,155273000,163229000,155273000,600678297,11,9.74,38895000,1.499,1.0,80572000,0.394,4472000,-1368000,123595000,121446500,12559000,37700000,37700000,0,19848000,12247000,7601000,651469297,-8356000,-1140000,700000,-169000,-40900000,-40553000,-22026000,-7583000,52198000,2025000,37398000,37398000,37398000,0,0,0.183,26203000,54369000,4606000,1.028,4.196,17.42,17.34,64672000,0,24.97,3.188,3.17,13754000,97242000,204367000,204367000,0,0.202,0.229,0.449,0.267,2265000,26163000,1.0,26090080,25944000,25971000,7.877,170649000,976000,18455000,7230000,6.578,90198000
SNHY,MRY,2013-12-31,2013-12-28,2013-12-28,2018-05-08,2591000,213478000,199590250,129056000,84422000,1.028,7.305,-17705000,55246000,55246000,122306000,37984000,9.206,0.115,0,0,0,0,0,7227000,0,0.011,0.45,56205000,63432000,0.309,63432000,56205000,57172000,1.45,1.45,1.45,191428000,177129000,191428000,1035038763,18,16.317,29418000,1.123,1.0,82961000,0.404,5221000,-967000,138993000,133758750,13853000,38729000,38729000,0,22050000,14018000,8032000,1081856763,20434000,-923000,859000,0,-9435000,-8278000,-20220000,-1592000,47123000,1809000,37984000,37984000,37984000,0,0,0.185,26783000,56178000,4630000,0.31,5.652,28.482,28.317,75731000,0,41.06,5.27,5.242,16984000,123420000,205267000,205267000,0,0.19,0.214,0.42,0.274,2814000,26790000,1.0,26348192,26206000,26206000,7.833,208257000,1428000,19188000,7747000,7.947,115038000
SNHY,MRY,2014-12-31,2014-12-27,2014-12-27,2018-05-08,-4085000,222764000,232694000,135547000,87217000,0.978,7.494,-10630000,57162000,57162000,133781000,43775000,8.616,0.124,0,0,0,0,0,8718000,0,0.034,1.36,64150000,72868000,0.32,72868000,64150000,65742000,1.65,1.65,1.65,198259000,202358250,198259000,986735768,15,13.541,52216000,1.974,1.0,93892000,0.412,5141000,-1592000,144729000,142451500,14098000,43353000,43353000,0,24505000,15732000,8773000,1053167768,1931000,0,846000,0,-38357000,-37359000,-18176000,-6471000,62846000,-5380000,43775000,43775000,43775000,0,0,0.192,30506000,63386000,4873000,0.824,5.312,24.059,24.024,77716000,0,39.64,4.626,4.606,17501000,128818000,227673000,227673000,0,0.188,0.216,0.45,0.282,3797000,29821000,1.0,26568309,26456000,26456000,8.606,217623000,467000,21967000,9060000,8.226,119815000
SNHY,MRY,2015-12-31,2016-01-02,2016-01-02,2018-05-08,-10043000,241540000,237312750,157018000,84522000,0.846,8.326,-4461000,81976000,81976000,123634000,33138000,13.441,0.087,0,0,0,0,0,9557000,0,0.014,0.54,47808000,57365000,0.286,57365000,47808000,49230000,1.24,1.24,1.24,222187000,214810750,222187000,770668850,16,13.434,45441000,1.703,1.0,77093000,0.384,9801000,-1422000,138081000,143621000,13047000,44174000,44174000,0,19353000,11682000,7671000,847581850,25089000,0,1019000,0,-11999000,-10817000,-9313000,-3427000,49902000,-4683000,33138000,33138000,33138000,0,0,0.165,30389000,46704000,4422000,0.363,3.815,25.577,25.589,74121000,0,31.73,4.223,4.219,13531000,149938000,200727000,200727000,0,0.14,0.154,0.333,0.238,4453000,29817000,1.0,26712318,26687000,26687000,7.522,231739000,583000,16092000,7411000,8.684,145336000
SNHY,MRY,2016-12-31,2016-12-31,2016-12-31,2018-05-08,-15833000,444777000,304081500,141268000,303509000,0.648,8.791,-6180000,74258000,74258000,125585000,23304000,4.546,0.881,140000000,0,140000000,140000000,0,11318000,0,0.01,0.4,34111000,45429000,0.231,45429000,34111000,34901000,0.87,0.87,0.87,236397000,235348250,236397000,966403885,28,21.273,32326000,1.202,1.0,71349000,0.362,216148000,-790000,263295000,169526250,30000000,6825000,6825000,0,208380000,31076000,177304000,1076464885,-7711000,-200056000,1039000,138041000,-10744000,128223000,-169788000,37675000,38506000,-4652000,23304000,23304000,23304000,0,0,0.118,37633000,33716000,10166000,0.46,4.554,46.192,45.943,80515000,0,39.97,5.466,5.458,25730000,162485000,196934000,196934000,0,0.077,0.099,0.201,0.173,4971000,35345000,1.0,26931821,26892000,26892000,7.323,228629000,4217000,11597000,9766000,8.502,110192000
SNHY,MRY,2017-12-31,2017-12-30,2017-12-30,2018-05-08,-6478000,459766000,463860250,146776000,312990000,0.739,10.087,-22158000,63922000,63922000,206314000,31558000,3.2,0.686,116000000,0,116000000,116000000,0,19190000,0,0.004,0.29,51325000,70515000,0.206,70515000,51325000,47544000,1.17,1.17,1.17,272673000,261375500,272673000,1786148539,34,25.33,27224000,1.007,1.0,136525000,0.398,213000000,3781000,252981000,244948250,41545000,0,0,0,187093000,45863000,141230000,1751379539,-10339000,-500000,1156000,-24000000,-10260000,-50001000,-15974000,6684000,49382000,6254000,31558000,31558000,31558000,0,0,0.092,75776000,60749000,15469000,0.248,6.423,55.497,55.291,91931000,0,64.69,5.108,5.1,37503000,183770000,342839000,342839000,0,0.068,0.121,0.21,0.15,4042000,65580000,1.0,27073420,27031000,27031000,12.683,246766000,4654000,15986000,3946000,9.129,100913000
