ticker,dimension,calendardate,datekey,reportperiod,lastupdated,accoci,assets,assetsavg,assetsc,assetsnc,assetturnover,bvps,capex,cashneq,cashnequsd,cor,consolinc,currentratio,de,debt,debtc,debtnc,debtusd,deferredrev,depamor,deposits,divyield,dps,ebit,ebitda,ebitdamargin,ebitdausd,ebitusd,ebt,eps,epsdil,epsusd,equity,equityavg,equityusd,ev,evebit,evebitda,fcf,fcfps,fxusd,gp,grossmargin,intangibles,intexp,invcap,invcapavg,inventory,investments,investmentsc,investmentsnc,liabilities,liabilitiesc,liabilitiesnc,marketcap,ncf,ncfbus,ncfcommon,ncfdebt,ncfdiv,ncff,ncfi,ncfinv,ncfo,ncfx,netinc,netinccmn,netinccmnusd,netincdis,netincnci,netmargin,opex,opinc,payables,payoutratio,pb,pe,pe1,ppnenet,prefdivis,price,ps,ps1,receivables,retearn,revenue,revenueusd,rnd,roa,roe,roic,ros,sbcomp,sgna,sharefactor,sharesbas,shareswa,shareswadil,sps,tangibles,taxassets,taxexp,taxliabilities,tbvps,workingcapital
SNPS,MRY,2011-12-31,2011-10-31,2011-10-31,2018-02-24,-20945000,3368844000,3290059750,1338055000,2030789000,0.467,14.607,-60230000,1004074000,1004074000,340450000,221364000,1.324,0.603,0,0,0,0,759763000,128550000,0,0.0,0.0,219113000,347663000,0.226,347663000,219113000,219113000,1.51,1.47,1.51,2101300000,2132019500,2101300000,2823795479,12,8.122,380086000,2.593,1.0,1195193000,0.778,1485317000,0,-130867000,-24666500,0,0,0,0,1267544000,1010320000,257224000,3862076479,79670000,-41015000,-239656000,-4628000,0,-277619000,-88819000,12426000,440316000,5792000,221364000,221364000,221364000,0,0,0.144,982350000,212843000,302176000,0.0,1.838,17.447,17.755,159517000,0,26.81,2.515,2.559,203124000,957517000,1535643000,1535643000,491871000,0.067,0.104,-8.883,0.143,56414000,475878000,1.0,144053580,146573000,150367000,10.477,1883527000,366647000,-2251000,97529000,13.093,327735000
SNPS,MRY,2012-12-31,2012-10-31,2012-10-31,2018-02-24,-15461000,4147656000,3765102250,1140656000,3007000000,0.466,16.67,-57493000,700382000,700382000,392673000,182402000,0.911,0.641,135000000,30000000,105000000,135000000,902048000,156840000,0,0.0,0.0,201135000,357975000,0.204,357975000,201135000,201135000,1.24,1.21,1.24,2501686000,2338641750,2501686000,3980602114,19,11.12,428575000,2.918,1.0,1363344000,0.776,2443309000,0,-113674000,-12209000,0,0,0,0,1603685000,1252639000,351046000,4801869114,-154695000,-970089000,135896000,113844000,0,243488000,-879123000,148459000,486068000,-5128000,182402000,182402000,182402000,0,0,0.104,1173320000,190024000,383093000,0.0,1.919,26.326,25.968,191243000,0,32.2,2.735,2.693,292668000,1098694000,1756017000,1756017000,581628000,0.048,0.078,-16.474,0.115,71414000,573088000,1.0,149126370,146887000,150280000,11.955,1704347000,340820000,18733000,57327000,11.357,-111983000
SNPS,MRY,2013-12-31,2013-10-31,2013-10-31,2018-02-24,-28695000,4358935000,4191710250,1447977000,2910958000,0.468,18.062,-67068000,1022441000,1022441000,453552000,247800000,1.184,0.563,105000000,30000000,75000000,105000000,882290000,187404000,0,0.0,0.0,275666000,463070000,0.236,463070000,275666000,275666000,1.62,1.58,1.62,2788277000,2706374500,2788277000,4843681997,17,10.46,429637000,2.802,1.0,1508662000,0.769,2311396000,0,-92821000,56016250,0,0,0,0,1570658000,1222919000,347739000,5623551997,322059000,0,-13102000,-30712000,0,-97985000,-66079000,989000,496705000,-10582000,247800000,247800000,247800000,0,0,0.126,1262169000,246493000,358197000,0.0,2.017,22.694,22.481,197600000,0,36.42,2.866,2.846,256026000,1324854000,1962214000,1962214000,669197000,0.059,0.092,4.921,0.14,67511000,569773000,1.0,154408347,153319000,156601000,12.798,2047539000,361336000,27866000,60232000,13.264,225058000
SNPS,MRY,2014-12-31,2014-10-31,2014-10-31,2018-02-24,-62089000,4775499000,4518280000,1504735000,3270764000,0.455,19.543,-106913000,985762000,985762000,456885000,259124000,1.085,0.563,75000000,30000000,45000000,75000000,1005888000,192826000,0,0.0,0.0,272142000,464968000,0.226,464968000,272142000,272142000,1.67,1.64,1.67,3056170000,2948639250,3056170000,5565185202,20,11.969,444040000,2.864,1.0,1600587000,0.778,2620738000,0,-142760000,-29412000,0,0,0,0,1719329000,1386759000,332570000,6385731202,-36679000,-394623000,-16017000,-30968000,0,-73689000,-497250000,7774000,550953000,-16693000,259124000,259124000,259124000,0,0,0.126,1351870000,248717000,397113000,0.0,2.089,24.644,24.539,249098000,0,40.98,3.104,3.088,326727000,1551592000,2057472000,2057472000,718768000,0.057,0.088,-9.253,0.132,79440000,608294000,1.0,155825554,155054000,157710000,13.269,2154761000,363746000,13018000,82356000,13.779,117976000
SNPS,MRY,2015-12-31,2015-10-31,2015-10-31,2018-02-24,-105375000,5045739000,4854556750,1468807000,3576932000,0.462,20.177,-90647000,964935000,964935000,518920000,225934000,0.931,0.61,205000000,205000000,0,205000000,1061859000,211821000,0,0.0,0.0,281610000,493431000,0.22,493431000,281610000,281610000,1.46,1.43,1.46,3133989000,3068564000,3133989000,6883832401,24,13.951,404513000,2.61,1.0,1723291000,0.769,2834900000,0,-127449000,5007000,0,0,0,0,1911750000,1578353000,333397000,7794251401,-149574000,-340153000,-150236000,129575000,0,-62070000,-559629000,-129729000,495160000,-23035000,225934000,225934000,225934000,0,0,0.101,1456825000,266466000,385542000,0.0,2.487,34.498,34.233,263077000,0,49.98,3.476,3.454,385694000,1725727000,2242211000,2242211000,776229000,0.047,0.074,56.243,0.126,86400000,639504000,1.0,155947407,154957000,158065000,14.47,2210839000,339377000,55676000,57328000,14.234,-109546000
SNPS,MRY,2016-12-31,2016-10-31,2016-10-31,2018-02-24,-104577000,5240365000,5015485000,1716938000,3523427000,0.483,21.065,-71040000,1117315000,1117315000,542962000,266826000,1.001,0.64,205000000,205000000,0,205000000,1165658000,207032000,0,0.0,0.0,329548000,536580000,0.221,536580000,329548000,329548000,1.76,1.73,1.76,3195146000,3114070000,3195146000,8163549735,24,15.214,515595000,3.392,1.0,1879570000,0.776,2784906000,0,-171802000,-93665750,0,0,0,0,2045219000,1714946000,330273000,8975908735,140432000,-60056000,-274717000,0,0,-306937000,-142675000,-11579000,586635000,3409000,266826000,266826000,266826000,0,0,0.11,1562175000,317395000,401451000,0.0,2.809,33.64,33.699,257035000,0,59.31,3.705,3.722,438873000,1947585000,2422532000,2422532000,856705000,0.053,0.086,-3.518,0.136,97583000,668330000,1.0,151338876,152017000,154721000,15.936,2455459000,352008000,62722000,62255000,16.188,1992000
SNPS,MRY,2017-12-31,2017-10-31,2017-10-31,2018-02-24,-65979000,5396414000,5451541250,1682593000,3713821000,0.5,21.772,-73554000,1048356000,1048356000,654184000,136563000,1.042,0.646,143987000,9924000,134063000,143987000,1147780000,189442000,0,0.0,0.0,383098000,572540000,0.21,572540000,383098000,383098000,0.91,0.88,0.91,3275620000,3350242000,3275620000,12132771802,31,21.191,561011000,3.729,1.0,2070696000,0.76,2960817000,0,-82881000,121469250,0,0,0,0,2116690000,1614109000,502581000,12999427802,71736000,-259202000,-253663000,-60625000,0,-373120000,-189282000,141374000,634565000,-427000,136563000,136563000,136563000,0,0,0.05,1723133000,347563000,499846000,0.0,3.969,95.19,95.077,266014000,0,86.52,4.771,4.777,451144000,2143873000,2724880000,2724880000,908841000,0.025,0.041,3.154,0.141,108294000,746092000,1.0,150247663,150457000,154874000,18.111,2435597000,312403000,246535000,73050000,16.189,68484000
