ticker,dimension,calendardate,datekey,reportperiod,lastupdated,accoci,assets,assetsavg,assetsc,assetsnc,assetturnover,bvps,capex,cashneq,cashnequsd,cor,consolinc,currentratio,de,debt,debtc,debtnc,debtusd,deferredrev,depamor,deposits,divyield,dps,ebit,ebitda,ebitdamargin,ebitdausd,ebitusd,ebt,eps,epsdil,epsusd,equity,equityavg,equityusd,ev,evebit,evebitda,fcf,fcfps,fxusd,gp,grossmargin,intangibles,intexp,invcap,invcapavg,inventory,investments,investmentsc,investmentsnc,liabilities,liabilitiesc,liabilitiesnc,marketcap,ncf,ncfbus,ncfcommon,ncfdebt,ncfdiv,ncff,ncfi,ncfinv,ncfo,ncfx,netinc,netinccmn,netinccmnusd,netincdis,netincnci,netmargin,opex,opinc,payables,payoutratio,pb,pe,pe1,ppnenet,prefdivis,price,ps,ps1,receivables,retearn,revenue,revenueusd,rnd,roa,roe,roic,ros,sbcomp,sgna,sharefactor,sharesbas,shareswa,shareswadil,sps,tangibles,taxassets,taxexp,taxliabilities,tbvps,workingcapital
SNX,MRY,2011-12-31,2011-11-30,2011-11-30,2018-04-06,30026000,2833295000,2690112250,2438415000,394880000,3.87,32.051,-40153000,67571000,67571000,9779342000,150553000,1.777,1.437,383022000,159200000,223822000,383022000,0,24673000,0,0.0,0.0,255001000,279674000,0.027,279674000,255001000,229496000,4.2,4.08,4.2,1158379000,1096672000,1158379000,1443688807,5,5.162,179000000,4.996,1.0,630498000,0.061,222851000,25505000,1553642000,1530760750,975047000,16017000,16017000,0,1664837000,1372253000,292584000,1078284807,-20467000,-59322000,988000,-126231000,0,-114443000,-126388000,-12864000,219153000,1211000,150331000,150331000,150331000,0,222000,0.014,374270000,256228000,1035691000,0.0,0.931,7.173,6.988,125157000,0,29.35,0.104,0.101,1294371000,829524000,10409840000,10409840000,0,0.056,0.137,0.167,0.024,3604000,374270000,1.0,36738835,35830000,36833000,290.534,2610444000,28831000,79165000,13222000,72.227,1066162000
SNX,MRY,2012-12-31,2012-11-30,2012-11-30,2018-04-06,35405000,2963262000,2738686500,2580461000,382801000,3.756,35.916,-14481000,163699000,163699000,9628770000,152503000,1.726,1.246,275286000,194134000,81152000,275286000,0,24630000,0,0.0,0.0,258356000,282986000,0.028,282986000,258356000,235426000,4.08,3.96,4.08,1319023000,1264619750,1319023000,1360587716,5,4.808,228312000,6.241,1.0,656737000,0.064,218137000,22930000,1362005000,1406796250,923340000,15933000,15933000,0,1643907000,1494707000,149200000,1232996716,96128000,-1592000,-548000,-132983000,0,-137492000,-9560000,4361000,242793000,387000,151376000,151376000,151376000,0,1127000,0.015,401725000,255012000,1111833000,0.0,0.935,8.145,8.093,122923000,0,33.02,0.12,0.117,1401372000,980900000,10285507000,10285507000,0,0.055,0.12,0.184,0.025,5302000,401725000,1.0,37340906,36584000,37747000,281.148,2745125000,24009000,84050000,16735000,74.748,1085754000
SNX,MRY,2013-12-31,2013-11-30,2013-11-30,2018-04-06,19168000,3325889000,2991478250,2931733000,394156000,3.625,38.0,-28965000,151622000,151622000,10190194000,152322000,1.638,1.356,317928000,252523000,65405000,317928000,0,24462000,0,0.0,0.0,255082000,279544000,0.026,279544000,255082000,237967000,4.06,3.02,4.06,1411222000,1369669500,1411222000,2582449961,10,9.238,6742000,0.183,1.0,654970000,0.06,212307000,17115000,1490510000,1385634000,1095107000,15134000,15134000,0,1914248000,1789378000,124870000,2488508961,-12077000,-27123000,2748000,-5159000,0,-8366000,-43784000,7162000,35707000,4366000,152237000,152237000,152237000,0,85000,0.014,414142000,240828000,1353901000,0.0,1.763,16.346,16.296,133249000,0,66.16,0.229,0.225,1593337000,1133137000,10845164000,10845164000,0,0.051,0.111,0.184,0.024,3729000,414142000,1.0,37613497,36888000,37633000,294.002,3113582000,29898000,85730000,4676000,83.84,1142355000
SNX,MRY,2014-12-31,2014-11-30,2014-11-30,2018-04-06,-6628000,4713042000,4398412500,3899989000,813053000,3.146,42.54,-57377000,214412000,214412000,12740586000,180150000,1.433,1.85,980503000,716257000,264246000,980503000,0,91699000,0,0.002,0.125,309353000,401052000,0.029,401052000,309353000,284166000,4.61,4.57,4.61,1653558000,1596166750,1653558000,3683139671,11,9.184,-292149000,-7.59,1.0,1099004000,0.079,543897000,25187000,2213507000,2101250000,1398463000,7128000,7128000,0,3059057000,2721729000,337328000,2810001671,28521000,-384867000,2327000,706518000,-4927000,701925000,-441651000,11771000,-234772000,3019000,180034000,180034000,180034000,0,116000,0.013,790497000,308507000,1590735000,0.027,1.699,15.608,15.497,200803000,0,71.44,0.203,0.199,2091843000,1308244000,13839590000,13839590000,0,0.041,0.113,0.147,0.022,8563000,790497000,1.0,39333730,38490000,38845000,359.563,4169145000,45100000,104132000,35996000,107.256,1178260000
SNX,MRY,2015-12-31,2015-11-30,2015-11-30,2018-04-06,-55237000,4444147000,4220480250,3649781000,794366000,3.16,45.974,-100106000,424630000,424630000,12146606000,208607000,1.903,1.47,730891000,92093000,638798000,730891000,0,103510000,0,0.006,0.575,353409000,456919000,0.034,456919000,353409000,327113000,5.28,5.24,5.28,1799381000,1740267750,1799381000,4094775513,11,8.962,541238000,13.856,1.0,1191791000,0.089,465352000,26296000,2366899000,2319350500,1328967000,5546000,5546000,0,2644250000,1918157000,726093000,3730250513,210218000,37299000,-12605000,-327481000,-22591000,-355067000,-59449000,1632000,641344000,-16610000,208525000,208525000,208525000,0,82000,0.016,837239000,354552000,1452855000,0.109,2.073,17.889,17.854,248627000,0,94.27,0.28,0.276,1759605000,1494178000,13338397000,13338397000,0,0.049,0.12,0.152,0.026,5864000,837239000,1.0,39569858,39061000,39352000,341.476,3978795000,60359000,118588000,29782000,101.658,1731624000
SNX,MRY,2016-12-31,2016-11-30,2016-11-30,2018-04-06,-93116000,5215281000,4665934500,3995030000,1220251000,3.014,50.11,-123233000,386982000,386982000,12778872000,235005000,1.613,1.64,963984000,362889000,601095000,963984000,0,121293000,0,0.009,1.05,384998000,506291000,0.036,506291000,384998000,356005000,5.91,5.88,5.91,1975776000,1899427500,1975776000,5230776871,13,10.332,201471000,5.124,1.0,1282965000,0.091,784789000,28993000,2530962000,2409131750,1741734000,5109000,5109000,0,3239483000,2476532000,762951000,4650481871,-37463000,-414801000,-8425000,215330000,-33724000,180152000,-531880000,285000,324704000,-10439000,234946000,234946000,234946000,0,59000,0.017,903369000,379596000,1713834000,0.178,2.354,19.794,19.782,312716000,0,116.91,0.331,0.327,1756596000,1695400000,14061837000,14061837000,0,0.05,0.124,0.16,0.027,5663000,903369000,1.0,39778307,39321000,39530000,357.616,4430492000,58564000,121059000,75736000,112.366,1518498000
SNX,MRY,2017-12-31,2017-11-30,2017-11-30,2018-04-06,-61919000,7698526000,6018644000,5739778000,1958748000,2.832,57.62,-97546000,556525000,556525000,15494760000,301173000,1.42,2.371,1941560000,805471000,1136089000,1941560000,0,159886000,0,0.008,1.05,510088000,669974000,0.039,669974000,510088000,464731000,7.54,7.51,7.54,2283695000,2163748750,2283695000,6250301519,12,9.329,79218000,2.003,1.0,1550940000,0.091,1455692000,45357000,3586662000,3063225750,2162626000,5475000,5475000,0,5414831000,4041207000,1373624000,5443254519,169575000,-526658000,-5635000,680558000,-41815000,638654000,-654257000,-32317000,176764000,8414000,301173000,301173000,301173000,0,0,0.018,1041975000,508965000,2643608000,0.139,2.384,18.074,18.064,346589000,0,136.2,0.319,0.316,2846448000,1954758000,17045700000,17045700000,0,0.05,0.139,0.167,0.03,11822000,1041975000,1.0,39965158,39556000,39758000,430.926,6242834000,31687000,163558000,146886000,157.512,1698571000
