ticker,dimension,calendardate,datekey,reportperiod,lastupdated,accoci,assets,assetsavg,assetsc,assetsnc,assetturnover,bvps,capex,cashneq,cashnequsd,cor,consolinc,currentratio,de,debt,debtc,debtnc,debtusd,deferredrev,depamor,deposits,divyield,dps,ebit,ebitda,ebitdamargin,ebitdausd,ebitusd,ebt,eps,epsdil,epsusd,equity,equityavg,equityusd,ev,evebit,evebitda,fcf,fcfps,fxusd,gp,grossmargin,intangibles,intexp,invcap,invcapavg,inventory,investments,investmentsc,investmentsnc,liabilities,liabilitiesc,liabilitiesnc,marketcap,ncf,ncfbus,ncfcommon,ncfdebt,ncfdiv,ncff,ncfi,ncfinv,ncfo,ncfx,netinc,netinccmn,netinccmnusd,netincdis,netincnci,netmargin,opex,opinc,payables,payoutratio,pb,pe,pe1,ppnenet,prefdivis,price,ps,ps1,receivables,retearn,revenue,revenueusd,rnd,roa,roe,roic,ros,sbcomp,sgna,sharefactor,sharesbas,shareswa,shareswadil,sps,tangibles,taxassets,taxexp,taxliabilities,tbvps,workingcapital
SPA,MRY,2011-12-31,2011-06-30,2011-06-30,2018-05-09,-871000,122609000,127612500,93411000,29198000,1.594,7.331,862000,24550000,24550000,170184000,7461000,2.219,0.634,1796000,126000,1670000,1796000,13021000,1611000,0,0.0,0.0,-3237000,-1626000,-0.008,-1626000,-3237000,-3943000,0.73,0.73,0.73,75047000,71838250,75047000,80323866,-24,-49.4,3318000,0.325,1.0,33168000,0.163,9525000,706000,48242000,33506250,38752000,0,0,0,47562000,42088000,5474000,104616866,-6039000,-12559000,25000,-130000,0,40000,-8535000,0,2456000,0,7461000,7461000,7461000,0,0,0.037,36997000,-3829000,16608000,0.0,1.394,14.022,14.0,11395000,0,10.22,0.514,0.514,23896000,42487000,203352000,203352000,1110000,0.058,0.104,-0.097,-0.016,501000,20842000,1.0,10236484,10217494,10255368,19.902,113084000,10157000,-11404000,0,11.047,51323000
SPA,MRY,2012-12-31,2012-06-30,2012-06-30,2018-05-09,-1718000,144555000,134115750,115744000,28811000,1.689,8.181,-3969000,46950000,46950000,187423000,9847000,2.052,0.752,1669000,131000,1538000,1669000,0,1814000,0,0.0,0.0,15812000,17626000,0.078,17626000,15812000,15116000,0.97,0.96,0.97,82488000,78871000,82488000,74923028,4,4.251,22948000,2.256,1.0,39032000,0.172,9090000,696000,33787000,43873000,35102000,0,0,0,62067000,56397000,5670000,99903028,22400000,0,-2539000,-135000,0,-2298000,-2219000,1750000,26917000,0,9847000,9847000,9847000,0,0,0.043,23957000,15075000,17152000,0.0,1.211,10.146,10.206,14260000,0,9.9,0.441,0.445,29618000,51995000,226455000,226455000,1293000,0.073,0.125,0.36,0.07,567000,22232000,1.0,10091215,10174176,10208810,22.258,135465000,7156000,5269000,0,13.434,59347000
SPA,MRY,2013-12-31,2013-06-30,2013-06-30,2018-05-09,-1255000,165922000,155993750,106673000,59249000,1.699,9.438,-3597000,6085000,6085000,219192000,13470000,1.922,0.727,11539000,136000,11403000,11539000,0,4761000,0,0.0,0.0,16690000,21451000,0.081,21451000,16690000,16172000,1.32,1.32,1.32,96072000,89566500,96072000,185938587,11,8.668,-663000,-0.065,1.0,45811000,0.173,25480000,518000,90407000,74408500,46334000,0,0,0,69850000,55489000,14361000,176259587,-40865000,-47538000,-2180000,9305000,0,7336000,-51135000,0,2934000,0,13470000,13470000,13470000,0,0,0.051,29394000,16417000,19596000,0.0,1.835,13.085,13.061,28904000,0,17.24,0.665,0.663,49572000,65957000,265003000,265003000,1300000,0.086,0.15,0.224,0.063,917000,26451000,1.0,10223874,10193530,10228687,25.997,140442000,7026000,2702000,0,13.798,51184000
SPA,MRY,2014-12-31,2014-06-30,2014-06-30,2018-05-09,-968000,198980000,187838000,116564000,82416000,1.791,10.873,-3432000,8028000,8028000,271551000,12987000,2.835,0.807,41000000,900000,40100000,41000000,0,8122000,0,0.0,0.0,20440000,28562000,0.085,28562000,20440000,19602000,1.28,1.28,1.28,110115000,104013500,110115000,309837868,15,10.848,9019000,0.892,1.0,64950000,0.193,48230000,838000,142601000,127258250,53372000,0,0,0,88865000,41121000,47744000,280902868,1943000,-35560000,-1415000,29377000,0,28484000,-38992000,0,12451000,0,12987000,12987000,12987000,0,0,0.039,44699000,20251000,16543000,0.0,2.551,21.63,21.672,28523000,0,27.74,0.835,0.833,48697000,78944000,336501000,336501000,1169000,0.069,0.125,0.161,0.061,1140000,35682000,1.0,10126275,10109915,10141395,33.284,150750000,5005000,6615000,0,14.885,75443000
SPA,MRY,2015-12-31,2015-06-30,2015-06-30,2018-05-09,-1457000,337551000,281438000,170879000,166672000,1.358,11.836,-5802000,14914000,14914000,307311000,10989000,2.914,1.888,154500000,0,154500000,154500000,0,11236000,0,0.0,0.0,17411000,28647000,0.075,28647000,17411000,14955000,1.1,1.1,1.1,116879000,113903250,116879000,345169379,19,12.049,-1265000,-0.128,1.0,74814000,0.196,120000000,2456000,298506000,231562750,79503000,0,0,0,220672000,58631000,162041000,270750379,6886000,-97319000,-6665000,112077000,0,106456000,-104107000,-986000,4537000,0,10989000,10989000,10989000,0,0,0.029,57562000,17252000,29948000,0.0,2.317,24.638,24.836,32608000,0,27.32,0.709,0.706,70974000,89933000,382125000,382125000,1502000,0.039,0.096,0.075,0.046,841000,46969000,1.0,9910336,9874441,9885961,38.698,217551000,6913000,3966000,0,22.03,112248000
SPA,MRY,2016-12-31,2016-07-03,2016-07-03,2018-05-09,-1736000,245998000,297858250,130606000,115392000,1.408,8.03,-5877000,132000,132000,339214000,-38283000,2.092,2.129,97755000,217000,97538000,97755000,0,15675000,0,0.0,0.0,-51696000,-36021000,-0.086,-36021000,-51696000,-55499000,-3.91,-3.91,-3.91,78628000,109835250,78628000,344133182,-6,-9.554,42255000,4.318,1.0,80148000,0.191,49596000,3803000,231586000,261918250,77871000,0,0,0,167370000,62439000,104931000,220963182,-14782000,178000,-140000,-58094000,0,-58072000,-4842000,857000,48132000,0,-38283000,-38283000,-38283000,0,0,-0.091,133467000,-53319000,38290000,0.0,2.81,-5.772,-5.742,33320000,0,22.45,0.527,0.524,46759000,51650000,419362000,419362000,2344000,-0.129,-0.349,-0.197,-0.123,127000,55151000,1.0,9842458,9786315,9786315,42.852,196402000,25784000,-17216000,0,20.058,68167000
SPA,MRY,2017-12-31,2017-07-02,2017-07-02,2018-05-09,-1276000,217143000,225652500,110434000,106709000,1.762,8.325,-6874000,988000,988000,325663000,1317000,2.036,1.652,74936000,269000,74667000,74936000,0,14392000,0,0.0,0.0,7681000,22073000,0.056,22073000,7681000,3244000,0.13,0.13,0.13,81868000,79843250,81868000,303927363,39,13.769,24594000,2.506,1.0,71899000,0.181,41108000,4437000,195731000,214213500,60248000,0,0,0,135275000,54252000,81023000,216835363,856000,0,0,-23738000,0,-23738000,-6874000,0,31468000,0,1317000,1317000,1317000,0,0,0.003,64278000,7621000,27672000,0.0,2.649,164.643,169.154,34455000,0,21.99,0.545,0.543,45347000,52967000,397562000,397562000,1670000,0.006,0.016,0.036,0.019,1463000,54110000,1.0,9860635,9812248,9812273,40.517,176035000,24893000,1927000,0,17.9,56182000
