ticker,dimension,calendardate,datekey,reportperiod,lastupdated,accoci,assets,assetsavg,assetsc,assetsnc,assetturnover,bvps,capex,cashneq,cashnequsd,cor,consolinc,currentratio,de,debt,debtc,debtnc,debtusd,deferredrev,depamor,deposits,divyield,dps,ebit,ebitda,ebitdamargin,ebitdausd,ebitusd,ebt,eps,epsdil,epsusd,equity,equityavg,equityusd,ev,evebit,evebitda,fcf,fcfps,fxusd,gp,grossmargin,intangibles,intexp,invcap,invcapavg,inventory,investments,investmentsc,investmentsnc,liabilities,liabilitiesc,liabilitiesnc,marketcap,ncf,ncfbus,ncfcommon,ncfdebt,ncfdiv,ncff,ncfi,ncfinv,ncfo,ncfx,netinc,netinccmn,netinccmnusd,netincdis,netincnci,netmargin,opex,opinc,payables,payoutratio,pb,pe,pe1,ppnenet,prefdivis,price,ps,ps1,receivables,retearn,revenue,revenueusd,rnd,roa,roe,roic,ros,sbcomp,sgna,sharefactor,sharesbas,shareswa,shareswadil,sps,tangibles,taxassets,taxexp,taxliabilities,tbvps,workingcapital
SPB,MRY,2011-12-31,2011-09-30,2011-09-30,2018-05-03,-14446000,3626706000,3749289750,1048289000,2578417000,0.85,19.635,-36160000,142414000,142414000,2058049000,-75171000,1.727,2.561,1551612000,16090000,1535522000,1551612000,0,104760000,0,0.0,0.0,225453000,330213000,0.104,330213000,225453000,17124000,-1.47,-1.47,-1.47,1018497000,1026144750,1018497000,2896327239,12,8.771,193711000,3.791,1.0,1128867000,0.354,2294247000,208329000,2134745000,2439894500,434630000,0,0,0,2608209000,606912000,2001297000,1236109239,-28200000,-4056000,26442000,-237244000,0,-213284000,-45696000,0,229871000,909000,-75171000,-75171000,-75171000,0,0,-0.024,900923000,227944000,323171000,0.0,1.214,-16.444,-16.068,206389000,0,23.62,0.388,0.379,356605000,-336063000,3186916000,3186916000,32901000,-0.02,-0.073,0.092,0.071,30389000,778166000,1.0,52333160,51092000,51092000,62.376,1332459000,28170000,92295000,368942000,25.687,441377000
SPB,MRY,2012-12-31,2012-09-30,2012-09-30,2018-05-03,-33435000,3751649000,3788637250,1061427000,2690222000,0.858,19.234,-46309000,157961000,157961000,2136757000,48572000,1.738,2.793,1669300000,16414000,1652886000,1669300000,0,104616000,0,0.025,1.0,300868000,405484000,0.125,405484000,300868000,108957000,0.94,0.91,0.94,989095000,998571500,989095000,3823696426,12,9.43,212442000,4.116,1.0,1115678000,0.343,2409174000,191911000,2243183000,2522744250,452633000,0,0,0,2762554000,610631000,2151923000,2059020426,15547000,-183140000,-30996000,76557000,-51450000,-10778000,-231494000,0,258751000,-932000,48572000,48572000,48572000,0,0,0.015,813932000,301746000,325023000,1.064,2.082,42.391,42.564,214017000,0,40.01,0.633,0.635,335301000,-340647000,3252435000,3252435000,33087000,0.013,0.049,0.119,0.093,29164000,740023000,1.0,51462645,51608000,53309000,63.022,1342475000,28143000,60385000,407737000,26.105,450796000
SPB,MRY,2013-12-31,2013-09-30,2013-09-30,2018-05-03,-38521000,5626673000,5551117000,1482905000,4143768000,0.736,17.242,-81800000,207257000,207257000,2695300000,-55300000,1.557,5.225,3218863000,102921000,3115942000,3218863000,0,139900000,0,0.011,0.75,347800000,487700000,0.119,487700000,347800000,-27800000,-1.06,-1.06,-1.06,897021000,921127000,897021000,6562088655,18,13.455,174700000,3.36,1.0,1390300000,0.34,3639838000,375600000,4046071000,4263825500,632923000,0,0,0,4686577000,952370000,3734207000,3435027655,49200000,-1399800000,-3200000,1343600000,-40100000,1280200000,-1483000000,0,256500000,-4500000,-55200000,-55200000,-55200000,0,-100000,-0.014,1039100000,351200000,525519000,-0.708,3.829,-62.229,-62.113,412551000,0,65.84,0.841,0.838,481313000,-435911000,4085600000,4085600000,43300000,-0.01,-0.06,0.082,0.085,43900000,923400000,1.0,52172352,52000000,52000000,78.569,1986835000,32959000,27400000,525387000,38.191,530535000
SPB,MRY,2014-12-31,2014-09-30,2014-09-30,2018-05-03,-63100000,5513000000,5636882000,1434600000,4078400000,0.786,19.837,-64100000,194600000,194600000,2860200000,214500000,1.567,4.242,2990800000,96700000,2894100000,2990800000,0,157600000,0,0.013,1.15,475200000,632800000,0.143,632800000,475200000,273100000,4.07,4.02,4.07,1043400000,979660500,1043400000,8025270879,16,12.682,368600000,7.008,1.0,1568900000,0.354,3561100000,202100000,3832400000,4351319250,624500000,0,0,0,4426200000,915700000,3510500000,4773803879,-12600000,-27600000,-4500000,-252100000,-61900000,-343500000,-93500000,0,432700000,-8300000,214100000,214100000,214100000,0,400000,0.048,1087000000,481900000,519700000,0.283,4.575,22.297,22.243,428900000,0,90.53,1.078,1.075,515300000,-283100000,4429100000,4429100000,47900000,0.038,0.219,0.109,0.107,46800000,999800000,1.0,52731734,52600000,53300000,84.203,1951900000,0,59000000,513200000,37.108,518900000
SPB,MRY,2015-12-31,2015-09-30,2015-09-30,2018-05-03,-200100000,7193800000,6565000000,1687500000,5506300000,0.714,26.139,-87700000,247900000,247900000,3020100000,149400000,1.643,3.574,3905900000,33800000,3872100000,3905900000,0,170000000,0,0.014,1.29,464700000,634700000,0.135,634700000,464700000,192800000,2.68,2.66,2.68,1563100000,1317700000,1563100000,9684967289,20,15.259,356600000,6.414,1.0,1670300000,0.356,4957000000,271900000,4867900000,4964325000,780800000,0,0,0,5587000000,1026900000,4560100000,5446467289,53300000,-1191100000,541500000,450200000,-70700000,918400000,-1279700000,0,444300000,-29700000,148900000,148900000,148900000,0,500000,0.032,1196200000,474100000,620600000,0.481,3.484,36.578,34.146,507100000,0,91.51,1.161,1.085,586700000,-205500000,4690400000,4690400000,51300000,0.023,0.113,0.094,0.099,47600000,1059500000,1.0,59517728,55600000,55900000,84.36,2236800000,0,43900000,572500000,37.405,660600000
SPB,MRY,2016-12-31,2016-09-30,2016-09-30,2018-05-03,-229400000,7069100000,7158250000,1632900000,5436200000,0.704,30.356,-94200000,275300000,275300000,3119800000,357600000,1.49,2.903,3620200000,164000000,3456200000,3620200000,0,183000000,0,0.011,1.47,647100000,830100000,0.165,830100000,647100000,397100000,6.02,5.99,6.02,1800100000,1697650000,1800100000,11937919924,18,14.381,520800000,8.782,1.0,1919900000,0.381,4850900000,250000000,4467500000,5143050000,740600000,0,0,0,5225100000,1095600000,4129500000,8179419924,27400000,0,-42800000,-343800000,-87200000,-487800000,-98400000,0,615000000,-1400000,357100000,357100000,357100000,0,500000,0.071,1263700000,656200000,580100000,0.244,4.544,22.905,22.872,542100000,0,137.69,1.623,1.62,538200000,63600000,5039700000,5039700000,58700000,0.05,0.21,0.126,0.128,64400000,1148900000,1.0,59404604,59300000,59600000,84.987,2218200000,0,40000000,532700000,37.406,537300000
SPB,MRY,2017-12-31,2017-09-30,2017-09-30,2018-05-03,-209600000,7419700000,7256175000,1607100000,5812600000,0.69,31.853,-110400000,168200000,168200000,3132600000,297100000,1.443,3.032,3771700000,19400000,3752300000,3771700000,0,198700000,0,0.015,1.64,554400000,753100000,0.15,753100000,554400000,343300000,5.04,5.02,5.04,1837900000,1794800000,1837900000,10138630659,18,13.463,555000000,9.471,1.0,1874800000,0.374,3889100000,211100000,6020700000,5377100000,496300000,0,0,0,5573000000,1113400000,4459600000,6147930659,-107100000,-304700000,-252500000,27100000,-96200000,-358600000,-416600000,0,665400000,2700000,295800000,295800000,295800000,0,1300000,0.059,1313400000,561400000,371600000,0.325,3.345,20.784,21.016,503100000,0,105.92,1.228,1.24,285400000,262300000,5007400000,5007400000,59500000,0.041,0.165,0.103,0.111,57200000,1172500000,1.0,58043152,58600000,59000000,85.451,3530600000,0,47500000,493200000,61.189,493700000
