ticker,dimension,calendardate,datekey,reportperiod,lastupdated,accoci,assets,assetsavg,assetsc,assetsnc,assetturnover,bvps,capex,cashneq,cashnequsd,cor,consolinc,currentratio,de,debt,debtc,debtnc,debtusd,deferredrev,depamor,deposits,divyield,dps,ebit,ebitda,ebitdamargin,ebitdausd,ebitusd,ebt,eps,epsdil,epsusd,equity,equityavg,equityusd,ev,evebit,evebitda,fcf,fcfps,fxusd,gp,grossmargin,intangibles,intexp,invcap,invcapavg,inventory,investments,investmentsc,investmentsnc,liabilities,liabilitiesc,liabilitiesnc,marketcap,ncf,ncfbus,ncfcommon,ncfdebt,ncfdiv,ncff,ncfi,ncfinv,ncfo,ncfx,netinc,netinccmn,netinccmnusd,netincdis,netincnci,netmargin,opex,opinc,payables,payoutratio,pb,pe,pe1,ppnenet,prefdivis,price,ps,ps1,receivables,retearn,revenue,revenueusd,rnd,roa,roe,roic,ros,sbcomp,sgna,sharefactor,sharesbas,shareswa,shareswadil,sps,tangibles,taxassets,taxexp,taxliabilities,tbvps,workingcapital
SR,MRY,2011-12-31,2011-09-30,2011-09-30,2018-05-02,0,1783082000,1776007500,369134000,1413948000,0.903,25.902,-67638000,43277000,43277000,1445846000,63825000,1.592,2.11,410357000,46000000,364357000,410357000,15230000,39764000,10048000,0.042,1.62,118424000,158188000,0.099,158188000,118424000,93007000,2.87,2.86,2.87,573331000,567655000,573331000,1172552073,9,7.412,99549000,4.505,1.0,157461000,0.098,0,25417000,1918228000,1907669500,128360000,58544000,7759000,50785000,1209751000,231934000,977817000,869131073,-43642000,0,2549000,-109195000,-35821000,-143822000,-67007000,631000,167187000,0,63825000,63825000,63825000,0,0,0.04,39214000,118247000,96561000,0.564,1.516,13.617,13.502,933271000,0,38.75,0.542,0.534,155172000,389298000,1603307000,1603307000,0,0.036,0.112,0.062,0.074,0,0,1.0,22429189,22099000,22171000,72.551,1783082000,0,29182000,339037000,80.555,137200000
SR,MRY,2012-12-31,2012-09-30,2012-09-30,2018-05-02,0,1880262000,1813515250,343016000,1537246000,0.621,26.773,-108800000,27457000,27457000,974200000,62600000,1.361,2.125,404516000,65100000,339416000,404516000,25146000,41300000,8565000,0.039,1.66,113800000,155100000,0.138,155100000,113800000,88900000,2.8,2.79,2.8,601611000,604410750,601611000,1310815568,11,8.451,19300000,0.865,1.0,151300000,0.134,0,24900000,2005197000,1954882250,106472000,53630000,2855000,50775000,1278651000,252124000,1026527000,967937568,-15800000,0,4300000,-5900000,-36900000,-38500000,-105400000,3400000,128100000,0,62600000,62600000,62600000,0,0,0.056,40700000,110600000,89503000,0.593,1.609,15.462,15.357,1025338000,0,43.0,0.86,0.852,156219000,414581000,1125500000,1125500000,0,0.035,0.104,0.058,0.101,0,0,1.0,22510176,22300000,22300000,50.471,1880262000,0,26300000,376601000,83.675,90892000
SR,MRY,2013-12-31,2013-09-30,2013-09-30,2018-05-02,0,3125400000,2374673000,475900000,2649500000,0.428,40.398,-130800000,53000000,53000000,872200000,52800000,1.347,1.987,986700000,74000000,912700000,986700000,23700000,49300000,15100000,0.038,1.7,99000000,148300000,0.146,148300000,99000000,70400000,2.03,2.02,2.03,1046300000,847019500,1046300000,1379103190,13,9.299,33100000,1.278,1.0,144800000,0.142,247100000,28600000,3458800000,2448324750,199100000,61600000,3300000,58300000,2079100000,353200000,1725900000,1471148190,25500000,-975000000,431700000,583900000,-42500000,969900000,-1108300000,0,163900000,0,52800000,52800000,52800000,0,0,0.052,48300000,96500000,140200000,0.837,1.406,27.863,22.167,1784300000,0,45.0,1.447,1.146,190100000,420100000,1017000000,1017000000,0,0.022,0.062,0.04,0.097,0,0,1.0,32692182,25900000,26000000,39.266,2878300000,0,17600000,415900000,111.131,122700000
SR,MRY,2014-12-31,2014-09-30,2014-09-30,2018-05-02,0,5074000000,3779475250,628000000,4446000000,0.431,42.134,-171000000,16100000,16100000,1378400000,84600000,0.799,2.364,2138100000,287100000,1851000000,2138100000,32200000,83300000,34000000,0.038,1.76,163100000,246400000,0.151,246400000,163100000,116900000,2.36,2.35,2.36,1508400000,1303802500,1508400000,2407755852,14,9.772,-48400000,-1.352,1.0,248800000,0.153,937800000,46200000,5472400000,3972690250,270200000,62400000,2400000,60000000,3565600000,785800000,2779800000,2002955852,-36900000,-1270300000,460000000,886900000,-61900000,1278100000,-1437600000,0,122600000,0,84600000,84600000,84600000,0,0,0.052,82400000,166400000,176700000,0.746,1.328,23.676,19.661,2768900000,0,46.4,1.231,1.021,236900000,437500000,1627200000,1627200000,0,0.022,0.065,0.041,0.1,0,0,1.0,43167152,35800000,35900000,45.453,4136200000,0,32300000,457100000,115.536,-157800000
SR,MRY,2015-12-31,2015-09-30,2015-09-30,2018-05-02,0,5290200000,5210575000,530100000,4760100000,0.379,36.175,-289800000,13800000,13800000,1574000000,136900000,0.621,2.362,2189500000,418000000,1771500000,2189500000,44300000,130800000,32100000,0.034,1.84,273700000,404500000,0.205,404500000,273700000,199100000,3.16,3.16,3.16,1573600000,1581825000,1573600000,4384484268,16,10.839,32600000,0.755,1.0,402400000,0.204,946000000,74600000,5666100000,5501550000,215400000,64500000,4600000,59900000,3716600000,853800000,2862800000,2362384268,-2300000,-8200000,3100000,51000000,-79000000,-26000000,-298700000,0,322400000,0,136900000,136900000,136900000,0,0,0.069,129900000,272500000,146500000,0.582,1.501,17.256,17.256,2941200000,0,54.53,1.195,1.192,230500000,494200000,1976400000,1976400000,0,0.026,0.087,0.05,0.138,0,0,1.0,43322653,43200000,43300000,45.75,4344200000,0,62200000,533800000,99.867,-323700000
SR,MRY,2016-12-31,2016-09-30,2016-09-30,2018-05-02,0,6064400000,5517425000,569600000,5494800000,0.279,38.776,-293300000,5200000,5200000,1118100000,144200000,0.49,2.43,2469400000,648700000,1820700000,2469400000,70200000,137500000,34900000,0.031,1.96,290900000,428400000,0.279,428400000,290900000,213700000,3.26,3.24,3.26,1768200000,1713075000,1768200000,4853530569,16,11.329,35000000,0.794,1.0,419200000,0.273,1164900000,77200000,6202400000,5909925000,202300000,73500000,11400000,62100000,4296200000,1161300000,3134900000,2909130569,-8600000,-317700000,137100000,225700000,-85200000,275800000,-612700000,0,328300000,0,144200000,144200000,144200000,0,0,0.094,136900000,282300000,210900000,0.601,1.645,20.174,19.552,3300900000,0,63.74,1.892,1.828,232000000,550900000,1537300000,1537300000,0,0.026,0.084,0.049,0.189,0,0,1.0,45640580,44100000,44300000,34.859,4899500000,0,69500000,662500000,107.445,-591700000
SR,MRY,2017-12-31,2017-09-30,2017-09-30,2018-05-02,3200000,6546700000,6352925000,725500000,5821200000,0.274,41.143,-438100000,7400000,7400000,1265500000,161600000,0.661,2.288,2572300000,577300000,1995000000,2572300000,32000000,154100000,34900000,0.028,2.1,328300000,482400000,0.277,482400000,328300000,239200000,3.44,3.43,3.44,1991300000,1924800000,1991300000,5970460315,18,12.377,-149800000,-3.194,1.0,475200000,0.273,1171600000,89100000,6842100000,6589625000,225800000,70100000,5900000,64200000,4555400000,1097900000,3457500000,3602760315,2200000,3800000,146900000,104800000,-96200000,147400000,-433500000,0,288300000,0,161600000,161600000,161600000,0,0,0.093,153500000,321700000,257100000,0.61,1.809,22.294,21.701,3717200000,0,74.65,2.07,2.011,276700000,614200000,1740700000,1740700000,0,0.025,0.084,0.05,0.189,0,0,1.0,48262027,46900000,47000000,37.115,5375100000,0,77600000,768500000,111.056,-372400000
