ticker,dimension,calendardate,datekey,reportperiod,lastupdated,accoci,assets,assetsavg,assetsc,assetsnc,assetturnover,bvps,capex,cashneq,cashnequsd,cor,consolinc,currentratio,de,debt,debtc,debtnc,debtusd,deferredrev,depamor,deposits,divyield,dps,ebit,ebitda,ebitdamargin,ebitdausd,ebitusd,ebt,eps,epsdil,epsusd,equity,equityavg,equityusd,ev,evebit,evebitda,fcf,fcfps,fxusd,gp,grossmargin,intangibles,intexp,invcap,invcapavg,inventory,investments,investmentsc,investmentsnc,liabilities,liabilitiesc,liabilitiesnc,marketcap,ncf,ncfbus,ncfcommon,ncfdebt,ncfdiv,ncff,ncfi,ncfinv,ncfo,ncfx,netinc,netinccmn,netinccmnusd,netincdis,netincnci,netmargin,opex,opinc,payables,payoutratio,pb,pe,pe1,ppnenet,prefdivis,price,ps,ps1,receivables,retearn,revenue,revenueusd,rnd,roa,roe,roic,ros,sbcomp,sgna,sharefactor,sharesbas,shareswa,shareswadil,sps,tangibles,taxassets,taxexp,taxliabilities,tbvps,workingcapital
SSYS,MRY,2011-12-31,2011-12-31,2011-12-31,2018-02-28,-99000,221770000,207387205,93223000,128547000,0.752,8.643,-12849000,20092000,20092000,73490000,20626000,3.199,0.21,0,0,0,0,12331000,10348000,0,0.0,0.0,31352000,41700000,0.267,41700000,31352000,31352000,0.98,0.95,0.98,183311000,173422073,183311000,629466912,20,15.095,9663000,0.457,1.0,82404000,0.529,50689000,0,121852000,118148076,22771000,55973000,17897000,38076000,38459000,29137000,9322000,644698690,-7462000,-42877000,0,0,0,8769000,-38806000,16920000,22512000,63000,20626000,20626000,20626000,0,0,0.132,53398000,29006000,8541000,0.0,3.517,31.257,31.031,39669000,0,30.41,4.135,4.122,24642000,104012000,155894000,155894000,14360000,0.099,0.119,0.265,0.201,-1033000,39038000,1.0,21200220,21133000,21653000,7.377,171081000,2973000,10726000,6760000,8.066,64086000
SSYS,MRY,2012-12-31,2012-12-31,2012-12-31,2018-02-28,-238000,1731513000,611236988,323278000,1408235000,0.352,57.779,-12057000,133826000,133826000,105333000,8823000,3.501,0.101,0,0,0,0,21249000,19497000,0,0.0,0.0,16790000,36287000,0.169,36287000,16790000,18178000,0.37,0.36,0.37,1571660000,539749466,1571660000,1720459048,102,47.413,-10563000,-0.463,1.0,109911000,0.511,1332847000,-1388000,172491000,139704369,67995000,33069000,25197000,7872000,159357000,92349000,67008000,1748358837,113734000,41524000,0,0,0,30489000,81518000,54959000,1494000,233000,8491000,8491000,8491000,0,332000,0.039,92789000,17122000,35235000,0.0,1.112,205.907,216.622,62070000,0,80.15,8.123,8.494,64678000,112503000,215244000,215244000,19659000,0.014,0.016,0.12,0.078,-6318000,73130000,1.0,21813585,22812000,23776000,9.436,398666000,4968000,9687000,54693000,14.656,230929000
SSYS,MRY,2013-12-31,2013-12-31,2013-12-31,2018-02-28,1908000,2782221000,2256867000,852129000,1930092000,0.215,59.407,-33276000,414088000,414088000,258230000,-26907000,6.324,0.113,0,0,0,0,36033000,92436000,0,0.0,0.0,-28978000,63458000,0.131,63458000,-28978000,-29428000,-0.64,-0.68,-0.64,2499787000,2035723500,2499787000,5034944631,-173,79.343,-1247000,-0.03,1.0,226173000,0.467,1818221000,450000,415168000,293829500,88406000,218285000,207066000,11219000,282434000,134744000,147690000,5168770631,280262000,-8758000,462872000,0,0,474915000,-226751000,-180307000,32029000,69000,-26954000,-26954000,-26954000,0,47000,-0.056,254350000,-28177000,35375000,0.0,2.068,-191.763,-210.469,91005000,0,134.7,10.67,11.701,99200000,85549000,484403000,484403000,52310000,-0.012,-0.013,-0.099,-0.06,21445000,202040000,1.0,38372462,42079000,42099000,11.512,964000000,16501000,-2474000,109216000,22.909,717385000
SSYS,MRY,2014-12-31,2014-12-31,2014-12-31,2018-02-28,-3647000,2899107000,2840664000,796628000,2102479000,0.264,50.596,-60497000,442141000,442141000,387735000,-119470000,3.179,0.144,50000000,50000000,0,50000000,45023000,109429000,0,0.0,0.0,-148139000,-38710000,-0.052,-38710000,-148139000,-154668000,-2.39,-2.39,-2.39,2530770000,2515278500,2530770000,3675844443,-24,-94.959,-46681000,-0.933,1.0,362394000,0.483,1921405000,6529000,334995000,375081500,123385000,23587000,8765000,14822000,363899000,250566000,113333000,4089932443,28053000,-154824000,7906000,50000000,0,44941000,-27439000,191427000,13816000,-3265000,-119420000,-119420000,-119420000,0,-50000,-0.159,536733000,-174339000,37359000,0.0,1.616,-34.248,-34.774,157036000,0,83.11,5.452,5.542,150806000,-33871000,750129000,750129000,82270000,-0.042,-0.047,-0.395,-0.197,30207000,351993000,1.0,49211075,50019000,50019000,14.997,977702000,34913000,-35248000,75027000,19.547,546062000
SSYS,MRY,2015-12-31,2015-12-31,2015-12-31,2018-02-28,-10774000,1414356000,2156731500,547073000,867283000,0.323,23.039,-84299000,257592000,257592000,593823000,-1373511000,3.167,0.188,0,0,0,0,52309000,108395000,0,0.0,0.0,-1372868000,-1264473000,-1.817,-1264473000,-1372868000,-1383155000,-26.64,-26.64,-26.64,1188618000,1859694000,1188618000,803524864,0,-0.635,-106209000,-2.059,1.0,102172000,0.147,636321000,10287000,347716000,341355500,123658000,29489000,11704000,17785000,223176000,172727000,50449000,1195665864,-184549000,-10155000,2871000,-50000000,0,-67004000,-93102000,4477000,-21910000,-2533000,-1372835000,-1372835000,-1372835000,0,-676000,-1.972,1499387000,-1397215000,39021000,0.0,1.006,-0.871,-0.881,201934000,0,23.48,1.718,1.741,123215000,-1406706000,695995000,695995000,122360000,-0.637,-0.738,-4.022,-1.973,30010000,434619000,1.0,50922737,51592000,51592000,13.49,778035000,0,-10320000,35062000,15.081,374346000
SSYS,MRY,2016-12-31,2016-12-31,2016-12-31,2018-02-28,-13479000,1366049000,1390202500,553039000,813010000,0.484,21.706,-45125000,280328000,280328000,355152000,-77621000,3.36,0.201,26000000,3714000,22286000,26000000,49952000,92877000,0,0.0,0.0,-87019000,5858000,0.009,5858000,-87019000,-86665000,-1.48,-1.48,-1.48,1135867000,1162242500,1135867000,603847455,-6,103.081,16848000,0.322,1.0,317306000,0.472,563087000,-354000,384023000,365869500,117521000,23843000,11717000,12126000,228022000,164611000,63411000,861439455,22736000,-23064000,1185000,26000000,0,25799000,-63989000,6659000,61973000,-1047000,-77219000,-77219000,-77219000,0,-402000,-0.115,404891000,-87585000,40933000,0.0,0.758,-11.156,-11.176,208415000,0,16.54,1.281,1.287,120411000,-1483925000,672458000,672458000,97778000,-0.056,-0.066,-0.238,-0.129,20773000,307113000,1.0,52082192,52330000,52582000,12.85,802962000,0,-9446000,18874000,15.344,388428000
SSYS,MRY,2017-12-31,2017-12-31,2017-12-31,2018-02-28,-7023000,1379750000,1372899500,614911000,764839000,0.487,21.384,-22308000,328761000,328761000,345585000,-40459000,3.766,0.217,32286000,5143000,27143000,32286000,52908000,66635000,0,0.0,0.0,-31755000,34880000,0.052,34880000,-31755000,-30708000,-0.75,-0.75,-0.75,1132490000,1134178500,1132490000,796355302,-25,22.831,39599000,0.748,1.0,322777000,0.483,529230000,-1047000,390748000,387385500,115717000,11647000,7208000,4439000,245608000,163297000,82311000,1050683302,48433000,-3568000,5888000,6286000,0,10698000,-28254000,-477000,61907000,4082000,-39981000,-39981000,-39981000,0,-478000,-0.06,351922000,-29145000,39849000,0.0,0.928,-26.28,-26.613,199951000,0,19.96,1.572,1.582,132671000,-1523906000,668362000,668362000,96237000,-0.029,-0.035,-0.082,-0.048,17722000,255685000,1.0,52639444,52959000,52959000,12.62,850520000,0,9273000,22269000,16.06,451614000
