ticker,dimension,calendardate,datekey,reportperiod,lastupdated,accoci,assets,assetsavg,assetsc,assetsnc,assetturnover,bvps,capex,cashneq,cashnequsd,cor,consolinc,currentratio,de,debt,debtc,debtnc,debtusd,deferredrev,depamor,deposits,divyield,dps,ebit,ebitda,ebitdamargin,ebitdausd,ebitusd,ebt,eps,epsdil,epsusd,equity,equityavg,equityusd,ev,evebit,evebitda,fcf,fcfps,fxusd,gp,grossmargin,intangibles,intexp,invcap,invcapavg,inventory,investments,investmentsc,investmentsnc,liabilities,liabilitiesc,liabilitiesnc,marketcap,ncf,ncfbus,ncfcommon,ncfdebt,ncfdiv,ncff,ncfi,ncfinv,ncfo,ncfx,netinc,netinccmn,netinccmnusd,netincdis,netincnci,netmargin,opex,opinc,payables,payoutratio,pb,pe,pe1,ppnenet,prefdivis,price,ps,ps1,receivables,retearn,revenue,revenueusd,rnd,roa,roe,roic,ros,sbcomp,sgna,sharefactor,sharesbas,shareswa,shareswadil,sps,tangibles,taxassets,taxexp,taxliabilities,tbvps,workingcapital
SVU,MRY,2011-12-31,2011-02-26,2011-02-26,2018-04-25,-446000000,13758000000,14717750000,3420000000,10338000000,1.179,44.245,-323000000,172000000,172000000,14957000000,-1510000000,0.903,9.267,6751000000,403000000,6348000000,6751000000,0,354000000,0,0.042,2.52,-1340000000,-986000000,-0.057,-986000000,-1340000000,-1570000000,-49.91,-49.91,-49.91,1340000000,1749750000,1340000000,8959123404,-6,-9.086,840000000,27.736,1.0,2400000000,0.138,3154000000,230000000,13397000000,13879000000,2270000000,0,0,0,12418000000,3786000000,8632000000,1814123404,-39000000,0,-1000000,25000000,-74000000,-975000000,-227000000,0,1163000000,0,-1510000000,-1510000000,-1510000000,1310000000,0,-0.087,2430000000,-30000000,2107000000,-0.05,1.354,-1.201,-1.199,6604000000,0,59.85,0.105,0.104,743000000,-778000000,17357000000,17357000000,0,-0.103,-0.863,-0.097,-0.077,14000000,2320000000,1.0,30311168,30286000,30286000,573.103,10604000000,0,-60000000,0,350.129,-366000000
SVU,MRY,2012-12-31,2012-02-25,2012-02-25,2018-04-25,-657000000,12101000000,13014250000,3273000000,8828000000,1.336,0.693,-402000000,64000000,64000000,14926000000,-1040000000,0.899,575.238,3226000000,345000000,2881000000,3226000000,0,355000000,0,0.041,1.89,-834000000,-479000000,-0.028,-479000000,-834000000,-1081000000,-34.37,-34.37,-34.37,21000000,919750000,21000000,7814582758,-9,-16.314,654000000,21.594,1.0,2457000000,0.141,911000000,247000000,10713000000,12498250000,908000000,0,0,0,12080000000,3639000000,8441000000,1411582758,-15000000,0,0,-409000000,-74000000,-587000000,-484000000,0,1056000000,0,-1040000000,-1040000000,-1040000000,930000000,0,-0.06,2361000000,96000000,1168000000,-0.055,67.218,-1.357,-1.354,2099000000,0,46.55,0.081,0.081,499000000,-1892000000,17383000000,17383000000,0,-0.08,-1.131,-0.067,-0.048,13000000,2269000000,1.0,30324012,30286000,30286000,573.962,11190000000,268000000,-41000000,278000000,369.478,-366000000
SVU,MRY,2013-12-31,2013-02-23,2013-02-23,2018-04-25,-612000000,11034000000,11670000000,2970000000,8064000000,1.468,-46.721,-228000000,72000000,72000000,14803000000,-1456000000,0.683,-8.798,2889000000,74000000,2815000000,2889000000,0,365000000,0,0.047,1.26,-1360000000,-995000000,-0.058,-995000000,-1360000000,-1629000000,-48.37,-48.37,-48.37,-1415000000,-342750000,-1415000000,7105812349,-5,-7.142,680000000,22.453,1.0,2333000000,0.136,898000000,269000000,8603000000,12011750000,854000000,0,0,0,12449000000,4350000000,8099000000,821812349,-8000000,0,0,-386000000,-37000000,-552000000,-364000000,0,908000000,0,-1466000000,-1466000000,-1466000000,1203000000,10000000,-0.086,2483000000,-150000000,1089000000,-0.026,-0.581,-0.561,-0.557,1700000000,0,26.95,0.048,0.048,466000000,-3377000000,17136000000,17136000000,0,-0.126,4.277,-0.113,-0.079,13000000,2477000000,1.0,30493964,30286000,30286000,565.806,10136000000,345000000,-163000000,308000000,334.676,-1380000000
SVU,MRY,2014-12-31,2014-02-22,2014-02-22,2018-04-25,-307000000,4374000000,4628500000,1543000000,2831000000,3.727,-20.023,-111000000,83000000,83000000,14712000000,189000000,1.035,-6.916,2777000000,45000000,2732000000,2777000000,0,302000000,0,0.0,0.0,594000000,896000000,0.052,896000000,594000000,187000000,4.97,4.9,4.97,-738000000,-959000000,-738000000,4528028614,7,5.054,-83000000,-2.278,1.0,2540000000,0.147,890000000,407000000,4687000000,4994000000,861000000,0,0,0,5104000000,1491000000,3613000000,1584028614,-66000000,0,177000000,-123000000,0,-143000000,49000000,0,28000000,0,182000000,182000000,182000000,-176000000,7000000,0.011,2117000000,423000000,1043000000,0.0,-2.146,8.703,8.592,1497000000,0,42.7,0.092,0.09,493000000,-3195000000,17252000000,17252000000,0,0.039,-0.19,0.119,0.034,22000000,2117000000,1.0,37096688,36429000,36857000,473.579,3484000000,287000000,5000000,140000000,94.525,52000000
SVU,MRY,2015-12-31,2015-02-28,2015-02-28,2018-04-25,-423000000,4434000000,4588000000,1700000000,2734000000,2.894,-17.392,-162000000,114000000,114000000,11379000000,199000000,1.121,-7.848,2693000000,35000000,2658000000,2693000000,0,223000000,0,0.0,0.0,421000000,644000000,0.049,644000000,421000000,179000000,5.18,5.11,5.18,-646000000,-658250000,-646000000,5386570818,12,8.364,246000000,6.623,1.0,1898000000,0.143,913000000,242000000,4583000000,4705250000,984000000,0,0,0,5070000000,1517000000,3553000000,2581570818,31000000,-37000000,7000000,-49000000,0,-92000000,-285000000,0,408000000,0,192000000,192000000,192000000,-174000000,7000000,0.014,1648000000,250000000,1121000000,0.0,-3.996,13.446,13.351,1470000000,0,69.16,0.194,0.193,482000000,-3003000000,13277000000,13277000000,0,0.042,-0.292,0.089,0.032,20000000,1648000000,1.0,37327513,37143000,37714000,357.456,3521000000,250000000,-13000000,119000000,94.796,183000000
SVU,MRY,2016-12-31,2016-02-27,2016-02-27,2018-04-25,-422000000,4370000000,4529000000,1635000000,2735000000,2.491,-11.225,-142000000,42000000,42000000,9812000000,186000000,1.04,-10.891,2514000000,123000000,2391000000,2514000000,0,175000000,0,0.0,0.0,375000000,550000000,0.049,550000000,375000000,182000000,4.72,4.66,4.72,-441000000,-495750000,-441000000,3890937818,10,7.074,284000000,7.474,1.0,1471000000,0.13,772000000,193000000,4498000000,4400500000,738000000,0,0,0,4803000000,1572000000,3231000000,1310937818,-57000000,-7000000,10000000,-180000000,0,-195000000,-288000000,0,426000000,0,178000000,178000000,178000000,-137000000,8000000,0.016,1230000000,241000000,829000000,0.0,-2.973,7.365,7.311,1021000000,0,34.51,0.116,0.116,406000000,-2825000000,11283000000,11283000000,0,0.039,-0.359,0.085,0.033,21000000,1224000000,1.0,37987186,38000000,38000000,296.921,3598000000,238000000,4000000,75000000,91.582,63000000
SVU,MRY,2017-12-31,2017-02-25,2017-02-25,2018-04-25,-278000000,3580000000,4197000000,1541000000,2039000000,2.6,9.895,-151000000,327000000,327000000,9517000000,654000000,1.254,8.503,1456000000,24000000,1432000000,1456000000,0,173000000,0,0.0,0.0,815000000,988000000,0.091,988000000,815000000,635000000,17.17,17.0,17.17,376000000,-155250000,376000000,3547223009,4,3.59,213000000,5.605,1.0,1395000000,0.128,747000000,180000000,2733000000,3742750000,645000000,0,0,0,3197000000,1229000000,1968000000,1049223009,275000000,-1000000,3000000,-1094000000,0,-1110000000,1021000000,0,364000000,0,650000000,650000000,650000000,-619000000,4000000,0.06,1200000000,195000000,822000000,0.0,2.79,1.614,1.598,876000000,0,27.44,0.096,0.096,376000000,-2175000000,10912000000,10912000000,0,0.155,-4.187,0.218,0.075,17000000,1187000000,1.0,38236990,38000000,38000000,287.158,2833000000,163000000,-15000000,63000000,74.553,312000000
SVU,MRY,2018-12-31,2018-02-24,2018-02-24,2018-04-25,-210000000,4387000000,4211000000,1861000000,2526000000,3.362,13.289,-276000000,41000000,41000000,12706000000,46000000,1.202,7.683,1907000000,34000000,1873000000,1907000000,0,197000000,0,0.0,0.0,205000000,402000000,0.028,402000000,205000000,73000000,1.18,1.18,1.18,505000000,416250000,505000000,2387349995,11,5.939,-141000000,-3.711,1.0,1451000000,0.102,911000000,132000000,3794000000,3506000000,981000000,0,0,0,3880000000,1548000000,2332000000,527349995,-284000000,-240000000,0,106000000,0,87000000,-506000000,0,135000000,0,45000000,45000000,45000000,3000000,1000000,0.003,1258000000,193000000,1139000000,0.0,1.044,11.719,11.636,1342000000,0,13.73,0.037,0.037,590000000,-2130000000,14157000000,14157000000,0,0.011,0.108,0.058,0.014,19000000,1258000000,1.0,38408594,38000000,38000000,372.553,3476000000,63000000,28000000,44000000,91.474,313000000
