ticker,dimension,calendardate,datekey,reportperiod,lastupdated,accoci,assets,assetsavg,assetsc,assetsnc,assetturnover,bvps,capex,cashneq,cashnequsd,cor,consolinc,currentratio,de,debt,debtc,debtnc,debtusd,deferredrev,depamor,deposits,divyield,dps,ebit,ebitda,ebitdamargin,ebitdausd,ebitusd,ebt,eps,epsdil,epsusd,equity,equityavg,equityusd,ev,evebit,evebitda,fcf,fcfps,fxusd,gp,grossmargin,intangibles,intexp,invcap,invcapavg,inventory,investments,investmentsc,investmentsnc,liabilities,liabilitiesc,liabilitiesnc,marketcap,ncf,ncfbus,ncfcommon,ncfdebt,ncfdiv,ncff,ncfi,ncfinv,ncfo,ncfx,netinc,netinccmn,netinccmnusd,netincdis,netincnci,netmargin,opex,opinc,payables,payoutratio,pb,pe,pe1,ppnenet,prefdivis,price,ps,ps1,receivables,retearn,revenue,revenueusd,rnd,roa,roe,roic,ros,sbcomp,sgna,sharefactor,sharesbas,shareswa,shareswadil,sps,tangibles,taxassets,taxexp,taxliabilities,tbvps,workingcapital
SWKS,MRY,2011-12-31,2011-09-30,2011-09-30,2018-05-04,-1331000,1890389000,1747215250,816334000,1074055000,0.812,8.761,-100600000,410799000,410799000,798600000,226600000,3.304,0.175,26089000,26089000,0,26089000,0,59800000,0,0.0,0.0,295800000,355600000,0.251,355600000,295800000,293900000,1.24,1.19,1.24,1609095000,1507267000,1609095000,3060924524,10,8.608,265200000,1.45,1.0,620300000,0.437,749849000,1900000,508734000,517793000,198183000,0,0,0,281294000,247096000,34198000,3345537524,-48600000,-249300000,-27000000,-50000000,0,-64500000,-349900000,0,365800000,0,226600000,226600000,226600000,0,0,0.16,325000000,295300000,115290000,0.0,2.079,14.764,14.484,251365000,0,17.96,2.358,2.315,177940000,-101275000,1418900000,1418900000,168600000,0.13,0.15,0.571,0.208,45800000,137300000,1.0,186277145,182900000,190700000,7.758,1140540000,60863000,67300000,0,6.21,569238000
SWKS,MRY,2012-12-31,2012-09-28,2012-09-28,2018-05-04,-1600000,2136600000,2037113000,883300000,1253300000,0.77,10.141,-94100000,307100000,307100000,901500000,202000000,4.835,0.121,0,0,0,0,0,102700000,0,0.0,0.0,254900000,357600000,0.228,357600000,254900000,254900000,1.09,1.05,1.09,1905500000,1772768500,1905500000,4168300067,16,11.656,191100000,1.029,1.0,667100000,0.425,894500000,0,752300000,609690250,232900000,0,0,0,231100000,182700000,48400000,4496215067,-103700000,-229600000,8100000,-48100000,0,-86100000,-302800000,20900000,285200000,0,202000000,202000000,202000000,0,0,0.129,411500000,255600000,140600000,0.0,2.36,22.258,21.615,279400000,0,23.56,2.866,2.791,297600000,100800000,1568600000,1568600000,212500000,0.099,0.114,0.418,0.163,65400000,158400000,1.0,190841047,185800000,191800000,8.442,1242100000,65200000,52900000,41800000,6.61,700600000
SWKS,MRY,2013-12-31,2013-09-27,2013-09-27,2018-05-04,-900000,2333100000,2229751750,1073300000,1259800000,0.804,11.333,-123800000,511100000,511100000,1025400000,278100000,5.973,0.11,0,0,0,0,0,103400000,0,0.0,0.0,344500000,447900000,0.25,447900000,344500000,344500000,1.48,1.45,1.48,2101100000,2011292250,2101100000,4249979375,12,9.489,375900000,2.005,1.0,766600000,0.428,865300000,0,777000000,752699250,229500000,0,0,0,232000000,179700000,52300000,4650279375,204000000,0,-182400000,0,0,-172700000,-123000000,800000,499700000,0,278100000,278100000,278100000,0,0,0.155,421500000,345100000,126500000,0.0,2.213,16.722,16.736,328600000,0,24.77,2.595,2.592,292700000,378900000,1792000000,1792000000,226300000,0.125,0.138,0.458,0.192,60900000,159700000,1.0,187738368,187500000,192200000,9.557,1467800000,54100000,66400000,45900000,7.917,893600000
SWKS,MRY,2014-12-31,2014-10-03,2014-10-03,2018-05-04,-4900000,2973800000,2658175000,1429200000,1544600000,0.862,13.485,-208600000,805800000,805800000,1268800000,457700000,4.802,0.174,0,0,0,0,0,122700000,0,0.004,0.22,565200000,687900000,0.3,687900000,565200000,565200000,2.44,2.38,2.44,2532400000,2356250000,2532400000,9578024870,16,13.924,563800000,3.012,1.0,1022700000,0.446,926000000,0,944400000,780525000,270800000,0,0,0,441400000,297600000,143800000,10471324870,294700000,-148500000,-120000000,0,-41400000,-120600000,-357100000,0,772400000,0,457700000,457700000,457700000,0,0,0.2,457500000,565200000,200600000,0.09,4.135,22.878,22.643,555900000,0,55.25,4.57,4.514,317600000,794900000,2291500000,2291500000,252200000,0.172,0.194,0.724,0.247,45200000,179100000,1.0,189526242,187200000,192600000,12.241,2047800000,50800000,107500000,41600000,10.904,1131600000
SWKS,MRY,2015-12-31,2015-10-02,2015-10-02,2018-05-04,-8200000,3719400000,3435475000,1914700000,1804700000,0.948,16.671,-430100000,1043600000,1043600000,1703900000,798300000,4.127,0.177,0,0,0,0,0,195800000,0,0.008,0.65,1023600000,1219400000,0.374,1219400000,1023600000,1023600000,4.21,4.1,4.21,3159200000,2943700000,3159200000,14927433001,14,12.242,562700000,2.969,1.0,1554500000,0.477,901700000,0,1310200000,1109350000,267900000,0,0,0,560200000,463900000,96300000,16033433001,237800000,-24600000,-234500000,0,-123100000,-300300000,-454700000,0,992800000,0,798300000,798300000,798300000,0,0,0.245,531400000,1023100000,291100000,0.154,5.075,20.084,19.967,826400000,0,84.06,4.921,4.889,538000000,1469200000,3258400000,3258400000,303200000,0.232,0.271,0.923,0.314,42500000,191300000,1.0,190737961,189500000,194900000,17.195,2817700000,56300000,225300000,71000000,14.869,1450800000
SWKS,MRY,2016-12-31,2016-09-30,2016-09-30,2018-05-04,-10900000,3855400000,3924950000,2002100000,1853300000,0.838,19.101,-189300000,1083800000,1083800000,1623800000,995200000,9.525,0.089,0,0,0,0,0,247800000,0,0.014,1.06,1200600000,1448400000,0.44,1448400000,1200600000,1200600000,5.27,5.18,5.27,3541400000,3520400000,3541400000,13302250008,11,9.184,906400000,4.803,1.0,1665200000,0.506,940300000,0,1621100000,1580125000,424000000,0,0,0,314000000,210200000,103800000,14275950008,40200000,-55600000,-570800000,0,-201000000,-804600000,-250900000,0,1095700000,0,995200000,995200000,995200000,0,0,0.303,458000000,1207200000,110400000,0.201,4.031,14.345,14.448,806300000,0,76.14,4.341,4.368,416600000,2263600000,3289000000,3289000000,312400000,0.254,0.283,0.76,0.365,34300000,195900000,1.0,187496060,188700000,192100000,17.43,2915100000,54100000,205400000,71800000,15.723,1791900000
SWKS,MRY,2017-12-31,2017-09-29,2017-09-29,2018-05-04,-8500000,4573600000,4279075000,2633700000,1939900000,0.853,22.168,-303300000,1616800000,1616800000,1809600000,1010200000,6.79,0.125,0,0,0,0,0,254800000,0,0.011,1.16,1257000000,1511800000,0.414,1511800000,1257000000,1257000000,5.48,5.41,5.48,4065700000,3853900000,4065700000,17279119858,13,11.43,1168000000,6.337,1.0,1841800000,0.504,950800000,0,1618100000,1560175000,493500000,0,0,0,507900000,387900000,120000000,18723119858,533000000,-13700000,-427700000,0,-214600000,-612400000,-325900000,3200000,1471300000,0,1010200000,1010200000,1010200000,0,0,0.277,588000000,1253800000,258400000,0.212,4.605,18.534,18.595,882300000,0,101.9,5.128,5.143,454700000,3059600000,3651400000,3651400000,355200000,0.236,0.262,0.806,0.344,47700000,204600000,1.0,183740136,184300000,186700000,19.812,3622800000,66500000,246800000,92900000,19.754,2245800000
