ticker,dimension,calendardate,datekey,reportperiod,lastupdated,accoci,assets,assetsavg,assetsc,assetsnc,assetturnover,bvps,capex,cashneq,cashnequsd,cor,consolinc,currentratio,de,debt,debtc,debtnc,debtusd,deferredrev,depamor,deposits,divyield,dps,ebit,ebitda,ebitdamargin,ebitdausd,ebitusd,ebt,eps,epsdil,epsusd,equity,equityavg,equityusd,ev,evebit,evebitda,fcf,fcfps,fxusd,gp,grossmargin,intangibles,intexp,invcap,invcapavg,inventory,investments,investmentsc,investmentsnc,liabilities,liabilitiesc,liabilitiesnc,marketcap,ncf,ncfbus,ncfcommon,ncfdebt,ncfdiv,ncff,ncfi,ncfinv,ncfo,ncfx,netinc,netinccmn,netinccmnusd,netincdis,netincnci,netmargin,opex,opinc,payables,payoutratio,pb,pe,pe1,ppnenet,prefdivis,price,ps,ps1,receivables,retearn,revenue,revenueusd,rnd,roa,roe,roic,ros,sbcomp,sgna,sharefactor,sharesbas,shareswa,shareswadil,sps,tangibles,taxassets,taxexp,taxliabilities,tbvps,workingcapital
SXI,MRY,2011-12-31,2011-06-30,2011-06-30,2018-05-01,-44928000,474905000,457850000,220549000,254356000,1.27,19.663,-173000,14407000,14407000,389831000,35367000,1.721,0.934,51600000,5100000,46500000,51600000,0,13274000,0,0.007,0.23,52396000,65670000,0.113,65670000,52396000,50289000,2.83,2.77,2.83,245613000,223118250,245613000,451418988,8,6.874,56164000,4.496,1.0,191538000,0.329,124993000,2107000,258968000,273117250,74805000,0,0,0,229292000,128137000,101155000,383097988,-19223000,-26603000,-4895000,-41700000,-2875000,-49223000,-28249000,0,56337000,1912000,35367000,35367000,35367000,2659000,0,0.061,139650000,51888000,68205000,0.081,1.56,10.832,10.837,87088000,0,30.67,0.659,0.659,95716000,477726000,581369000,581369000,0,0.077,0.159,0.192,0.09,3805000,137807000,1.0,12490968,12490968,,46.543,349912000,11337000,14922000,11057000,28.013,92412000
SXI,MRY,2012-12-31,2012-06-30,2012-06-30,2018-05-01,-75125000,479811000,473621750,249270000,230541000,1.289,19.242,-4534000,54749000,54749000,408850000,30905000,2.134,0.975,50000000,0,50000000,50000000,0,13142000,0,0.006,0.27,48884000,62026000,0.102,62026000,48884000,46604000,2.47,2.42,2.47,242907000,248416000,242907000,558518799,11,9.005,39132000,3.1,1.0,201736000,0.33,120451000,2280000,237826000,244152750,73076000,0,0,0,236904000,116785000,120119000,537383799,40342000,0,-5205000,-1600000,-3383000,-9539000,8584000,0,43666000,-2369000,30905000,30905000,30905000,14991000,0,0.051,143156000,58580000,62113000,0.109,2.212,17.388,17.235,82563000,0,42.57,0.88,0.88,99432000,505163000,610586000,610586000,0,0.065,0.124,0.2,0.08,3768000,141471000,1.0,12623533,12623533,,48.369,359360000,22376000,15699000,8192000,28.467,132485000
SXI,MRY,2013-12-31,2013-06-30,2013-06-30,2018-05-01,-65280000,510573000,509007750,258302000,252271000,1.323,22.911,-14076000,51064000,51064000,455199000,44848000,2.18,0.755,50072000,0,50072000,50072000,0,15235000,0,0.006,0.31,62561000,77796000,0.116,77796000,62561000,60092000,3.57,3.51,3.57,290988000,271262000,290988000,710644705,11,9.135,46105000,3.63,1.0,218191000,0.324,136537000,2469000,254571000,282875250,81811000,0,0,0,219585000,118473000,101112000,669957705,-3685000,-39613000,-8230000,-785000,-3891000,-10916000,-52687000,0,60181000,-263000,44848000,44848000,44848000,-794000,0,0.067,156296000,61895000,67552000,0.087,2.302,14.938,14.776,92542000,0,52.75,0.995,0.995,97995000,546031000,673390000,673390000,0,0.088,0.165,0.221,0.093,1353000,153630000,1.0,12700620,12700620,,53.02,374036000,12237000,15244000,9476000,29.45,139829000
SXI,MRY,2014-12-31,2014-06-30,2014-06-30,2018-05-01,-55819000,578160000,538711250,299936000,278224000,1.329,26.672,-18714000,74260000,74260000,477911000,42866000,2.125,0.697,45056000,0,45056000,45056000,0,14591000,0,0.005,0.38,63169000,77760000,0.109,77760000,63169000,60920000,3.39,3.35,3.39,340726000,322092750,340726000,939028889,14,12.076,51585000,4.038,1.0,238269000,0.333,157455000,2249000,250331000,263855250,97065000,0,0,0,237434000,141170000,96264000,951454889,23196000,-23075000,-6692000,-5000000,-4793000,-14835000,-33163000,0,70299000,895000,42866000,42866000,42866000,6883000,0,0.06,172401000,65868000,85206000,0.112,2.792,22.196,21.971,96697000,0,74.48,1.329,1.329,107674000,584014000,716180000,716180000,0,0.08,0.133,0.239,0.088,4980000,165786000,1.0,12774636,12774636,,56.063,420705000,14781000,18054000,15779000,32.933,158766000
SXI,MRY,2015-12-31,2015-06-30,2015-06-30,2018-05-01,-93017000,659063000,652450750,335402000,323661000,1.183,27.28,-22495000,96128000,96128000,524656000,54743000,2.417,0.891,101753000,0,101753000,101753000,0,16684000,0,0.006,0.46,78778000,95462000,0.124,95462000,78778000,75617000,4.33,4.27,4.33,348570000,346066250,348570000,1067151777,13,11.179,41544000,3.251,1.0,247486000,0.321,192780000,3161000,333117000,368581500,108305000,0,0,0,310493000,138791000,171702000,1021302777,21868000,-57149000,-9660000,58000000,-5820000,44608000,-78516000,0,64039000,-8263000,54743000,54743000,54743000,500000,0,0.071,168842000,78644000,80764000,0.106,2.93,18.656,18.46,108536000,0,79.93,1.323,1.323,110478000,632864000,772142000,772142000,0,0.084,0.158,0.214,0.102,1676000,165837000,1.0,12777465,12777465,,60.43,466283000,14338000,20874000,17653000,36.493,196611000
SXI,MRY,2016-12-31,2016-06-30,2016-06-30,2018-05-01,-117975000,690457000,671511000,355849000,334608000,1.119,28.889,-17468000,121988000,121988000,499333000,52056000,2.653,0.866,92114000,0,92114000,92114000,0,17953000,0,0.007,0.54,71222000,89175000,0.119,89175000,71222000,68351000,4.11,4.08,4.11,369959000,369238750,369959000,1050796530,14,11.784,62856000,4.908,1.0,252253000,0.336,197766000,2871000,328710000,344708500,105402000,0,0,0,320498000,134107000,186391000,1058169530,25860000,-13700000,-4694000,-10000000,-6846000,-20745000,-28782000,0,80324000,-4937000,52056000,52056000,52056000,174000,0,0.069,181909000,70344000,77099000,0.131,2.86,20.328,20.105,106686000,0,82.63,1.408,1.408,103974000,678002000,751586000,751586000,0,0.078,0.141,0.207,0.095,4294000,170219000,1.0,12806118,12806118,,58.69,492691000,28699000,16295000,10636000,38.473,221742000
SXI,MRY,2017-12-31,2017-06-30,2017-06-30,2018-05-01,-115938000,867676000,779835000,360884000,506792000,0.968,32.065,-25342000,88566000,88566000,502504000,46545000,2.256,1.123,191976000,0,191976000,191976000,0,20315000,0,0.007,0.62,65943000,86258000,0.114,86258000,65943000,61900000,3.68,3.65,3.68,408664000,388559250,408664000,1283406681,19,14.879,38097000,2.989,1.0,252754000,0.335,345193000,4043000,465929000,425777500,119401000,0,0,0,459012000,159964000,299048000,1155971681,-33422000,-153815000,-6958000,99500000,-7852000,84690000,-179051000,0,63439000,-2500000,46545000,46545000,46545000,32000,0,0.062,187728000,65026000,96487000,0.168,2.829,24.836,24.647,133160000,0,90.7,1.531,1.531,127060000,716605000,755258000,755258000,0,0.06,0.12,0.155,0.087,5023000,174060000,1.0,12745002,12745002,,59.259,522483000,18595000,15355000,4783000,40.995,200920000
