ticker,dimension,calendardate,datekey,reportperiod,lastupdated,accoci,assets,assetsavg,assetsc,assetsnc,assetturnover,bvps,capex,cashneq,cashnequsd,cor,consolinc,currentratio,de,debt,debtc,debtnc,debtusd,deferredrev,depamor,deposits,divyield,dps,ebit,ebitda,ebitdamargin,ebitdausd,ebitusd,ebt,eps,epsdil,epsusd,equity,equityavg,equityusd,ev,evebit,evebitda,fcf,fcfps,fxusd,gp,grossmargin,intangibles,intexp,invcap,invcapavg,inventory,investments,investmentsc,investmentsnc,liabilities,liabilitiesc,liabilitiesnc,marketcap,ncf,ncfbus,ncfcommon,ncfdebt,ncfdiv,ncff,ncfi,ncfinv,ncfo,ncfx,netinc,netinccmn,netinccmnusd,netincdis,netincnci,netmargin,opex,opinc,payables,payoutratio,pb,pe,pe1,ppnenet,prefdivis,price,ps,ps1,receivables,retearn,revenue,revenueusd,rnd,roa,roe,roic,ros,sbcomp,sgna,sharefactor,sharesbas,shareswa,shareswadil,sps,tangibles,taxassets,taxexp,taxliabilities,tbvps,workingcapital
SYNL,MRY,2011-12-31,2011-12-31,2011-12-31,2018-05-03,0,98916364,99555098,74638035,24278329,1.713,10.843,-3153639,110138,110138,149485455,5797160,4.08,0.442,8650431,0,8650431,8650431,0,2658822,0,0.024,0.25,8890944,11549766,0.068,11549766,8890944,8750160,0.92,0.91,0.92,68618901,68159884,68618901,73779947,8,6.388,-7011419,-1.108,1.0,21089843,0.124,2354730,140784,86808112,82066864,43062738,0,0,0,30297463,18293815,12003648,64992051,1236,0,161903,8431156,-1580404,7012655,-3153639,0,-3857780,0,5797160,5797160,5797160,0,0,0.034,12284478,8805365,13043153,0.272,0.947,11.211,11.163,18713524,0,10.27,0.381,0.381,26582279,74198151,170575298,170575298,0,0.058,0.085,0.108,0.052,276553,12284478,1.0,6328340,6328340,,26.954,96561634,2632145,2953000,2557662,15.259,56344220
SYNL,MRY,2012-12-31,2012-12-29,2012-12-29,2018-05-03,0,148506540,126377029,90922148,57584392,1.315,11.298,-4393650,1085261,1085261,146429581,4234912,3.636,1.069,39867363,2274054,37593309,39867363,0,2961991,0,0.019,0.25,6729805,9691796,0.058,9691796,6729805,6128912,0.67,0.66,0.67,71774068,71301031,71774068,127878297,19,13.194,-2758787,-0.434,1.0,19732561,0.119,26712678,600893,135572623,112387117,50163392,0,0,0,76732472,25003341,51729131,85698368,975123,-26506155,123888,31150501,-1596302,29698087,-30357827,0,1634863,0,4234912,4234912,4234912,-252028,0,0.025,12408581,7323980,10523788,0.373,1.194,20.236,20.134,28034930,0,13.49,0.516,0.516,31177526,76836761,166162142,166162142,0,0.034,0.059,0.06,0.041,337750,12408581,1.0,6352733,6352733,,26.156,121793862,2981439,1894000,7645119,19.172,65918807
SYNL,MRY,2013-12-31,2013-12-28,2013-12-28,2018-05-03,0,163260371,161303902,99611352,63649019,1.22,12.212,-5511993,1773743,1773743,176953036,1760564,4.045,0.539,23438616,2533908,20904708,23438616,0,4671947,0,0.017,0.26,4327892,8999839,0.046,8999839,4327892,2970564,0.26,0.26,0.26,106098113,83015694,106098113,183409788,42,20.379,-11053791,-1.272,1.0,19798139,0.101,24182678,1357328,136119340,146537446,51495912,0,0,0,57162258,24623226,32539032,134921534,688482,-4527762,34370651,-16428747,-2259728,15682176,-9451896,0,-5541798,0,1760564,1760564,1760564,1137484,0,0.009,16298614,3499525,11440573,1.0,1.272,76.635,59.731,32665281,0,15.53,0.686,0.686,29923485,76337597,196751175,196751175,0,0.011,0.021,0.03,0.022,331362,16034428,1.0,8687800,8687800,,22.647,139077693,3776647,1210000,7573999,16.008,74988126
SYNL,MRY,2014-12-31,2015-01-03,2015-01-03,2018-05-03,0,187849230,175233073,105313218,82536012,1.139,12.568,-8057992,26623,26623,166575146,5462263,2.585,0.716,31789350,4533908,27255442,31789350,0,5131906,0,0.017,0.3,11999203,17131109,0.086,17131109,11999203,10848263,0.63,0.63,0.63,109453553,108982887,109453553,154680922,12,9.029,20831033,2.392,1.0,32929482,0.165,40251726,1150940,138627339,128876059,67674670,0,0,0,78395677,40732892,37662785,153890256,-1747120,-31477473,42017,8350734,-2632537,5760214,-36396359,0,28889025,0,5462263,5462263,5462263,7156524,0,0.027,16831153,16098329,21388298,0.476,1.406,28.173,28.048,39937466,0,17.67,0.771,0.771,29229927,79167323,199504628,199504628,0,0.031,0.05,0.093,0.06,364157,16529438,1.0,8709126,8709126,,22.908,147597504,2921654,5386000,6438146,16.947,64580326
SYNL,MRY,2015-12-31,2015-12-31,2015-12-31,2018-05-03,0,149043490,174667679,85096414,63947076,1.005,10.914,-10883730,391424,391424,150141663,-11520336,3.176,0.566,27943794,4533908,23409886,27943794,0,6634391,0,0.044,0.3,-8368530,-1734139,-0.01,-1734139,-8368530,-9721336,-1.32,-1.32,-1.32,95154294,110419131,95154294,92067025,-11,-53.091,5643269,0.647,1.0,25318775,0.144,16100555,1352806,133702599,151976353,63815635,0,0,0,53889196,26792706,27096490,59983651,364801,0,-812158,-3788363,-2617513,-7218034,-8944164,0,16526999,0,-11520336,-11520336,-11520336,1251058,0,-0.066,38349974,-13031199,12265930,-0.227,0.63,-5.207,-5.212,46294271,0,6.88,0.342,0.342,17946119,65029474,175460438,175460438,0,-0.066,-0.104,-0.055,-0.048,521695,21937988,1.0,8718554,8718554,,20.125,132942935,0,1799000,3016954,15.248,58303708
SYNL,MRY,2016-12-31,2016-12-31,2016-12-31,2018-05-03,0,138638063,140397919,97503785,41134278,0.987,10.225,19170951,62873,62873,121661303,-7093301,2.988,0.565,8804206,0,8804206,8804206,0,6694990,0,0.0,0.0,-8358729,-1663739,-0.012,-1663739,-8358729,-9291301,-0.82,-0.82,-0.82,88592555,91111242,88592555,103061024,-12,-61.945,20682935,2.387,1.0,16904479,0.122,13663568,932572,101080533,118884125,60799509,0,0,0,50045508,32635295,17410213,94877118,-328551,-3000000,-253889,-19259880,0,-19513769,17673234,0,1511984,0,-7093301,-7093301,-7093301,99334,0,-0.051,25150877,-8246398,16684508,0.0,1.071,-13.376,-13.354,27324092,0,10.95,0.685,0.685,18028946,57936533,138565782,138565782,0,-0.051,-0.078,-0.07,-0.06,459473,22672872,1.0,8664577,8664577,,15.992,124974495,0,-2198000,1609492,14.424,64868490
SYNL,MRY,2017-12-31,2017-12-31,2017-12-31,2018-05-03,-10864,159874150,166297803,107646440,52227710,1.21,10.277,-5205819,14706,14706,173066732,1341362,3.237,0.782,25913557,0,25913557,25913557,0,7737812,0,0.01,0.13,2463867,10201679,0.051,10201679,2463867,1478501,0.15,0.15,0.15,89700426,89986872,89700426,143669423,58,14.083,-2970369,-0.34,1.0,28080950,0.14,16884046,985366,135638689,141635658,72125181,0,0,0,70173724,33250266,36923458,116961873,-48167,-11953513,0,16783985,-1148513,15117016,-17400633,-241301,2235450,0,1341362,1341362,1341362,0,0,0.007,25335299,2745651,24256812,0.867,1.304,87.196,89.333,35080009,0,13.4,0.581,0.581,28704481,58129382,201147682,201147682,0,0.008,0.015,0.017,0.012,638416,24874589,1.0,8728498,8728498,,23.045,142990104,0,137139,635910,16.382,74396174
