ticker,dimension,calendardate,datekey,reportperiod,lastupdated,accoci,assets,assetsavg,assetsc,assetsnc,assetturnover,bvps,capex,cashneq,cashnequsd,cor,consolinc,currentratio,de,debt,debtc,debtnc,debtusd,deferredrev,depamor,deposits,divyield,dps,ebit,ebitda,ebitdamargin,ebitdausd,ebitusd,ebt,eps,epsdil,epsusd,equity,equityavg,equityusd,ev,evebit,evebitda,fcf,fcfps,fxusd,gp,grossmargin,intangibles,intexp,invcap,invcapavg,inventory,investments,investmentsc,investmentsnc,liabilities,liabilitiesc,liabilitiesnc,marketcap,ncf,ncfbus,ncfcommon,ncfdebt,ncfdiv,ncff,ncfi,ncfinv,ncfo,ncfx,netinc,netinccmn,netinccmnusd,netincdis,netincnci,netmargin,opex,opinc,payables,payoutratio,pb,pe,pe1,ppnenet,prefdivis,price,ps,ps1,receivables,retearn,revenue,revenueusd,rnd,roa,roe,roic,ros,sbcomp,sgna,sharefactor,sharesbas,shareswa,shareswadil,sps,tangibles,taxassets,taxexp,taxliabilities,tbvps,workingcapital
SYUT,MRY,2011-12-31,2011-03-31,2011-03-31,2017-06-13,28204000,398704000,402579000,247989000,150715000,0.617,1.314,-8249000,86431000,86431000,170769000,-40260000,0.998,4.287,230674000,162412000,68262000,230674000,4456000,10671000,0,0.0,0.0,-39053000,-28382000,-0.114,-28382000,-39053000,-49374000,-0.71,-0.71,-0.71,75293000,95608000,75293000,790645199,-20,-27.857,-81972000,-1.451,1.0,77747000,0.313,9236000,10321000,285243000,280688750,67372000,0,0,0,322778000,248468000,74310000,658958199,48000,0,62700000,14850000,0,73684000,-1910000,0,-73723000,1997000,-40068000,-40068000,-40068000,0,-192000,-0.161,118089000,-40342000,60143000,0.0,8.752,-16.446,-16.197,109811000,0,11.5,2.652,2.613,61443000,-88357000,248516000,248516000,0,-0.1,-0.419,-0.139,-0.157,0,118090000,1.0,57300713,56476000,56476000,4.4,389468000,48827000,-9306000,0,6.797,-479000
SYUT,MRY,2012-12-31,2012-03-31,2012-03-31,2017-06-13,32201000,447913000,419368500,257143000,190770000,0.817,1.676,-27323000,116237000,116237000,201618000,17024000,1.043,3.653,224916000,127445000,97471000,224916000,4377000,11751000,0,0.0,0.0,44523000,56274000,0.164,56274000,44523000,30247000,0.29,0.29,0.29,96027000,82103250,96027000,455673192,10,8.097,38346000,0.669,1.0,140921000,0.411,14575000,14276000,295439000,278860250,75499000,0,0,0,350821000,246578000,104243000,336928192,16052000,0,0,-12872000,0,-12872000,-38314000,0,65669000,1569000,16737000,16737000,16737000,0,287000,0.049,98127000,42794000,78573000,0.0,3.509,20.131,20.276,134902000,0,5.88,0.984,0.984,52052000,-71620000,342539000,342539000,0,0.04,0.204,0.16,0.13,0,103611000,1.0,57300713,57301000,57301000,5.978,433338000,36961000,13510000,0,7.562,10565000
SYUT,MRY,2013-12-31,2013-03-31,2013-03-31,2017-06-13,28828000,476144000,454999000,286455000,189689000,0.584,0.502,-16115000,187343000,187343000,171211000,-64221000,0.877,15.537,320124000,210112000,110012000,320124000,0,14976000,0,0.0,0.0,-11684000,3292000,0.012,3292000,-11684000,-26702000,-1.11,-1.11,-1.11,28766000,44646000,28766000,407455351,-34,123.771,-21859000,-0.381,1.0,94559000,0.356,14964000,15018000,267500000,294071250,87707000,0,0,0,446937000,326461000,120476000,269313351,14257000,988000,0,89932000,0,89546000,-70012000,0,-5744000,467000,-63888000,-63888000,-63888000,0,-333000,-0.24,112184000,-17625000,63561000,0.0,9.362,-4.215,-4.234,130121000,0,4.7,1.013,1.013,35860000,-135508000,265770000,265770000,0,-0.14,-1.431,-0.04,-0.044,0,116401000,1.0,57300713,57301000,57301000,4.638,461180000,18409000,37186000,0,8.048,-40006000
SYUT,MRY,2014-12-31,2014-03-31,2014-03-31,2017-06-13,30529000,550683000,499291000,285256000,265427000,0.747,1.071,-29582000,258659000,258659000,217027000,30348000,0.919,7.972,375853000,207422000,168431000,375853000,0,15356000,0,0.0,0.0,47221000,62577000,0.168,62577000,47221000,31059000,0.54,0.54,0.54,61396000,46964500,61396000,501130769,10,8.008,16643000,0.29,1.0,155836000,0.418,15227000,16162000,342384000,306576500,83986000,0,0,0,489427000,310266000,179161000,383341769,11865000,633000,0,50772000,0,50772000,-86699000,0,46225000,1567000,30929000,30929000,30929000,0,-581000,0.083,112244000,43592000,56864000,0.0,6.244,12.394,12.389,145833000,0,6.69,1.028,1.028,23227000,-104579000,372863000,372863000,0,0.062,0.659,0.154,0.127,0,112128000,1.0,57300713,57301000,57301000,6.507,535456000,244000,130000,0,9.345,-25010000
SYUT,MRY,2015-12-31,2015-03-31,2015-03-31,2017-06-13,11526000,664885000,594427750,382870000,282015000,0.705,1.953,-89344000,309876000,309876000,224387000,72031000,0.99,4.917,428498000,276065000,152433000,428498000,0,15210000,0,0.0,0.0,81117000,96327000,0.23,96327000,81117000,65084000,1.21,1.21,1.21,111926000,89560500,111926000,485125563,5,5.036,-26815000,-0.468,1.0,194774000,0.465,11245000,16033000,385436000,364170250,87754000,0,0,0,550316000,386826000,163490000,366724563,-5744000,22411000,0,57192000,0,57192000,-123306000,0,62529000,-2159000,69533000,69533000,69533000,0,2498000,0.166,131108000,63666000,62738000,0.0,3.276,5.274,5.289,187085000,0,6.4,0.875,0.875,26899000,-35046000,419161000,419161000,0,0.117,0.776,0.223,0.194,0,125818000,1.0,57300713,57301000,57301000,7.315,653640000,12565000,-4449000,1233000,11.407,-3956000
SYUT,MRY,2016-12-31,2016-03-31,2016-03-31,2017-06-13,13352000,817097000,766185500,361997000,455100000,0.492,2.344,-103811000,308851000,308851000,188215000,20961000,1.049,5.106,513506000,190679000,322827000,513506000,0,9514000,0,0.0,0.0,42052000,51566000,0.137,51566000,42052000,25690000,0.35,0.35,0.35,133241000,125475500,133241000,474440881,11,9.201,-74149000,-1.299,1.0,188985000,0.501,11202000,16362000,665353000,613146000,98360000,12455000,3169000,9286000,680297000,345197000,335100000,282478881,17496000,9353000,-2997000,94298000,0,91301000,-102007000,-14369000,29662000,-1460000,20236000,20236000,20236000,0,725000,0.054,130330000,58655000,102180000,0.0,2.12,13.959,14.2,294185000,0,4.97,0.749,0.752,35781000,-14810000,377200000,377200000,0,0.026,0.161,0.069,0.111,0,122166000,1.0,56836797,57083000,57083000,6.608,805895000,19262000,5454000,2721000,14.178,16800000
