ticker,dimension,calendardate,datekey,reportperiod,lastupdated,accoci,assets,assetsavg,assetsc,assetsnc,assetturnover,bvps,capex,cashneq,cashnequsd,cor,consolinc,currentratio,de,debt,debtc,debtnc,debtusd,deferredrev,depamor,deposits,divyield,dps,ebit,ebitda,ebitdamargin,ebitdausd,ebitusd,ebt,eps,epsdil,epsusd,equity,equityavg,equityusd,ev,evebit,evebitda,fcf,fcfps,fxusd,gp,grossmargin,intangibles,intexp,invcap,invcapavg,inventory,investments,investmentsc,investmentsnc,liabilities,liabilitiesc,liabilitiesnc,marketcap,ncf,ncfbus,ncfcommon,ncfdebt,ncfdiv,ncff,ncfi,ncfinv,ncfo,ncfx,netinc,netinccmn,netinccmnusd,netincdis,netincnci,netmargin,opex,opinc,payables,payoutratio,pb,pe,pe1,ppnenet,prefdivis,price,ps,ps1,receivables,retearn,revenue,revenueusd,rnd,roa,roe,roic,ros,sbcomp,sgna,sharefactor,sharesbas,shareswa,shareswadil,sps,tangibles,taxassets,taxexp,taxliabilities,tbvps,workingcapital
TAL,MRY,2011-12-31,2011-02-28,2011-02-28,2017-08-17,1874579,217770044,141636853,205449129,12320915,0.781,0.196,-5164709,173165661,173165661,56142838,24041150,3.282,0.405,0,0,0,0,50678025,3465578,0,0.0,0.0,26728452,30194030,0.273,30194030,26728452,26669240,0.06,0.06,0.06,155051224,86488647,155051224,,,,48657914,0.061,1.0,54445461,0.492,1319368,59212,-19316024,-22059893,117827,26335780,26335780,0,62718820,62601039,117781,799624000,122413180,0,129553200,-500000,-30000000,96613386,-29567949,-24399411,53822623,1545120,24041150,24041150,24041150,334395,0,0.217,28871415,25574046,991147,0.0,5.157,33.261,29.111,7515325,0,1.747,7.231,12.501,0,32727630,110588299,110588299,0,0.17,0.278,-1.212,0.242,5306472,29019952,0.5,915600000,791469234,818673810,0.14,216450676,1751028,2628090,2995668,0.273,142848090
TAL,MRY,2012-12-31,2012-02-29,2012-02-29,2017-08-17,4910364,294652905,256211474,210235030,84417875,0.693,0.206,-72628714,188579767,188579767,95587218,24313653,2.014,0.55,0,0,0,0,85594032,5694730,0,0.0,0.0,28470103,34164833,0.192,34164833,28470103,28470103,0.05,0.05,0.05,190117291,172584257,190117291,666134339,23,19.498,768957,0.001,1.0,81932454,0.462,732348,0,961670,-9177177,223611,10689919,10689919,0,104535614,104379120,156494,839300000,15414106,0,0,0,0,-470022,-59095759,15424592,73397671,1582216,24313653,24313653,24313653,0,0,0.137,60907583,21024871,2863596,0.0,4.415,34.52,36.667,76726219,0,1.833,4.728,9.543,0,54779267,177519672,177519672,0,0.095,0.141,-3.102,0.16,7901243,60981193,0.5,915600000,924001314,935246286,0.192,293920557,2219980,4156450,793796,0.318,105855910
TAL,MRY,2013-12-31,2013-02-28,2013-02-28,2017-08-17,6550726,316041879,305347392,226438543,89603336,0.74,0.205,-6073509,187350942,187350942,115748650,33440066,1.819,0.651,0,0,0,0,102513876,7367332,0,0.054,0.08,37541158,44908490,0.199,44908490,37541158,37541158,0.07,0.07,0.07,191445279,190781285,191445279,500983528,13,11.156,59336236,0.064,1.0,110182445,0.488,2279638,0,1913644,1437657,410167,30001744,24510671,5491073,124596600,124497655,98945,689563295,-3499094,-5456991,-2435037,0,-39030038,-41465075,-28118705,-13782600,65409745,674941,33440066,33440066,33440066,0,0,0.148,78166863,32015582,2009473,1.143,3.602,20.621,21.19,76115088,0,1.483,3.052,6.13,0,86430705,225931095,225931095,0,0.11,0.175,26.113,0.166,8283900,78799132,0.5,929748264,933644748,939786540,0.242,313762241,2798910,4101092,2877250,0.336,101940888
TAL,MRY,2014-12-31,2014-02-28,2014-02-28,2017-08-17,7846412,427598767,371820323,300376622,127222145,0.844,0.276,-10793093,270256259,270256259,151543116,60605772,1.801,0.645,0,0,0,0,132401062,10011334,0,0.089,0.35,67285526,77296860,0.246,77296860,67285526,67285526,0.13,0.13,0.13,259996401,225720840,259996401,1664234037,24,21.53,90765273,0.097,1.0,162352089,0.517,10045417,0,-19459235,-8772795,181759,27137239,0,27137239,167602366,166756326,846040,1851584979,84849898,-33226035,0,0,0,0,-17402866,25986953,101558366,694398,60605772,60605772,60605772,0,0,0.193,104956158,57395931,3163061,2.692,7.122,30.551,30.41,78625191,0,3.953,5.899,11.843,0,144311994,313895205,313895205,0,0.163,0.268,-7.67,0.214,8345290,106060908,0.5,936720900,940361964,956669568,0.334,417553350,13660924,6679754,4614251,0.444,133620296
TAL,MRY,2015-12-31,2015-02-28,2015-02-28,2017-08-17,4168548,772414637,600006702,539432534,232982103,0.723,0.33,-30605002,470763599,470763599,203073957,67144021,2.32,1.465,226062006,0,226062006,226062006,177639939,12465780,0,0.07,0.36,82336404,94802184,0.218,94802184,82336404,76525116,0.14,0.14,0.14,313292575,286644488,313292575,2152555583,26,22.706,116972985,0.123,1.0,230895612,0.532,16017581,5811288,279140440,129840602,544085,119354449,21995374,97359075,458843821,232555023,226288798,2422811842,200226859,-81395784,0,224722942,0,201837942,-145785010,-32137754,147577987,-3404060,67156575,67156575,67156575,0,-12554,0.155,163647498,67248114,4727569,2.571,7.733,36.077,36.571,93575648,0,5.12,5.583,11.212,478507,207522766,433969569,433969569,0,0.112,0.234,0.634,0.19,18441076,164111825,0.5,946410876,950289456,981537894,0.457,756397056,9492775,9368541,6425705,0.796,306877511
TAL,MRY,2016-12-31,2016-02-29,2016-02-29,2017-08-17,-949647,1061379033,916896835,515859574,545519459,0.676,0.455,-34696968,435125823,435125823,303634829,102756200,1.346,1.42,227827301,0,227827301,227827301,289281207,19183024,0,0.037,0.32,143860585,163043609,0.263,163043609,143860585,136361262,0.21,0.2,0.21,436979903,375136239,436979903,3890844698,27,23.864,153021452,0.159,1.0,316313948,0.51,102216938,7499323,368700146,323920293,600441,319120027,44763067,274356960,620641546,383163427,237478119,4135546291,-36115394,-140416013,645989,0,0,645989,-215351987,-39652832,187718420,-9127816,102878518,102878518,102878518,0,-122318,0.166,231262085,85051863,14681943,1.524,9.464,40.198,41.071,114629683,0,8.625,6.671,13.365,3937429,306381011,619948777,619948777,0,0.112,0.274,0.444,0.232,25847497,234589254,0.5,958967256,960655014,1098337530,0.645,959162095,7393184,33482744,18583544,0.998,132696147
TAL,MRY,2017-12-31,2017-02-28,2017-02-28,2017-08-17,55869132,1828905951,1445142492,871121005,957784946,0.722,0.661,-70552028,472949563,472949563,522326988,112489844,1.306,1.782,450148918,0,450148918,450148918,518873505,33561797,0,0.01,0.15,164090262,197652059,0.189,197652059,164090262,150945701,0.24,0.22,0.24,644244906,540612404,644244906,6786634254,41,34.336,289005413,0.296,1.0,520772667,0.499,305129493,13144561,833835470,601267808,2823039,577188841,229456397,347732444,1148041620,667140343,480901277,6993932776,36174968,-92541117,1673801,213000000,0,198296836,-518265348,-351744576,359557441,-3413961,116880012,116880012,116880012,0,-4390168,0.112,386178198,134594469,28519984,0.625,10.856,59.839,60.049,154306718,0,14.412,6.705,13.475,3424285,417835502,1043099655,1043099655,0,0.081,0.216,0.273,0.157,36115200,389292075,0.5,970593192,975290964,1131050514,1.07,1523776458,18433199,34065689,33668923,1.562,203980662
