ticker,dimension,calendardate,datekey,reportperiod,lastupdated,accoci,assets,assetsavg,assetsc,assetsnc,assetturnover,bvps,capex,cashneq,cashnequsd,cor,consolinc,currentratio,de,debt,debtc,debtnc,debtusd,deferredrev,depamor,deposits,divyield,dps,ebit,ebitda,ebitdamargin,ebitdausd,ebitusd,ebt,eps,epsdil,epsusd,equity,equityavg,equityusd,ev,evebit,evebitda,fcf,fcfps,fxusd,gp,grossmargin,intangibles,intexp,invcap,invcapavg,inventory,investments,investmentsc,investmentsnc,liabilities,liabilitiesc,liabilitiesnc,marketcap,ncf,ncfbus,ncfcommon,ncfdebt,ncfdiv,ncff,ncfi,ncfinv,ncfo,ncfx,netinc,netinccmn,netinccmnusd,netincdis,netincnci,netmargin,opex,opinc,payables,payoutratio,pb,pe,pe1,ppnenet,prefdivis,price,ps,ps1,receivables,retearn,revenue,revenueusd,rnd,roa,roe,roic,ros,sbcomp,sgna,sharefactor,sharesbas,shareswa,shareswadil,sps,tangibles,taxassets,taxexp,taxliabilities,tbvps,workingcapital
TAS,MRY,2011-12-31,2011-08-31,2011-08-31,2017-04-12,168574,18093878,,15342722,2751156,,0.323,-1526787,15217096,15552644,0,-5361424,40.219,0.022,0,0,0,0,0,7040,0,0.0,0.0,-5389170,-5382130,,-5500809,-5508005,-5389170,-0.1,-0.1,-0.102,17712399,,18102970,,,,-2906835,-0.053,0.978,0,,0,0,2495303,,0,332144,0,332144,381479,381479,0,,10617393,0,13144515,0,0,12918250,-920809,605978,-1380048,0,-5361424,-5361424,-5479647,0,0,,6142350,-6142350,381479,0.0,,,-39.235,2415720,0,4.01,,,11688,-6415723,0,0,113780,,,,,4628620,1392910,,,54884348,54884348,0.0,18093878,59773,-27746,0,0.33,14961243
TAS,MRY,2012-12-31,2012-08-31,2012-08-31,2017-04-12,-54962,16549682,17321780,10050821,6498861,0.0,0.267,-3466866,9778040,9902925,0,-6137059,12.837,0.05,0,0,0,0,0,40191,0,0.0,0.0,-6109313,-6069122,,-6146637,-6187341,-6109313,-0.1,-0.1,-0.101,15766705,16739552,15968078,,,,-6059494,-0.103,0.987,0,,0,0,5988665,4241984,0,80862,0,80862,782977,782977,0,,-5439056,0,620642,0,0,620642,-3467070,-204,-2592628,0,-6137059,-6137059,-6215441,0,0,,6230713,-6230713,782977,0.0,,,-15.601,6414503,0,1.58,,,44581,-12552782,0,0,71126,-0.354,-0.367,-1.44,,3699139,2420257,1.0,,59042266,59042266,0.0,16549682,158271,27746,0,0.28,9267844
TAS,MRY,2013-12-31,2013-08-31,2013-08-31,2017-04-12,-111019,13856353,15203017,5740478,8115875,0.0,0.218,-2537394,5601492,5319944,0,-3481242,8.893,0.049,0,0,0,0,0,56229,0,0.0,0.0,-3481242,-3425013,,-3252861,-3306264,-3481242,-0.06,-0.06,-0.057,13210861,14488783,12546844,,,,-4449648,-0.073,1.053,0,,0,0,7609369,6799017,0,24805,0,24805,645492,645492,0,,-4176548,0,301250,0,0,301250,-2565544,-28150,-1912254,0,-3481242,-3481242,-3306264,0,0,,3093770,-3093770,645492,0.0,,,-12.46,8059424,0,0.71,,,13444,-16034024,0,0,165846,-0.229,-0.24,-0.512,,654705,2216990,1.0,,60635585,60635585,0.0,13856353,56240,0,0,0.229,5094986
TAS,MRY,2014-12-31,2014-08-31,2014-08-31,2017-04-12,-113409,17375571,15615962,6334960,11040611,0.0,0.259,-2293119,6136271,5643440,0,-2442008,6.798,0.057,0,0,0,0,0,54635,0,0.0,0.0,-2442008,-2387373,,-2195632,-2245879,-2442008,-0.04,-0.04,-0.037,16443733,14827297,15123065,57542365,-25,-26.208,-4796049,-0.075,1.087,0,,0,0,10307462,8958415,0,39018,0,39018,931838,931838,0,62834825,534779,0,5762934,0,0,5347650,-2309941,-16822,-2502930,0,-2442008,-2442008,-2245879,0,0,,2432082,-2432082,931838,0.0,4.155,-27.978,-25.824,10969728,0,0.95,,,4582,-18476032,0,0,82650,-0.156,-0.165,-0.273,,225200,2069597,1.0,66141922,63611873,63611873,0.0,17375571,117813,0,0,0.273,5403122
TAS,MRY,2015-12-31,2015-08-31,2015-08-31,2017-04-12,-117537,15340805,16358188,2747343,12593462,0.0,0.228,-2358264,2607710,1973863,0,-1419140,10.212,0.018,0,0,0,0,0,42249,0,0.0,0.0,-1419140,-1376891,,-1042214,-1074194,-1419140,-0.02,-0.02,-0.015,15071765,15757749,11408323,16903827,-15,-16.219,-3528557,-0.053,1.321,0,,0,0,12464055,11385758,0,34890,0,34890,269040,269040,0,22355969,-3528561,0,0,0,0,0,-2358268,-4,-1170293,0,-1419140,-1419140,-1074194,0,0,,1477151,-1477151,269040,0.0,1.96,-20.812,-22.327,12526703,0,0.338,,,7980,-19895172,0,0,15507,-0.087,-0.09,-0.125,,51300,1368095,1.0,66141922,66141922,66141922,0.0,15340805,37318,0,0,0.232,2478303
