ticker,dimension,calendardate,datekey,reportperiod,lastupdated,accoci,assets,assetsavg,assetsc,assetsnc,assetturnover,bvps,capex,cashneq,cashnequsd,cor,consolinc,currentratio,de,debt,debtc,debtnc,debtusd,deferredrev,depamor,deposits,divyield,dps,ebit,ebitda,ebitdamargin,ebitdausd,ebitusd,ebt,eps,epsdil,epsusd,equity,equityavg,equityusd,ev,evebit,evebitda,fcf,fcfps,fxusd,gp,grossmargin,intangibles,intexp,invcap,invcapavg,inventory,investments,investmentsc,investmentsnc,liabilities,liabilitiesc,liabilitiesnc,marketcap,ncf,ncfbus,ncfcommon,ncfdebt,ncfdiv,ncff,ncfi,ncfinv,ncfo,ncfx,netinc,netinccmn,netinccmnusd,netincdis,netincnci,netmargin,opex,opinc,payables,payoutratio,pb,pe,pe1,ppnenet,prefdivis,price,ps,ps1,receivables,retearn,revenue,revenueusd,rnd,roa,roe,roic,ros,sbcomp,sgna,sharefactor,sharesbas,shareswa,shareswadil,sps,tangibles,taxassets,taxexp,taxliabilities,tbvps,workingcapital
TAST,MRY,2011-12-31,2011-12-31,2011-12-31,2018-05-09,1085000,458392000,441553750,52257000,406135000,0.787,2.724,-27198000,24661000,24661000,289069000,11218000,0.818,6.749,278583000,6553000,272030000,278583000,0,16058000,0,0.0,0.0,16910000,32968000,0.095,32968000,16910000,9557000,0.52,0.52,0.52,59157000,54943750,59157000,509710465,30,15.461,27302000,1.259,1.0,58449000,0.168,197397000,7353000,451040000,435563750,5601000,0,0,0,399235000,63877000,335358000,255722465,21517000,0,551000,7430000,0,8060000,-41043000,2818000,54500000,0,11218000,11218000,11218000,-11742000,0,0.032,52037000,6412000,14759000,0.0,4.323,22.796,22.25,190310000,0,11.57,0.736,0.722,6673000,51041000,347518000,347518000,0,0.025,0.204,0.039,0.049,1037000,35406000,1.0,22102201,21677837,21677837,16.031,260995000,5723000,-1661000,7046000,12.019,-11620000
TAST,MRY,2012-12-31,2012-12-30,2012-12-30,2018-05-09,669000,346256000,372683250,60268000,285988000,1.448,3.964,-35560000,58290000,58290000,469321000,-18888000,1.142,2.84,161492000,1062000,160430000,161492000,0,26321000,0,1.603,9.49,-16217000,10104000,0.019,10104000,-16217000,-28981000,-0.83,-0.83,-0.83,90173000,88417500,90173000,224685673,-13,22.237,-13635000,-0.604,1.0,70287000,0.13,115325000,12764000,281343000,322049750,7729000,0,0,0,256083000,52790000,203293000,140215673,13629000,-12135000,295000,82005000,-5490000,72619000,-80915000,1177000,21925000,0,-18888000,-18888000,-18888000,72000,0,-0.035,84923000,-14636000,20075000,-11.434,1.555,-7.424,-7.133,135926000,0,5.92,0.26,0.248,6418000,21362000,539608000,539608000,0,-0.051,-0.214,-0.05,-0.03,925000,58342000,1.0,23685080,22580468,22580468,23.897,230931000,4707000,-10093000,4041000,10.152,7478000
TAST,MRY,2013-12-31,2013-12-29,2013-12-29,2018-05-09,702000,329481000,336249250,28675000,300806000,1.973,3.35,-50486000,28302000,28302000,563642000,-13519000,0.566,3.268,160536000,1147000,159389000,160536000,0,33594000,0,0.0,0.0,-5075000,28519000,0.043,28519000,-5075000,-23916000,-0.59,-0.59,-0.59,77204000,80814250,77204000,285199750,-56,10.0,-28905000,-1.259,1.0,99841000,0.15,111132000,18841000,299934000,293611000,6494000,0,0,0,252277000,50649000,201628000,157811750,-29988000,0,0,-1075000,0,-1083000,-50486000,3144000,21581000,0,-13519000,-13519000,-13519000,0,0,-0.02,104916000,-5075000,14687000,0.0,2.044,-11.673,-11.288,152175000,0,6.66,0.238,0.23,2846000,7155000,663483000,663483000,0,-0.04,-0.167,-0.017,-0.008,1205000,66843000,1.0,23695458,22958963,22958963,28.899,218349000,12651000,-10397000,4945000,9.474,-21974000
TAST,MRY,2014-12-31,2014-12-28,2014-12-28,2018-05-09,-357000,364573000,364305750,41629000,322944000,1.902,3.059,-52010000,21221000,21221000,591833000,-38117000,0.754,2.422,156714000,1272000,155442000,156714000,0,36923000,0,0.0,0.0,-7551000,29372000,0.042,29372000,-7551000,-26352000,-1.23,-1.23,-1.23,106535000,111673750,106535000,366986806,-48,12.494,-37303000,-1.208,1.0,100922000,0.146,135295000,18801000,309588000,305882000,7785000,0,0,0,258038000,55183000,202855000,271565806,12919000,-52200000,67327000,-1050000,0,66215000,-68003000,19565000,14707000,0,-38117000,-38117000,-38117000,0,0,-0.055,108426000,-7504000,19239000,0.0,2.549,-7.125,-6.268,179383000,0,7.71,0.392,0.344,4034000,-30962000,692755000,692755000,0,-0.105,-0.341,-0.025,-0.011,1180000,67962000,1.0,35222543,30885275,30885275,22.43,229278000,2416000,11765000,4908000,6.584,-13554000
TAST,MRY,2015-12-31,2016-01-03,2016-01-03,2018-05-09,-335000,427256000,407708000,44995000,382261000,2.107,3.082,-56848000,22274000,22274000,702242000,4000,0.631,2.956,204670000,1435000,203235000,204670000,0,39845000,0,0.0,0.0,18573000,58418000,0.068,58418000,18573000,4000,0.0,0.0,0.0,107999000,99794000,107999000,553967668,29,9.483,13854000,0.396,1.0,156762000,0.182,154786000,18569000,383612000,349793000,7126000,0,0,0,319257000,71254000,248003000,416871668,1053000,-52750000,0,38949000,0,33780000,-103429000,9148000,70702000,0,4000,4000,4000,0,0,0.0,125680000,31082000,20436000,,3.86,104217.917,,220114000,0,11.74,0.485,0.478,6161000,-30958000,859004000,859004000,0,0.0,0.0,0.053,0.022,1438000,82757000,1.0,35508660,34958847,44623251,24.572,272470000,0,0,5117000,7.775,-26259000
TAST,MRY,2016-12-31,2017-01-01,2017-01-01,2018-05-09,-1203000,490155000,453982000,29669000,460486000,2.078,4.387,-94099000,2002000,2002000,761638000,45472000,0.431,2.169,219662000,1616000,218046000,219662000,0,47295000,0,0.0,0.0,35702000,82997000,0.088,82997000,35702000,17387000,1.01,1.01,1.01,154656000,127923000,154656000,751455950,21,9.054,-31811000,-0.904,1.0,181945000,0.193,176613000,18315000,462302000,415948750,7761000,0,0,0,335499000,68900000,266599000,546495950,-20272000,-48088000,0,13836000,0,13661000,-96221000,53599000,62288000,0,45472000,45472000,45472000,0,0,0.048,145905000,36040000,22445000,0.0,3.534,12.018,15.099,247847000,0,15.25,0.579,0.569,7623000,14514000,943583000,943583000,0,0.1,0.355,0.086,0.038,2053000,96255000,1.0,35835800,35178329,44851345,26.823,313542000,28994000,-28085000,5202000,8.893,-39231000
TAST,MRY,2017-12-31,2017-12-31,2017-12-31,2018-05-09,-1210000,581514000,558932250,60015000,521499000,1.948,4.771,-73516000,29412000,29412000,897381000,7159000,0.755,2.44,281523000,1808000,279715000,281523000,0,54159000,0,0.0,0.0,29473000,83632000,0.077,83632000,29473000,7763000,0.16,0.16,0.16,169060000,161873250,169060000,677338338,22,8.099,-733000,-0.021,1.0,191151000,0.176,217874000,21710000,536222000,515428750,9373000,0,0,0,412454000,79529000,332925000,439328338,27410000,-37923000,0,64724000,0,62732000,-108105000,4257000,72783000,0,7159000,7159000,7159000,0,0,0.007,162011000,29140000,29245000,0.0,2.599,61.367,75.938,274098000,0,12.15,0.404,0.395,9420000,25407000,1088532000,1088532000,0,0.013,0.044,0.057,0.027,3518000,105025000,1.0,36158711,35416531,44976514,30.735,363640000,27701000,604000,5269000,10.262,-19514000
