ticker,dimension,calendardate,datekey,reportperiod,lastupdated,accoci,assets,assetsavg,assetsc,assetsnc,assetturnover,bvps,capex,cashneq,cashnequsd,cor,consolinc,currentratio,de,debt,debtc,debtnc,debtusd,deferredrev,depamor,deposits,divyield,dps,ebit,ebitda,ebitdamargin,ebitdausd,ebitusd,ebt,eps,epsdil,epsusd,equity,equityavg,equityusd,ev,evebit,evebitda,fcf,fcfps,fxusd,gp,grossmargin,intangibles,intexp,invcap,invcapavg,inventory,investments,investmentsc,investmentsnc,liabilities,liabilitiesc,liabilitiesnc,marketcap,ncf,ncfbus,ncfcommon,ncfdebt,ncfdiv,ncff,ncfi,ncfinv,ncfo,ncfx,netinc,netinccmn,netinccmnusd,netincdis,netincnci,netmargin,opex,opinc,payables,payoutratio,pb,pe,pe1,ppnenet,prefdivis,price,ps,ps1,receivables,retearn,revenue,revenueusd,rnd,roa,roe,roic,ros,sbcomp,sgna,sharefactor,sharesbas,shareswa,shareswadil,sps,tangibles,taxassets,taxexp,taxliabilities,tbvps,workingcapital
TBI,MRY,2011-12-31,2011-12-30,2011-12-30,2018-04-30,2643000,560769000,559939500,280615000,280154000,2.35,7.45,-9707000,239809000,239809000,968967000,30791000,2.499,0.91,0,0,0,0,0,16384000,0,0.0,0.0,50531000,66915000,0.051,66915000,50531000,49324000,0.73,0.73,0.73,293579000,303259500,293579000,320906712,6,4.796,20882000,0.498,1.0,347046000,0.264,67572000,1207000,141099000,137043750,0,0,0,0,267190000,112289000,154901000,556494712,-53842000,0,-57577000,-302000,0,-57215000,-26938000,-10431000,30589000,-278000,30791000,30791000,30791000,0,0,0.023,299212000,47834000,25862000,0.0,1.896,18.073,19.014,56239000,0,13.88,0.423,0.443,153878000,290935000,1316013000,1316013000,0,0.055,0.102,0.369,0.038,7432000,282828000,1.0,40093279,41961000,42322000,31.363,493197000,12992000,18533000,0,12.516,168326000
TBI,MRY,2012-12-31,2012-12-28,2012-12-28,2018-04-30,2818000,601743000,586798250,317166000,284577000,2.368,8.437,-17826000,265772000,265772000,1017145000,33629000,2.793,0.803,0,0,0,0,0,18890000,0,0.0,0.0,55736000,74626000,0.054,74626000,55736000,54605000,0.85,0.84,0.85,333674000,316520000,333674000,372796570,6,4.996,34497000,0.872,1.0,372385000,0.268,64633000,1131000,157782000,148876750,0,0,0,0,268069000,113556000,154513000,624189570,20202000,0,-2376000,-4548000,0,-6173000,-26151000,-8075000,52323000,203000,33629000,33629000,33629000,0,0,0.024,319349000,53036000,27292000,0.0,1.871,18.561,18.282,58171000,0,15.54,0.449,0.442,167292000,330855000,1389530000,1389530000,0,0.057,0.106,0.374,0.04,7917000,300459000,1.0,40166639,39548000,39862000,35.135,537110000,14382000,20976000,0,13.58,203610000
TBI,MRY,2013-12-31,2013-12-27,2013-12-27,2018-04-30,2033000,719461000,686927500,356458000,363003000,2.43,9.734,-13003000,276561000,276561000,1226626000,44924000,2.936,0.829,29656000,0,29656000,29656000,0,20472000,0,0.0,0.0,62185000,82657000,0.05,82657000,62185000,60937000,1.12,1.11,1.12,393360000,364899250,393360000,846290265,13,10.239,73065000,1.819,1.0,442303000,0.265,113744000,1248000,237403000,227434250,0,14745000,14745000,0,326101000,121409000,204692000,1064069265,-7510000,-77560000,6336000,25319000,0,32368000,-125265000,-34702000,86068000,-681000,44924000,44924000,44924000,0,0,0.027,382720000,59583000,29850000,0.0,2.705,23.686,23.143,54473000,0,25.92,0.638,0.624,199519000,391326000,1668929000,1668929000,0,0.065,0.123,0.273,0.037,8412000,362248000,1.0,41052055,40166000,40502000,41.551,605717000,14913000,16013000,0,14.99,235049000
TBI,MRY,2014-12-31,2014-12-26,2014-12-26,2018-04-30,871000,1066671000,883962000,415807000,650864000,2.459,11.494,-16918000,188092000,188092000,1637066000,65675000,2.221,1.273,199383000,0,199383000,199383000,0,29474000,0,0.0,0.0,85000000,114474000,0.053,114474000,85000000,81844000,1.61,1.59,1.61,469334000,430615500,469334000,956395842,11,8.355,30607000,0.751,1.0,536979000,0.247,378415000,3156000,512317000,356092500,0,1500000,1500000,0,597337000,187230000,410107000,962970842,-102337000,-305876000,-923000,169727000,0,169782000,-318437000,4357000,47525000,-1207000,65675000,65675000,65675000,0,0,0.03,455251000,81728000,50256000,0.0,2.052,14.663,14.068,61392000,0,22.65,0.443,0.424,359903000,468462000,2174045000,2174045000,0,0.074,0.153,0.239,0.039,11051000,425777000,1.0,42515269,40734000,41176000,53.372,688256000,15960000,16169000,19768000,16.855,228577000
TBI,MRY,2015-12-31,2015-12-25,2015-12-25,2018-04-30,-14013000,1259442000,1079200500,542965000,716477000,2.498,12.956,-18394000,218193000,218193000,2060007000,71247000,2.382,1.352,243397000,0,243397000,243397000,0,41843000,0,0.0,0.0,100607000,142450000,0.053,142450000,100607000,96447000,1.73,1.71,1.73,535573000,506183250,535573000,1019117009,10,7.154,53678000,1.302,1.0,635673000,0.236,422354000,4160000,634316000,434443750,0,0,0,0,723869000,227976000,495893000,1112570009,10115000,-67500000,-2306000,44013000,0,42786000,-105026000,-37506000,72072000,283000,71247000,71247000,71247000,0,0,0.026,537831000,97842000,69727000,0.0,2.077,15.616,15.324,57530000,0,26.51,0.413,0.405,461476000,549585000,2695680000,2695680000,0,0.066,0.141,0.232,0.037,11103000,495988000,1.0,41967937,41226000,41622000,65.388,837088000,28155000,25200000,19499000,20.25,314989000
TBI,MRY,2016-12-31,2017-01-01,2017-01-01,2018-04-30,-11433000,1130445000,1131238250,427803000,702642000,2.432,12.613,-29042000,266163000,266163000,2070922000,-15251000,1.703,1.152,135362000,0,135362000,135362000,0,46692000,0,0.0,0.0,-13174000,33518000,0.012,33518000,-13174000,-20340000,-0.37,-0.37,-0.37,525179000,517479750,525179000,946459391,-71,28.237,232712000,5.588,1.0,679718000,0.247,349894000,7166000,398615000,417678250,0,0,0,0,605266000,251135000,354131000,1047097391,5189000,-72476000,-7057000,-108035000,0,-115121000,-143216000,-21925000,261754000,1772000,-15251000,-15251000,-15251000,0,0,-0.006,696713000,-16995000,66758000,0.0,1.994,-68.658,-66.622,63998000,0,24.65,0.381,0.373,352606000,536611000,2750640000,2750640000,0,-0.013,-0.029,-0.032,-0.005,9363000,546477000,1.0,42478596,41648000,41648000,66.045,780551000,25624000,-5089000,0,18.746,176668000
TBI,MRY,2017-12-31,2017-12-31,2017-12-31,2018-04-30,-6804000,1109031000,1092755250,428279000,680752000,2.296,13.684,-21958000,268011000,268011000,1874298000,55456000,2.016,0.999,116489000,0,116489000,116489000,0,46115000,0,0.0,0.0,83044000,129159000,0.051,129159000,83044000,77550000,1.35,1.34,1.35,554847000,541494750,554847000,993043442,11,7.689,77893000,1.891,1.0,634473000,0.253,331309000,5494000,413781000,366651750,0,0,0,0,554184000,212419000,341765000,1137441442,-6190000,0,-38161000,-18874000,0,-75335000,-30897000,-30444000,99851000,191000,55456000,55456000,55456000,0,0,0.022,556909000,77564000,55091000,0.0,2.05,20.511,20.37,60163000,0,27.5,0.453,0.452,374273000,561650000,2508771000,2508771000,0,0.051,0.102,0.226,0.033,7744000,510794000,1.0,41361507,41202000,41441000,60.89,777722000,8404000,22094000,0,19.18,215860000
