ticker,dimension,calendardate,datekey,reportperiod,lastupdated,accoci,assets,assetsavg,assetsc,assetsnc,assetturnover,bvps,capex,cashneq,cashnequsd,cor,consolinc,currentratio,de,debt,debtc,debtnc,debtusd,deferredrev,depamor,deposits,divyield,dps,ebit,ebitda,ebitdamargin,ebitdausd,ebitusd,ebt,eps,epsdil,epsusd,equity,equityavg,equityusd,ev,evebit,evebitda,fcf,fcfps,fxusd,gp,grossmargin,intangibles,intexp,invcap,invcapavg,inventory,investments,investmentsc,investmentsnc,liabilities,liabilitiesc,liabilitiesnc,marketcap,ncf,ncfbus,ncfcommon,ncfdebt,ncfdiv,ncff,ncfi,ncfinv,ncfo,ncfx,netinc,netinccmn,netinccmnusd,netincdis,netincnci,netmargin,opex,opinc,payables,payoutratio,pb,pe,pe1,ppnenet,prefdivis,price,ps,ps1,receivables,retearn,revenue,revenueusd,rnd,roa,roe,roic,ros,sbcomp,sgna,sharefactor,sharesbas,shareswa,shareswadil,sps,tangibles,taxassets,taxexp,taxliabilities,tbvps,workingcapital
TECD,MRY,2011-12-31,2012-01-31,2012-01-31,2018-03-22,283139000,5796268000,6250363500,5394500000,401768000,4.103,47.434,-13672000,486262000,486262000,24269872000,201202000,1.468,1.952,105743000,48490000,57253000,105743000,0,57332000,0,0.0,0.0,293236000,350568000,0.014,350568000,293236000,261859000,4.36,4.3,4.36,1953804000,2091452250,1953804000,1716256943,5,4.896,511569000,11.693,1.0,1377441000,0.054,0,31377000,1741813000,1866983000,1932289000,0,0,0,3814139000,3673936000,140203000,2142790943,-236336000,-24898000,-279793000,-393051000,0,-670841000,-69457000,0,525241000,-21279000,190750000,190750000,190750000,0,10452000,0.007,1044601000,332840000,3091611000,0.0,1.097,11.234,11.908,88881000,0,51.92,0.084,0.089,2778641000,1637103000,25647313000,25647313000,0,0.031,0.091,0.157,0.011,9991000,1044601000,1.0,41271012,43749000,44327000,586.238,5796268000,0,71109000,0,140.72,1720564000
TECD,MRY,2012-12-31,2013-01-31,2013-01-31,2018-03-22,330107000,6830960000,5924630750,6145425000,685535000,4.28,50.775,-14871000,340564000,340564000,24055275000,183040000,1.383,2.561,521980000,167522000,354458000,521980000,0,58353000,0,0.0,0.0,252807000,311160000,0.012,311160000,252807000,222681000,4.53,4.5,4.53,1918369000,1888426000,1918369000,1826717364,7,5.871,108823000,2.8,1.0,1303054000,0.051,0,30126000,2567436000,2084223750,2254510000,0,0,0,4912591000,4444940000,467651000,1922390364,-145698000,-310253000,-181717000,383001000,0,80294000,-348618000,0,123694000,-1068000,176255000,176255000,176255000,0,6785000,0.007,1039334000,263720000,3657251000,0.0,1.002,10.907,11.238,84395000,0,50.91,0.076,0.078,3215920000,1813358000,25358329000,25358329000,0,0.03,0.093,0.121,0.01,8312000,1009872000,1.0,37760565,38871000,39180000,652.371,6830960000,0,46426000,0,180.799,1700485000
TECD,MRY,2013-12-31,2014-01-31,2014-01-31,2018-03-22,324571000,7169666000,6554605750,6469035000,700631000,4.092,55.128,-15598000,570101000,570101000,25459558000,179932000,1.401,2.416,397602000,43481000,354121000,397602000,0,72979000,0,0.0,0.0,230915000,303894000,0.011,303894000,230915000,204309000,4.73,4.71,4.73,2098611000,1970786500,2098611000,1940376664,8,6.385,363550000,9.562,1.0,1362346000,0.051,0,26606000,2379579000,2337745750,2450782000,0,0,0,5071055000,4617588000,453467000,2036049664,229537000,6377000,1139000,-123194000,0,-127311000,-24011000,0,379148000,1711000,179932000,179932000,179932000,0,0,0.007,1134833000,227513000,3959410000,0.0,0.97,11.316,11.4,77631000,0,53.92,0.076,0.076,3215729000,1993290000,26821904000,26821904000,0,0.027,0.091,0.099,0.009,7931000,1116553000,1.0,37760565,38020000,38228000,705.468,7169666000,0,24377000,0,188.338,1851447000
TECD,MRY,2014-12-31,2015-01-31,2015-01-31,2018-03-22,50762000,6136725000,6619103250,5578123000,558602000,4.18,51.512,-11518000,542995000,542995000,26276678000,175172000,1.49,2.131,364879000,13303000,351576000,364879000,0,68746000,0,0.0,0.0,265732000,334478000,0.012,334478000,265732000,239184000,4.59,4.57,4.59,1960143000,2089037500,1960143000,2118625992,7,6.334,111573000,2.923,1.0,1393954000,0.05,375319000,26548000,1840164000,2259125000,1959627000,0,0,0,4176582000,3743126000,433456000,2184351992,-22859000,0,-51541000,6723000,0,-52839000,-21054000,0,123091000,-72057000,175172000,175172000,175172000,0,0,0.006,1124989000,268965000,3119618000,0.0,1.114,12.47,12.44,63104000,0,57.1,0.079,0.079,2811963000,2168462000,27670632000,27670632000,0,0.026,0.084,0.118,0.01,13668000,1114234000,1.0,38254851,38172000,38354000,724.893,5761406000,0,64012000,0,151.409,1834997000
TECD,MRY,2015-12-31,2016-01-31,2016-01-31,2018-03-22,-33325000,6358288000,6193725000,5822061000,536227000,4.259,57.193,-20917000,531169000,531169000,25093122000,265736000,1.48,2.17,366671000,18063000,348608000,366671000,0,57253000,0,0.0,0.0,396906000,454159000,0.017,454159000,396906000,382418000,7.4,7.36,7.4,2005755000,1977471250,2005755000,1967678982,4,4.333,172975000,4.819,1.0,1286661000,0.049,363500000,14488000,1897644000,2072025750,2117384000,0,0,0,4352533000,3932646000,419887000,2188495982,-11826000,-7828000,-146442000,5593000,0,-148247000,-41800000,0,193892000,-15671000,265736000,265736000,265736000,0,0,0.01,885233000,401428000,3427580000,0.0,1.091,8.236,8.432,66028000,0,62.4,0.083,0.085,2995114000,2434198000,26379783000,26379783000,0,0.043,0.134,0.192,0.015,14890000,992462000,1.0,35072051,35898000,36097000,734.854,5994788000,0,116682000,0,170.938,1889415000
TECD,MRY,2016-12-31,2017-01-31,2017-01-31,2018-03-22,-74542000,7931866000,6697221000,7412326000,519540000,3.917,61.603,-24971000,2125591000,2125591000,24932949000,195095000,1.573,2.655,1363047000,373123000,989924000,1363047000,0,54437000,0,0.0,0.0,293571000,348008000,0.013,348008000,293571000,256761000,5.54,5.51,5.54,2169888000,2126338750,2169888000,2687373080,9,7.722,631872000,17.954,1.0,1301927000,0.05,329697000,36810000,2128771000,1802927250,2118902000,0,0,0,5761978000,4710854000,1051124000,3013521080,1594422000,-2916000,733000,980241000,0,976495000,-42251000,0,656843000,3335000,195095000,195095000,195095000,0,0,0.007,1010025000,291902000,3844532000,0.0,1.389,15.446,15.444,74239000,0,85.56,0.115,0.115,3047927000,2629293000,26234876000,26234876000,0,0.029,0.092,0.163,0.011,13947000,984152000,1.0,35221144,35194000,35428000,745.436,7602169000,0,61666000,0,215.824,2701472000
TECD,MRY,2017-12-31,2018-01-31,2018-01-31,2018-03-22,288292000,12652636000,11385755500,10092690000,2559946000,3.23,76.485,-192235000,955628000,955628000,34659390000,116641000,1.262,3.331,1637909000,132661000,1505248000,1637909000,0,150046000,0,0.0,0.0,411291000,561337000,0.015,561337000,411291000,299084000,3.07,3.05,3.07,2921492000,2714697750,2921492000,5182858073,12,9.233,904834000,23.838,1.0,2115621000,0.058,2055940000,112207000,3281860000,3801155000,3065218000,0,0,0,9731144000,7997117000,1734027000,3825625073,-1169963000,-2249849000,1543000,124378000,0,119894000,-2481786000,0,1097069000,94860000,116641000,116641000,116641000,0,0,0.003,1705542000,410079000,6947282000,0.0,1.309,32.798,32.661,279091000,0,100.27,0.104,0.103,5783666000,2745934000,36775011000,36775011000,0,0.01,0.043,0.108,0.011,29381000,1608961000,1.0,38153237,37957000,38216000,968.86,10596696000,0,182443000,0,277.422,2095573000
