ticker,dimension,calendardate,datekey,reportperiod,lastupdated,accoci,assets,assetsavg,assetsc,assetsnc,assetturnover,bvps,capex,cashneq,cashnequsd,cor,consolinc,currentratio,de,debt,debtc,debtnc,debtusd,deferredrev,depamor,deposits,divyield,dps,ebit,ebitda,ebitdamargin,ebitdausd,ebitusd,ebt,eps,epsdil,epsusd,equity,equityavg,equityusd,ev,evebit,evebitda,fcf,fcfps,fxusd,gp,grossmargin,intangibles,intexp,invcap,invcapavg,inventory,investments,investmentsc,investmentsnc,liabilities,liabilitiesc,liabilitiesnc,marketcap,ncf,ncfbus,ncfcommon,ncfdebt,ncfdiv,ncff,ncfi,ncfinv,ncfo,ncfx,netinc,netinccmn,netinccmnusd,netincdis,netincnci,netmargin,opex,opinc,payables,payoutratio,pb,pe,pe1,ppnenet,prefdivis,price,ps,ps1,receivables,retearn,revenue,revenueusd,rnd,roa,roe,roic,ros,sbcomp,sgna,sharefactor,sharesbas,shareswa,shareswadil,sps,tangibles,taxassets,taxexp,taxliabilities,tbvps,workingcapital
TECH,MRY,2011-12-31,2011-06-30,2011-06-30,2018-05-09,-16291000,617670000,573930250,230417000,387253000,0.505,15.781,-3630000,77613000,77613000,65025000,112302000,12.669,0.054,0,0,0,0,0,8700000,0,0.013,1.07,164981000,173681000,0.599,173681000,164981000,164981000,3.03,3.02,3.03,586122000,554475000,586122000,2936641069,17,16.908,123564000,3.331,1.0,224937000,0.776,138915000,0,382954000,381225750,44906000,214821000,63200000,151621000,31548000,18188000,13360000,3095269069,-16526000,-131766000,2556000,0,-39691000,-36288000,-114185000,22154000,127194000,6753000,112302000,112302000,112302000,0,0,0.387,61882000,163055000,5207000,0.353,5.281,27.562,27.515,95398000,0,83.37,10.675,10.666,37860000,472730000,289962000,289962000,25985000,0.196,0.203,0.433,0.569,291000,35897000,1.0,37126893,37098000,37172000,7.816,478755000,5797000,52679000,18869000,12.891,212229000
TECH,MRY,2012-12-31,2012-06-30,2012-06-30,2018-05-09,21775000,719324000,664010500,346507000,372817000,0.474,18.312,-6017000,116675000,116675000,78756000,112331000,9.693,0.067,0,0,0,0,0,12467000,0,0.015,1.11,162195000,174662000,0.555,174662000,162195000,162195000,3.04,3.04,3.04,674442000,626449750,674442000,2637206454,16,15.099,120729000,3.268,1.0,235804000,0.75,132158000,0,434741000,410171250,38277000,297333000,152311000,145022000,44882000,35750000,9132000,2732486454,39062000,0,-23658000,0,-41018000,-64625000,-21668000,-15285000,126746000,-1391000,112331000,112331000,112331000,0,0,0.357,69595000,166209000,6291000,0.365,4.051,24.325,24.408,93788000,0,74.2,8.687,8.713,37741000,520448000,314560000,314560000,27912000,0.169,0.179,0.395,0.516,1590000,41683000,1.0,36825963,36939000,37006000,8.516,587166000,0,49864000,26617000,15.942,310757000
TECH,MRY,2013-12-31,2013-06-30,2013-06-30,2018-05-09,14553000,778098000,743896750,409516000,368582000,0.417,20.021,-22454000,163786000,163786000,79465000,112561000,12.764,0.055,0,0,0,0,0,12321000,0,0.017,1.18,160662000,172983000,0.557,172983000,160662000,160662000,3.06,3.05,3.06,737541000,708055000,737541000,2393782897,14,13.838,101108000,2.745,1.0,231110000,0.744,124888000,0,457340000,440543000,34877000,302058000,169151000,132907000,40557000,32084000,8473000,2544495897,47111000,0,-1289000,0,-43463000,-44677000,-31204000,-9102000,123562000,-570000,112561000,112561000,112561000,0,0,0.362,72641000,158469000,6236000,0.386,3.45,22.605,22.575,108756000,0,69.08,8.193,8.193,40175000,587725000,310575000,310575000,29257000,0.151,0.159,0.365,0.517,1789000,43384000,1.0,36834046,36836000,36900000,8.431,653210000,0,48101000,20693000,17.731,377432000
TECH,MRY,2014-12-31,2014-06-30,2014-06-30,2018-05-09,-5388000,862491000,818628000,469413000,393078000,0.437,21.537,-13821000,318568000,318568000,106352000,110948000,17.787,0.085,12946000,5949000,6997000,12946000,0,19175000,0,0.013,1.23,161392000,180567000,0.505,180567000,161392000,161392000,3.01,3.0,3.01,795265000,761899250,795265000,3301025538,20,18.281,122941000,3.333,1.0,251411000,0.703,260249000,0,270229000,395411500,38847000,58807000,44786000,14021000,67226000,26391000,40835000,3424628538,154782000,-119180000,8326000,0,-45394000,-36806000,49688000,182664000,136762000,5138000,110948000,110948000,110948000,0,0,0.31,91661000,159750000,9652000,0.409,4.306,30.867,30.754,117120000,0,92.57,9.572,9.545,55001000,653279000,357763000,357763000,30945000,0.136,0.146,0.408,0.451,3261000,60716000,1.0,36995015,36890000,37005000,9.698,602242000,9623000,50444000,34334000,16.309,443022000
TECH,MRY,2015-12-31,2015-06-30,2015-06-30,2018-05-09,-30593000,1063360000,1076230750,248283000,815077000,0.42,22.798,-19905000,54532000,54532000,144969000,107735000,6.243,0.256,77024000,4024000,73000000,77024000,3380000,37226000,0,0.013,1.27,155706000,192932000,0.427,192932000,155706000,154162000,2.9,2.89,2.9,846935000,820274000,846935000,3707014358,23,19.214,119454000,3.22,1.0,307277000,0.679,683477000,1544000,362607000,402323500,49577000,56389000,56389000,0,216425000,39768000,176657000,3658446358,-264036000,-420102000,9731000,68036000,-47107000,31275000,-426492000,13466000,139359000,-8178000,107735000,107735000,107735000,0,0,0.238,160254000,147023000,52467000,0.438,4.32,33.958,33.955,129749000,0,98.47,8.09,8.077,70034000,713851000,452246000,452246000,40853000,0.1,0.131,0.387,0.344,5957000,119401000,1.0,37152903,37096000,37231000,12.191,379883000,11511000,46427000,63401000,10.226,208515000
TECH,MRY,2016-12-31,2016-06-30,2016-06-30,2018-05-09,-70405000,1129581000,1128319500,253891000,875690000,0.442,23.623,-16898000,64237000,64237000,162364000,104476000,4.689,0.285,95259000,3759000,91500000,95259000,4717000,42764000,0,0.011,1.28,149229000,191993000,0.385,191993000,149229000,147481000,2.81,2.8,2.81,879280000,856633000,879280000,4292477401,28,22.357,126972000,3.414,1.0,336659000,0.675,741406000,1748000,365050000,424621500,57102000,31598000,31598000,0,250301000,54147000,196154000,4196574401,9705000,-91423000,5458000,18500000,-47607000,-23083000,-107570000,776000,143870000,-3512000,104476000,104476000,104476000,0,0,0.209,186066000,150593000,59153000,0.456,4.773,40.168,40.132,132362000,0,112.77,8.41,8.405,93393000,770553000,499023000,499023000,45187000,0.093,0.122,0.351,0.299,9430000,140879000,1.0,37213571,37194000,37326000,13.417,388175000,0,43005000,64616000,10.429,199744000
TECH,MRY,2017-12-31,2017-06-30,2017-06-30,2018-05-09,-48935000,1558219000,1532288250,348025000,1210194000,0.367,25.43,-15179000,91612000,91612000,188462000,76086000,2.568,0.641,343771000,0,343771000,343771000,5968000,60036000,0,0.011,1.28,119322000,179358000,0.319,179358000,119322000,111961000,2.04,2.03,2.04,949627000,910873500,949627000,4685061132,39,26.121,128269000,3.438,1.0,374541000,0.665,1031068000,7361000,643788000,634099500,60151000,66102000,66102000,0,608592000,135522000,473070000,4386686132,27375000,-293785000,5257000,252000000,-47325000,189386000,-305954000,3010000,143448000,495000,76086000,76086000,76086000,0,0,0.135,253957000,120584000,81956000,0.627,4.619,57.654,57.598,135124000,0,117.5,7.792,7.787,116830000,799027000,563003000,563003000,53514000,0.05,0.084,0.188,0.212,14631000,200443000,1.0,37333499,37313000,37500000,15.089,527151000,0,35875000,123074000,14.116,212503000
