ticker,dimension,calendardate,datekey,reportperiod,lastupdated,accoci,assets,assetsavg,assetsc,assetsnc,assetturnover,bvps,capex,cashneq,cashnequsd,cor,consolinc,currentratio,de,debt,debtc,debtnc,debtusd,deferredrev,depamor,deposits,divyield,dps,ebit,ebitda,ebitdamargin,ebitdausd,ebitusd,ebt,eps,epsdil,epsusd,equity,equityavg,equityusd,ev,evebit,evebitda,fcf,fcfps,fxusd,gp,grossmargin,intangibles,intexp,invcap,invcapavg,inventory,investments,investmentsc,investmentsnc,liabilities,liabilitiesc,liabilitiesnc,marketcap,ncf,ncfbus,ncfcommon,ncfdebt,ncfdiv,ncff,ncfi,ncfinv,ncfo,ncfx,netinc,netinccmn,netinccmnusd,netincdis,netincnci,netmargin,opex,opinc,payables,payoutratio,pb,pe,pe1,ppnenet,prefdivis,price,ps,ps1,receivables,retearn,revenue,revenueusd,rnd,roa,roe,roic,ros,sbcomp,sgna,sharefactor,sharesbas,shareswa,shareswadil,sps,tangibles,taxassets,taxexp,taxliabilities,tbvps,workingcapital
TER,MRY,2011-12-31,2011-12-30,2011-12-30,2018-05-11,4746000,2188639000,2006077250,1099887000,1088752000,0.712,8.2,-86097000,573736000,573736000,717238000,369873000,2.943,0.454,162529000,2573000,159956000,162529000,78670000,106681000,0,0.0,0.0,263764000,370445000,0.259,370445000,263764000,240070000,2.0,1.63,2.0,1505060000,1359079250,1505060000,1572966637,5,4.246,188758000,1.022,1.0,711823000,0.498,745753000,23694000,657995000,922164000,160063000,180909000,96502000,84407000,683579000,373684000,309895000,2508685637,175999000,-537489000,-13790000,-2518000,0,-16308000,-82548000,503067000,274855000,0,369873000,369873000,369873000,-25916000,0,0.259,480325000,231498000,69842000,0.0,1.667,6.783,6.815,232207000,0,13.63,1.755,1.761,162871000,184236000,1429061000,1429061000,201024000,0.184,0.272,0.286,0.185,32337000,232093000,1.0,184056173,184683000,226820000,7.738,1442886000,53948000,-129803000,16909000,7.861,726203000
TER,MRY,2012-12-31,2012-12-31,2012-12-31,2018-05-11,5820000,2429345000,2391363500,1236061000,1193284000,0.693,9.473,-119080000,338920000,338920000,770713000,217049000,4.15,0.366,173387000,2328000,171059000,173387000,81357000,145514000,0,0.0,0.0,290510000,436024000,0.263,436024000,290510000,265976000,1.16,0.94,1.16,1778355000,1699430250,1778355000,2858549019,9,6.556,283869000,1.519,1.0,886037000,0.535,668139000,24534000,1297845000,1013760500,139410000,667388000,431516000,235872000,650990000,297828000,353162000,3172822019,-234816000,0,18477000,-2533000,0,-35276000,-602489000,-484860000,402949000,0,217049000,217049000,217049000,0,0,0.131,598669000,287368000,58324000,0.0,1.784,14.618,14.56,265782000,0,16.89,1.915,1.905,169650000,401285000,1656750000,1656750000,255866000,0.091,0.128,0.287,0.175,31430000,277016000,1.0,187852103,186878000,230246000,8.865,1761206000,82677000,48927000,62507000,9.381,938233000
TER,MRY,2013-12-31,2013-12-31,2013-12-31,2018-05-11,4000000,2629824000,2534295000,1440277000,1189547000,0.563,10.365,-106731000,341638000,341638000,619132000,164947000,3.028,0.325,186663000,186663000,0,186663000,55404000,150687000,0,0.0,0.0,228019000,378706000,0.265,378706000,228019000,201922000,0.86,0.7,0.86,1985094000,1898588250,1985094000,2986891119,13,7.887,161979000,0.849,1.0,808801000,0.566,614083000,26097000,1385134000,1264614250,137939000,857960000,586882000,271078000,644730000,475632000,169098000,3376186119,2718000,-14999000,17596000,-2534000,0,17349000,-283341000,-161304000,268710000,0,164947000,164947000,164947000,0,0,0.116,618142000,190659000,62874000,0.0,1.701,20.468,20.488,275236000,0,17.62,2.364,2.354,171398000,566232000,1427933000,1427933000,264055000,0.065,0.087,0.18,0.16,33937000,279560000,1.0,191611017,190772000,235599000,7.485,2015741000,77695000,36975000,52046000,10.525,964645000
TER,MRY,2014-12-31,2014-12-31,2014-12-31,2018-05-11,4689000,2538520000,2574409750,1243846000,1294674000,0.64,9.601,-168982000,294256000,294256000,769016000,81272000,4.266,0.221,0,0,0,0,71603000,152544000,0,0.009,0.18,102310000,254854000,0.155,254854000,102310000,95376000,0.4,0.37,0.4,2078980000,2090047750,2078980000,4072717247,39,15.981,323080000,1.592,1.0,878808000,0.533,464038000,6934000,1488675000,1463012000,105129000,1004576000,533787000,470789000,459540000,291551000,167989000,4284421247,-47382000,-19419000,21291000,-190972000,-37425000,-206571000,-332873000,-148656000,492062000,0,81272000,81272000,81272000,0,0,0.049,782385000,96423000,47763000,0.45,2.061,52.717,49.475,329038000,0,19.79,2.6,2.437,170963000,610079000,1647824000,1647824000,291639000,0.032,0.039,0.07,0.062,39772000,319713000,1.0,216494252,202908000,222550000,8.121,2074482000,64733000,14104000,43364000,9.581,952295000
TER,MRY,2015-12-31,2015-12-31,2015-12-31,2018-05-11,-8144000,2548674000,2603886750,1259968000,1288706000,0.63,9.584,-89878000,264705000,264705000,723935000,206477000,3.379,0.297,0,0,0,0,85527000,140773000,0,0.012,0.24,255000000,395773000,0.241,395773000,255000000,253124000,0.98,0.97,0.98,1965786000,2035708750,1965786000,3953826397,15,9.99,333198000,1.575,1.0,915643000,0.558,728244000,1876000,1182868000,1290377750,153588000,743624000,477696000,265928000,582888000,372857000,210031000,4248043397,-29551000,-282741000,-280419000,-2253000,-50713000,-338905000,-113722000,257799000,423076000,0,206477000,206477000,206477000,0,0,0.126,672674000,242969000,92358000,0.245,2.161,20.574,21.092,273414000,0,20.67,2.591,2.667,237038000,467828000,1639578000,1639578000,292250000,0.079,0.101,0.198,0.156,25736000,306313000,1.0,205517339,211544000,213321000,7.751,1820430000,62377000,46647000,48414000,8.875,887111000
TER,MRY,2016-12-31,2016-12-31,2016-12-31,2018-05-11,-20214000,2762493000,2521253000,1623803000,1138690000,0.695,9.106,-85272000,307884000,307884000,793683000,-43421000,4.357,0.511,352669000,0,352669000,352669000,84478000,120009000,0,0.009,0.24,-51423000,68586000,0.039,68586000,-51423000,-55060000,-0.21,-0.21,-0.21,1828659000,1838070750,1828659000,4813104644,-93,70.176,369925000,1.826,1.0,959567000,0.547,323744000,3637000,2110838000,1458713250,135958000,1304867000,871024000,433843000,933834000,372696000,561138000,5111041644,43179000,0,-58006000,450800000,-48619000,228444000,-640462000,-560241000,455197000,0,-43421000,-43421000,-43421000,0,0,-0.025,1019582000,-60015000,95362000,-1.143,2.795,-117.709,-120.952,253821000,0,25.4,2.915,2.935,215907000,230292000,1753250000,1753250000,291025000,-0.017,-0.024,-0.035,-0.029,24552000,315682000,1.0,201222112,202578000,202578000,8.655,2438749000,107405000,-11639000,42624000,12.144,1251107000
TER,MRY,2017-12-31,2017-12-31,2017-12-31,2018-05-11,18776000,3109545000,3017844250,2270281000,839264000,0.708,9.967,-105375000,429843000,429843000,912734000,257692000,4.997,0.592,365987000,0,365987000,365987000,83614000,108075000,0,0.007,0.28,546075000,654150000,0.306,654150000,546075000,524412000,1.3,1.28,1.3,1953646000,2008011000,1953646000,8157042155,14,12.47,521120000,2.631,1.0,1223872000,0.573,331099000,21663000,2260254000,2175430000,107525000,1473905000,1347979000,125926000,1155899000,454336000,701563000,8213124155,121959000,0,-175811000,0,-55447000,-245189000,-262801000,-162490000,626495000,3454000,257692000,257692000,257692000,0,0,0.121,693844000,530028000,86393000,0.215,4.204,31.872,32.208,268447000,0,41.87,3.844,3.881,302910000,272013000,2136606000,2136606000,305665000,0.085,0.128,0.251,0.256,34097000,348287000,1.0,196157730,198069000,201641000,10.787,2778446000,84026000,266720000,213850000,14.175,1815945000
