ticker,dimension,calendardate,datekey,reportperiod,lastupdated,accoci,assets,assetsavg,assetsc,assetsnc,assetturnover,bvps,capex,cashneq,cashnequsd,cor,consolinc,currentratio,de,debt,debtc,debtnc,debtusd,deferredrev,depamor,deposits,divyield,dps,ebit,ebitda,ebitdamargin,ebitdausd,ebitusd,ebt,eps,epsdil,epsusd,equity,equityavg,equityusd,ev,evebit,evebitda,fcf,fcfps,fxusd,gp,grossmargin,intangibles,intexp,invcap,invcapavg,inventory,investments,investmentsc,investmentsnc,liabilities,liabilitiesc,liabilitiesnc,marketcap,ncf,ncfbus,ncfcommon,ncfdebt,ncfdiv,ncff,ncfi,ncfinv,ncfo,ncfx,netinc,netinccmn,netinccmnusd,netincdis,netincnci,netmargin,opex,opinc,payables,payoutratio,pb,pe,pe1,ppnenet,prefdivis,price,ps,ps1,receivables,retearn,revenue,revenueusd,rnd,roa,roe,roic,ros,sbcomp,sgna,sharefactor,sharesbas,shareswa,shareswadil,sps,tangibles,taxassets,taxexp,taxliabilities,tbvps,workingcapital
TFSL,MRY,2011-12-31,2011-09-30,2011-09-30,2018-05-08,-16277000,10892948000,10930055250,,,0.016,5.899,-2616000,294846000,294846000,0,9340000,,5.141,198091000,,,198091000,0,19404000,8715910000,0.0,0.0,12075000,31479000,0.175,31479000,12075000,12075000,0.03,0.03,0.03,1773924000,1760217250,1773924000,2444011622,202,77.639,132952000,0.443,1.0,180130000,1.0,0,0,10796193000,10841362250,0,10194989000,,,9119024000,,,2507634622,-448894000,0,0,91532000,0,-192065000,-392397000,-404294000,135568000,0,9340000,9340000,9340000,0,0,0.052,168055000,12075000,0,0.0,1.414,268.483,271.0,78642000,0,8.13,13.921,13.556,0,461836000,180130000,180130000,0,0.001,0.005,0.001,0.067,9908000,103833000,1.0,308442143,300358096,300969844,0.6,10892948000,0,2735000,0,36.222,
TFSL,MRY,2012-12-31,2012-09-30,2012-09-30,2018-05-08,-5916000,11518125000,11339504000,,,0.016,5.994,-7332000,308262000,308262000,0,11479000,,5.375,556055000,,,556055000,0,22767000,8981419000,0.0,0.0,13612000,36379000,0.197,36379000,13612000,13612000,0.04,0.04,0.04,1806850000,1802013250,1806850000,3086334249,226,84.838,148294000,0.492,1.0,184670000,1.0,0,0,11765918000,11523556500,0,10806567000,,,9711275000,,,2802139249,13416000,0,0,360964000,0,599153000,-741363000,-756770000,155626000,0,11479000,11479000,11479000,0,0,0.062,171058000,13612000,0,0.0,1.551,244.11,226.75,80797000,0,9.07,15.174,14.795,0,473247000,184670000,184670000,0,0.001,0.006,0.001,0.074,11115000,110401000,1.0,308945893,301226639,301770338,0.613,11518125000,0,2133000,0,38.211,
TFSL,MRY,2013-12-31,2013-09-30,2013-09-30,2018-05-08,-8604000,11269346000,11226818750,,,0.023,6.195,-2819000,285996000,285996000,0,55959000,,5.022,816505000,,,816505000,0,21315000,8464499000,0.0,0.0,82361000,103676000,0.399,103676000,82361000,82361000,0.18,0.18,0.18,1871477000,1844709000,1871477000,3926298184,47,37.871,137991000,0.457,1.0,260021000,1.0,0,0,11799855000,11489447000,0,10601241000,,,9397869000,,,3700688184,-22266000,0,0,270792000,0,-308264000,145188000,122306000,140810000,0,55959000,55959000,55959000,0,0,0.215,177660000,82361000,0,0.0,1.977,66.132,66.5,81183000,0,11.97,14.232,13.895,0,529021000,260021000,260021000,0,0.005,0.03,0.007,0.317,11356000,120463000,1.0,309163591,301832758,302746766,0.861,11269346000,0,26402000,0,37.305,
TFSL,MRY,2014-12-31,2014-09-30,2014-09-30,2018-05-08,-10792000,11803195000,11608775250,,,0.024,6.208,-2816000,181403000,181403000,0,65891000,,5.417,1214905000,,,1214905000,0,13285000,8653878000,0.005,0.07,98857000,112142000,0.409,112142000,98857000,98857000,0.22,0.22,0.22,1839457000,1862722250,1839457000,5148479906,52,45.91,100692000,0.337,1.0,274333000,1.0,0,0,12836697000,12469581750,0,11244928000,,,9963738000,,,4344308906,-104593000,0,-101363000,449448000,-4886000,460546000,-668647000,-691594000,103508000,0,65891000,65891000,65891000,0,0,0.24,175476000,98857000,0,0.318,2.362,65.932,65.091,78211000,0,14.32,15.836,15.606,0,589678000,274333000,274333000,0,0.006,0.035,0.008,0.36,12157000,125283000,1.0,303373527,298974062,300556767,0.918,11803195000,0,32966000,0,39.833,
TFSL,MRY,2015-12-31,2015-09-30,2015-09-30,2018-05-08,-13065000,12368886000,12207482250,,,0.024,6.047,-5522000,155369000,155369000,0,72591000,,6.152,2254919000,,,2254919000,0,17453000,8285858000,0.018,0.31,109395000,126848000,0.427,126848000,109395000,109395000,0.25,0.25,0.25,1729370000,1773441000,1729370000,6767319563,61,53.35,96580000,0.333,1.0,297387000,1.0,0,0,14468436000,13867552000,0,11842222000,,,10639516000,,,5048269563,-26034000,0,-176657000,1055150000,-19490000,472252000,-600388000,-620784000,102102000,0,72591000,72591000,72591000,0,0,0.244,187992000,109395000,0,1.24,2.919,69.544,69.0,74679000,0,17.25,16.975,16.818,0,641791000,297387000,297387000,0,0.006,0.041,0.008,0.368,13980000,137590000,1.0,292653308,289935861,292210417,1.026,12368886000,0,36804000,0,43.25,
TFSL,MRY,2016-12-31,2016-09-30,2016-09-30,2018-05-08,-19626000,12906062000,12596904000,,,0.024,5.945,-9125000,231239000,231239000,0,80553000,,6.773,2811108000,,,2811108000,0,19369000,8331368000,0.024,0.425,122363000,141732000,0.467,141732000,122363000,122363000,0.28,0.28,0.28,1660458000,1683077000,1660458000,7371559096,60,52.011,75789000,0.269,1.0,303367000,1.0,0,0,15485931000,14886060250,0,12301209000,,,11245604000,,,5081831096,75870000,0,-136058000,742538000,-23414000,445333000,-454377000,-468236000,84914000,0,80553000,80553000,80553000,0,0,0.266,181004000,122363000,0,1.518,3.06,63.087,63.607,67806000,0,17.81,16.751,16.53,0,698930000,303367000,303367000,0,0.006,0.048,0.008,0.403,13436000,137099000,1.0,285335828,281566648,283785713,1.077,12906062000,0,41810000,0,46.211,
TFSL,MRY,2017-12-31,2017-09-30,2017-09-30,2018-05-08,-7492000,13692563000,13453552250,,,0.023,6.121,-4150000,268218000,268218000,0,88877000,,7.102,3771823000,,,3771823000,0,20885000,8151625000,0.034,0.545,133341000,154226000,0.488,154226000,133341000,133341000,0.32,0.32,0.32,1689959000,1677826500,1689959000,7873458963,59,51.051,104543000,0.377,1.0,315745000,1.0,0,0,17196168000,16667833000,0,13047126000,,,12002604000,,,4539721963,36979000,0,-56533000,1168815000,-27709000,683095000,-754809000,-760212000,108693000,0,88877000,88877000,88877000,0,0,0.281,182404000,133341000,0,1.703,2.686,51.079,50.406,66396000,0,16.13,14.378,14.162,0,760070000,315745000,315745000,0,0.007,0.053,0.008,0.422,11252000,139926000,1.0,281445875,277213258,279268768,1.139,13692563000,0,44464000,0,49.596,
