ticker,dimension,calendardate,datekey,reportperiod,lastupdated,accoci,assets,assetsavg,assetsc,assetsnc,assetturnover,bvps,capex,cashneq,cashnequsd,cor,consolinc,currentratio,de,debt,debtc,debtnc,debtusd,deferredrev,depamor,deposits,divyield,dps,ebit,ebitda,ebitdamargin,ebitdausd,ebitusd,ebt,eps,epsdil,epsusd,equity,equityavg,equityusd,ev,evebit,evebitda,fcf,fcfps,fxusd,gp,grossmargin,intangibles,intexp,invcap,invcapavg,inventory,investments,investmentsc,investmentsnc,liabilities,liabilitiesc,liabilitiesnc,marketcap,ncf,ncfbus,ncfcommon,ncfdebt,ncfdiv,ncff,ncfi,ncfinv,ncfo,ncfx,netinc,netinccmn,netinccmnusd,netincdis,netincnci,netmargin,opex,opinc,payables,payoutratio,pb,pe,pe1,ppnenet,prefdivis,price,ps,ps1,receivables,retearn,revenue,revenueusd,rnd,roa,roe,roic,ros,sbcomp,sgna,sharefactor,sharesbas,shareswa,shareswadil,sps,tangibles,taxassets,taxexp,taxliabilities,tbvps,workingcapital
THC,MRY,2011-12-31,2011-12-31,2011-12-31,2018-04-30,-52000000,8462000000,8428500000,2357000000,6105000000,1.027,13.162,-475000000,113000000,113000000,0,94000000,1.299,4.887,4360000000,66000000,4294000000,4360000000,0,398000000,0,0.0,0.0,519000000,917000000,0.106,917000000,519000000,144000000,0.49,0.48,0.49,1423000000,1693750000,1423000000,6138210385,11,6.694,22000000,0.188,1.0,8654000000,1.0,1225000000,375000000,9669000000,9497500000,161000000,156000000,0,156000000,6954000000,1815000000,5139000000,2228210385,-292000000,-84000000,-371000000,137000000,0,-286000000,-503000000,59000000,497000000,0,83000000,58000000,58000000,0,11000000,0.007,8001000000,653000000,760000000,0.0,1.566,38.417,41.878,4350000000,24000000,20.52,0.257,0.278,1278000000,-1440000000,8654000000,8654000000,0,0.007,0.034,0.055,0.06,24000000,4015000000,1.0,108587250,117182000,121295000,73.851,7237000000,799000000,61000000,0,66.937,542000000
THC,MRY,2012-12-31,2012-12-31,2012-12-31,2018-04-30,-68000000,9044000000,8636000000,2681000000,6363000000,1.056,10.787,-463000000,364000000,364000000,0,133000000,1.521,6.833,5252000000,94000000,5158000000,5252000000,0,430000000,0,0.0,0.0,657000000,1087000000,0.119,1087000000,657000000,245000000,1.35,1.3,1.35,1143000000,1250750000,1143000000,8125258640,12,7.475,130000000,1.248,1.0,9119000000,1.0,1566000000,412000000,10603000000,10126750000,153000000,162000000,0,162000000,7810000000,1763000000,6047000000,3457258640,251000000,-211000000,-115000000,764000000,0,320000000,-662000000,17000000,593000000,0,120000000,141000000,141000000,0,13000000,0.015,8370000000,749000000,722000000,0.0,3.025,24.52,24.052,4293000000,11000000,32.47,0.379,0.371,1345000000,-1288000000,9119000000,9119000000,0,0.016,0.113,0.065,0.072,32000000,4257000000,1.0,106475474,104200000,108926000,87.514,7478000000,703000000,125000000,0,70.573,918000000
THC,MRY,2013-12-31,2013-12-31,2013-12-31,2018-04-30,-24000000,16450000000,10964500000,3692000000,12758000000,1.011,7.658,-671000000,113000000,113000000,0,-104000000,1.194,20.175,10849000000,153000000,10696000000,10849000000,0,545000000,0,0.0,0.0,275000000,820000000,0.074,820000000,275000000,-199000000,-1.32,-1.32,-1.32,755000000,861000000,755000000,9920428477,36,12.098,-82000000,-0.807,1.0,11087000000,1.0,4671000000,474000000,19422000000,13335250000,260000000,357000000,0,357000000,15232000000,3093000000,12139000000,4179428477,-251000000,-1515000000,-378000000,1625000000,0,1324000000,-2164000000,11000000,589000000,0,-134000000,-134000000,-134000000,0,30000000,-0.012,10439000000,648000000,1085000000,0.0,5.536,-31.19,-31.909,7582000000,0,42.12,0.377,0.386,1890000000,-1422000000,11087000000,11087000000,0,-0.012,-0.156,0.021,0.025,36000000,5371000000,1.0,99226697,101648000,101648000,109.072,11779000000,840000000,-65000000,0,119.481,599000000
THC,MRY,2014-12-31,2014-12-31,2014-12-31,2018-04-30,-182000000,17951000000,17163500000,3970000000,13981000000,0.967,6.621,-927000000,193000000,193000000,0,76000000,1.11,25.753,11617000000,112000000,11505000000,11617000000,0,849000000,0,0.0,0.0,815000000,1664000000,0.1,1664000000,815000000,61000000,0.12,0.12,0.12,651000000,709250000,651000000,16332855301,20,9.815,-240000000,-2.454,1.0,16603000000,1.0,5001000000,754000000,20797000000,20400750000,276000000,384000000,0,384000000,16765000000,3577000000,13188000000,4979855301,80000000,-428000000,26000000,713000000,0,715000000,-1322000000,40000000,687000000,0,12000000,12000000,12000000,0,64000000,0.001,15690000000,913000000,1179000000,0.0,7.65,414.988,422.25,7733000000,0,50.67,0.3,0.298,2404000000,-1410000000,16603000000,16603000000,0,0.001,0.017,0.04,0.049,51000000,8023000000,1.0,98280152,97801000,100287000,169.763,12950000000,865000000,49000000,0,131.701,393000000
THC,MRY,2015-12-31,2015-12-31,2015-12-31,2018-04-30,-164000000,23682000000,22006500000,5171000000,18511000000,0.847,6.967,-293000000,356000000,356000000,0,78000000,1.2,29.606,14510000000,127000000,14383000000,14510000000,0,797000000,0,0.0,0.0,840000000,1637000000,0.088,1637000000,840000000,-72000000,-1.41,-1.41,-1.41,691000000,783750000,691000000,17323977002,20,10.583,733000000,7.392,1.0,18634000000,1.0,8645000000,912000000,24883000000,24062500000,309000000,1175000000,0,1175000000,20458000000,4308000000,16150000000,3019977002,163000000,-940000000,-25000000,809000000,0,454000000,-1317000000,-74000000,1026000000,0,-140000000,-140000000,-140000000,0,218000000,-0.008,17656000000,978000000,1380000000,0.0,4.37,-21.571,-21.489,7915000000,0,30.3,0.162,0.161,2704000000,-1550000000,18634000000,18634000000,0,-0.006,-0.179,0.035,0.045,69000000,8990000000,1.0,99669208,99167000,99167000,187.905,15037000000,783000000,68000000,37000000,151.601,863000000
THC,MRY,2016-12-31,2016-12-31,2016-12-31,2018-04-30,-258000000,24701000000,24295250000,5257000000,19444000000,0.808,4.184,-302000000,716000000,716000000,0,176000000,1.303,50.902,15255000000,191000000,15064000000,15255000000,0,850000000,0,0.0,0.0,854000000,1704000000,0.087,1704000000,854000000,-125000000,-1.93,-1.93,-1.93,417000000,523250000,417000000,15336593402,17,9.0,256000000,2.578,1.0,19621000000,1.0,9270000000,979000000,25936000000,24868750000,326000000,1250000000,0,1250000000,21226000000,4034000000,17192000000,1478593402,360000000,-117000000,4000000,594000000,0,232000000,-430000000,23000000,558000000,0,-192000000,-192000000,-192000000,0,368000000,-0.01,18505000000,1116000000,1329000000,0.0,3.546,-7.701,-7.689,8053000000,0,14.84,0.075,0.075,2897000000,-1742000000,19621000000,19621000000,0,-0.008,-0.367,0.034,0.044,68000000,9328000000,1.0,99635674,99321000,99321000,197.551,15431000000,875000000,67000000,279000000,154.846,1223000000
THC,MRY,2017-12-31,2017-12-31,2017-12-31,2018-04-30,-204000000,23385000000,23861000000,5573000000,17812000000,0.804,-1.456,120000000,611000000,611000000,0,-320000000,1.286,-142.721,14937000000,146000000,14791000000,14937000000,0,870000000,0,0.0,0.0,543000000,1413000000,0.074,1413000000,543000000,-485000000,-7.0,-7.0,-7.0,-147000000,170000000,-147000000,15982202934,29,11.311,1320000000,13.122,1.0,19179000000,1.0,8784000000,1028000000,24595000000,25287000000,289000000,1543000000,0,1543000000,20980000000,4332000000,16648000000,1530202934,-105000000,-50000000,7000000,-406000000,0,-1326000000,21000000,-32000000,1200000000,0,-704000000,-704000000,-704000000,0,384000000,-0.037,18210000000,969000000,1175000000,0.0,-10.41,-2.174,-2.166,7030000000,0,15.16,0.08,0.08,2616000000,-2390000000,19179000000,19179000000,0,-0.03,-4.141,0.021,0.028,59000000,9274000000,1.0,100936869,100592000,100592000,190.661,14601000000,460000000,219000000,36000000,144.646,1241000000
