ticker,dimension,calendardate,datekey,reportperiod,lastupdated,accoci,assets,assetsavg,assetsc,assetsnc,assetturnover,bvps,capex,cashneq,cashnequsd,cor,consolinc,currentratio,de,debt,debtc,debtnc,debtusd,deferredrev,depamor,deposits,divyield,dps,ebit,ebitda,ebitdamargin,ebitdausd,ebitusd,ebt,eps,epsdil,epsusd,equity,equityavg,equityusd,ev,evebit,evebitda,fcf,fcfps,fxusd,gp,grossmargin,intangibles,intexp,invcap,invcapavg,inventory,investments,investmentsc,investmentsnc,liabilities,liabilitiesc,liabilitiesnc,marketcap,ncf,ncfbus,ncfcommon,ncfdebt,ncfdiv,ncff,ncfi,ncfinv,ncfo,ncfx,netinc,netinccmn,netinccmnusd,netincdis,netincnci,netmargin,opex,opinc,payables,payoutratio,pb,pe,pe1,ppnenet,prefdivis,price,ps,ps1,receivables,retearn,revenue,revenueusd,rnd,roa,roe,roic,ros,sbcomp,sgna,sharefactor,sharesbas,shareswa,shareswadil,sps,tangibles,taxassets,taxexp,taxliabilities,tbvps,workingcapital
TITN,MRY,2011-12-31,2012-01-31,2012-01-31,2018-04-06,-70000,1088072000,942150000,921025000,167047000,1.761,16.31,-18080000,79842000,79842000,1383531000,44145000,1.392,2.232,62160000,4755000,57405000,62160000,0,15263000,49540000,0.0,0.0,83259000,98522000,0.059,98522000,83259000,73589000,2.21,2.18,2.21,336337000,294977750,336337000,477805219,5,4.85,-200265000,-10.11,1.0,275461000,0.166,35197000,9670000,373311000,286918250,750839000,0,0,0,750733000,661882000,88851000,514226219,3730000,-48448000,74898000,175883000,0,252573000,-66627000,0,-182185000,-31000,44160000,44160000,44160000,0,-15000,0.027,193860000,81601000,580852000,0.0,1.529,11.645,11.195,126282000,0,24.74,0.31,0.295,82518000,118251000,1658992000,1658992000,0,0.047,0.15,0.29,0.05,1368000,193860000,1.0,20785215,19809000,20110000,83.749,1052875000,8510000,29429000,28592000,51.056,259143000
TITN,MRY,2012-12-31,2013-01-31,2013-01-31,2018-04-06,-735000,1444074000,1384443250,1192400000,251674000,1.588,19.036,-31410000,124360000,124360000,1859059000,42559000,1.481,2.633,192826000,10568000,182258000,192826000,0,23464000,46775000,0.0,0.0,93372000,116836000,0.053,116836000,93372000,70610000,2.02,2.0,2.02,396510000,375749750,396510000,697161956,7,5.967,-146735000,-7.059,1.0,339361000,0.154,44992000,22762000,662613000,624809750,932723000,0,0,0,1044155000,804935000,239220000,608474956,44518000,-31877000,0,222122000,0,224227000,-64112000,-834000,-115325000,-272000,42473000,42030000,42030000,0,86000,0.019,247557000,91804000,717692000,0.0,1.535,14.477,14.312,194641000,443000,28.91,0.277,0.273,121786000,160724000,2198420000,2198420000,0,0.03,0.112,0.149,0.042,1630000,247557000,1.0,21047214,20787000,20987000,105.759,1399082000,8860000,28137000,47721000,67.17,387465000
TITN,MRY,2013-12-31,2014-01-31,2014-01-31,2018-04-06,339000,1564648000,1611716250,1287383000,277265000,1.381,19.522,-2298000,74242000,74242000,1878372000,8104000,1.471,2.821,226617000,2192000,224425000,226617000,0,30794000,61286000,0.0,0.0,49731000,80525000,0.036,80525000,49731000,19176000,0.42,0.41,0.42,408771000,403410500,408771000,456864133,9,5.674,-84541000,-4.046,1.0,348074000,0.156,36501000,30555000,805485000,743014500,1081076000,0,0,0,1153306000,875037000,278269000,346589133,-50118000,-4848000,0,40296000,0,39803000,-7077000,127000,-82243000,-601000,8851000,8722000,8722000,0,-747000,0.004,301199000,46875000,774247000,0.0,0.848,39.737,38.81,228000000,129000,16.3,0.156,0.153,97894000,169575000,2226446000,2226446000,0,0.005,0.022,0.067,0.022,2131000,291202000,1.0,21263137,20894000,21040000,106.559,1528147000,14529000,10325000,47673000,72.981,412346000
TITN,MRY,2014-12-31,2015-01-31,2015-01-31,2018-04-06,-1099000,1325614000,1529996000,1109462000,216152000,1.242,17.907,-209000,127528000,127528000,1591862000,-33417000,1.525,2.516,204201000,7749000,196452000,204201000,0,31768000,35090000,0.0,0.0,-2289000,29479000,0.016,29479000,-2289000,-37080000,-1.51,-1.51,-1.51,376499000,396124250,376499000,461954951,-201,15.671,40849000,1.946,1.0,308384000,0.162,5458000,34791000,669309000,752454500,879440000,0,0,0,947255000,727520000,219735000,302541951,53286000,-584000,0,12805000,0,9004000,4403000,4925000,41058000,-1179000,-32157000,-31598000,-31598000,0,-1260000,-0.017,307661000,723000,642821000,0.0,0.804,-9.575,-9.358,208680000,-559000,14.13,0.159,0.156,76382000,137418000,1900246000,1900246000,0,-0.021,-0.08,-0.003,-0.001,2135000,273271000,1.0,21411320,20989000,20989000,90.535,1320156000,166000,-4923000,23500000,62.79,381942000
TITN,MRY,2015-12-31,2016-01-31,2016-01-31,2018-04-06,-4461000,1047875000,1204948250,858245000,189630000,1.135,15.949,-634000,89465000,89465000,1161921000,-38229000,1.64,2.102,174111000,1557000,172554000,174111000,0,28538000,31159000,0.0,0.0,-23251000,5287000,0.004,5287000,-23251000,-55874000,-1.76,-1.76,-1.76,337556000,361313000,337556000,269896238,-11,51.049,231250000,10.954,1.0,205914000,0.151,5134000,32623000,603962000,654153500,680482000,0,0,0,709526000,523425000,186101000,183165238,-38063000,0,0,-269278000,0,-268956000,-126000,0,231884000,-865000,-37892000,-37175000,-37175000,0,-337000,-0.027,229024000,-23110000,461643000,0.0,0.543,-4.927,-4.824,183179000,-717000,8.49,0.134,0.131,65534000,99526000,1367835000,1367835000,0,-0.031,-0.103,-0.036,-0.017,2103000,220524000,1.0,21574233,21111000,21111000,64.793,1042741000,13011000,-17982000,11135000,49.267,334820000
TITN,MRY,2016-12-31,2017-01-31,2017-01-31,2018-04-06,-4783000,771422000,920642000,607868000,163554000,1.318,14.903,-10037000,53151000,53151000,999351000,-14535000,1.968,1.402,128110000,1373000,126737000,128110000,0,26868000,26366000,0.0,0.0,-492000,26376000,0.022,26376000,-492000,-22357000,-0.65,-0.65,-0.65,321179000,329828250,321179000,377538657,-767,14.314,130960000,6.15,1.0,213729000,0.176,5001000,21865000,532554000,549098000,478266000,0,0,0,450243000,308826000,141417000,301324657,-36314000,0,0,-165795000,0,-167976000,-9125000,0,140997000,-210000,-14179000,-13936000,-13936000,0,-356000,-0.011,216101000,-2372000,250554000,0.0,0.938,-21.622,-21.246,156647000,-243000,13.81,0.248,0.242,60082000,85347000,1213080000,1213080000,0,-0.015,-0.042,-0.001,0.0,2145000,211372000,1.0,21819309,21294000,21294000,56.968,766421000,5927000,-8178000,9500000,35.561,299042000
TITN,MRY,2017-12-31,2018-01-31,2018-01-31,2018-04-06,-1700000,760308000,795986750,599146000,161162000,1.511,14.857,-21085000,53396000,53396000,987638000,-7049000,1.825,1.362,98971000,1574000,97397000,98971000,0,25105000,32324000,0.0,0.0,2560000,27665000,0.023,27665000,2560000,-14439000,-0.32,-0.32,-0.32,321855000,318257750,321855000,530871115,207,19.189,74727000,3.469,1.0,215300000,0.179,5193000,16999000,472401000,495744000,472467000,0,0,0,438453000,328289000,110164000,475034115,245000,-3652000,0,-71531000,0,-71466000,-24589000,0,95812000,488000,-7049000,-6908000,-6908000,0,0,-0.006,214375000,925000,262528000,0.0,1.476,-68.766,-67.188,151047000,-141000,21.5,0.395,0.385,60672000,77046000,1202938000,1202938000,0,-0.009,-0.022,0.005,0.002,3441000,203203000,1.0,22094610,21543000,21543000,55.839,755115000,3643000,-7390000,2275000,34.857,270857000
