ticker,dimension,calendardate,datekey,reportperiod,lastupdated,accoci,assets,assetsavg,assetsc,assetsnc,assetturnover,bvps,capex,cashneq,cashnequsd,cor,consolinc,currentratio,de,debt,debtc,debtnc,debtusd,deferredrev,depamor,deposits,divyield,dps,ebit,ebitda,ebitdamargin,ebitdausd,ebitusd,ebt,eps,epsdil,epsusd,equity,equityavg,equityusd,ev,evebit,evebitda,fcf,fcfps,fxusd,gp,grossmargin,intangibles,intexp,invcap,invcapavg,inventory,investments,investmentsc,investmentsnc,liabilities,liabilitiesc,liabilitiesnc,marketcap,ncf,ncfbus,ncfcommon,ncfdebt,ncfdiv,ncff,ncfi,ncfinv,ncfo,ncfx,netinc,netinccmn,netinccmnusd,netincdis,netincnci,netmargin,opex,opinc,payables,payoutratio,pb,pe,pe1,ppnenet,prefdivis,price,ps,ps1,receivables,retearn,revenue,revenueusd,rnd,roa,roe,roic,ros,sbcomp,sgna,sharefactor,sharesbas,shareswa,shareswadil,sps,tangibles,taxassets,taxexp,taxliabilities,tbvps,workingcapital
TJX,MRY,2011-12-31,2012-01-28,2012-01-28,2018-04-04,-192575000,8281605000,8223545250,5132632000,3148973000,2.82,4.276,-803330000,1507112000,1507112000,16854249000,1496090000,1.675,1.581,787593000,2970000,784623000,787593000,0,485701000,0,0.011,0.36,2447062000,2932763000,0.126,2932763000,2447062000,2411414000,1.97,1.93,1.97,3209290000,3155250250,3209290000,25239278884,10,8.606,1112704000,1.462,1.0,6337206000,0.273,179935000,35648000,4318728000,4443386000,2950523000,94691000,94691000,0,5072315000,3063423000,2008892000,25407929884,-234639000,0,-1101813000,-2727000,-275016000,-1335712000,-811041000,-19363000,1916034000,-3920000,1496090000,1496090000,1496090000,0,0,0.065,3890144000,2447062000,1645324000,0.183,7.917,16.983,17.099,2715125000,0,33.685,1.096,1.105,204304000,2655163000,23191455000,23191455000,0,0.182,0.474,0.551,0.106,18032000,3890144000,1.0,754280240,761109000,773772000,30.471,8101670000,105869000,915324000,412925000,10.795,2069209000
TJX,MRY,2012-12-31,2013-02-02,2013-02-02,2018-04-04,-213392000,9511855000,8955916000,5711543000,3800312000,2.89,4.997,-978228000,1811957000,1811957000,18521400000,1906687000,1.519,1.595,774552000,0,774552000,774552000,0,508929000,0,0.01,0.44,3106526000,3615455000,0.14,3615455000,3106526000,3077351000,2.6,2.55,2.6,3665937000,3463539750,3665937000,32167765536,10,8.897,2077492000,2.832,1.0,7356972000,0.284,316269000,29175000,4397585000,4428732500,3014214000,235853000,235853000,0,5845918000,3760596000,2085322000,33035147536,304845000,-190374000,-1211311000,-1456000,-323922000,-1475587000,-1286954000,-152842000,3055720000,11666000,1906687000,1906687000,1906687000,0,0,0.074,4250446000,3106526000,1930568000,0.169,9.011,17.326,17.423,3223242000,0,45.3,1.277,1.284,222788000,3155427000,25878372000,25878372000,0,0.213,0.551,0.701,0.12,1944000,4250446000,1.0,729252705,733588000,747555000,35.276,9195586000,96219000,1170664000,513298000,12.535,1950947000
TJX,MRY,2013-12-31,2014-02-01,2014-02-01,2018-04-04,-199532000,10201022000,10159167000,6067998000,4133024000,2.699,5.929,-946678000,2149746000,2149746000,19605037000,2137396000,1.725,1.412,1274216000,0,1274216000,1274216000,0,548823000,0,0.01,0.55,3350570000,3899393000,0.142,3899393000,3350570000,3319489000,3.0,2.94,3.0,4229893000,3991617000,4229893000,40057799634,11,10.273,1653788000,2.318,1.0,7817659000,0.285,312687000,31081000,5494962000,5491981500,2966490000,294702000,294702000,0,5971129000,3517843000,2453286000,40794365634,337789000,2653000,-1324601000,499555000,-393755000,-1143803000,-1045768000,-101743000,2600466000,-73106000,2137396000,2137396000,2137396000,0,0,0.078,4467089000,3350570000,1771294000,0.183,9.644,19.086,19.12,3594501000,0,57.36,1.488,1.492,210094000,3724408000,27422696000,27422696000,0,0.21,0.535,0.61,0.122,-6466000,4467089000,1.0,711198843,713470000,726376000,38.436,9888335000,133147000,1182093000,510786000,13.859,2550155000
TJX,MRY,2014-12-31,2015-01-31,2015-01-31,2018-04-04,-554385000,10988750000,10983183250,6577444000,4411306000,2.648,6.222,-911522000,2493775000,2493775000,20776522000,2215128000,1.674,1.577,1623864000,0,1623864000,1623864000,0,588975000,0,0.01,0.67,3589671000,4178646000,0.144,4178646000,3589671000,3549884000,3.2,3.15,3.2,4264230000,4299046000,4264230000,44896280485,12,10.744,2096847000,3.027,1.0,8301885000,0.285,309870000,39787000,5879335000,6023718000,3217923000,282623000,282623000,0,6724520000,3929634000,2794886000,45426088485,344029000,0,-1507699000,333118000,-465902000,-1559542000,-954637000,-43115000,3008369000,-150161000,2215128000,2215128000,2215128000,0,0,0.076,4695384000,3606501000,2007511000,0.209,10.653,20.507,20.606,3868365000,0,65.94,1.562,1.571,213824000,4133882000,29078407000,29078407000,0,0.202,0.515,0.596,0.123,-7049000,4695384000,1.0,688900341,692691000,703545000,41.979,10678880000,35007000,1334756000,408886000,15.582,2647810000
TJX,MRY,2015-12-31,2016-01-30,2016-01-30,2018-04-04,-667472000,11490431000,11439079000,6772560000,4717871000,2.705,6.474,-889380000,2095473000,2095473000,22034523000,2277658000,1.538,1.668,1615003000,0,1615003000,1615003000,0,616696000,0,0.011,0.805,3704700000,4321396000,0.14,4321396000,3704700000,3658300000,3.38,3.33,3.38,4307075000,4305973250,4307075000,47597926150,12,11.014,2067535000,3.07,1.0,8910415000,0.288,193911000,46400000,6413820000,6410104000,3695113000,352313000,352313000,0,7183356000,4402230000,2781126000,47697255150,-398302000,-57104000,-1696264000,0,-544271000,-2195427000,-1063115000,-116631000,2956915000,-96675000,2277658000,2277658000,2277658000,0,0,0.074,5205715000,3704700000,2203050000,0.238,11.074,20.941,21.077,4137575000,0,71.24,1.541,1.55,238072000,4311051000,30944938000,30944938000,0,0.199,0.529,0.578,0.12,29427000,5205715000,1.0,669529129,673484000,683251000,45.948,11296520000,13831000,1380642000,414623000,16.98,2370330000
TJX,MRY,2016-12-31,2017-01-28,2017-01-28,2018-04-04,-694226000,12883808000,12281504750,7750774000,5133034000,2.702,6.88,-1024747000,2929849000,2929849000,23565754000,2298234000,1.629,1.856,2227599000,0,2227599000,2227599000,0,658796000,0,0.013,0.99,3766577000,4425373000,0.133,4425373000,3766577000,3723043000,3.51,3.46,3.51,4510599000,4456683750,4510599000,48261529878,12,10.906,2602112000,3.969,1.0,9617990000,0.29,195871000,43534000,7228031000,7177806750,3644959000,543242000,543242000,0,8373209000,4757656000,3615553000,48410148878,834376000,-2324000,-1535808000,566956000,-650988000,-1586877000,-1214878000,-187807000,3626859000,9272000,2298234000,2298234000,2298234000,0,0,0.069,5799640000,3818350000,2230904000,0.282,10.733,21.064,21.157,4532894000,0,74.26,1.459,1.467,258831000,4558506000,33183744000,33183744000,0,0.187,0.516,0.525,0.114,31252000,5768467000,1.0,651900739,655647000,664432000,50.612,12687937000,6193000,1424809000,520288000,19.352,2993118000
TJX,MRY,2017-12-31,2018-02-03,2018-02-03,2018-04-04,-441859000,14058015000,13408701500,8485727000,5572288000,2.675,8.084,-1057617000,2758477000,2758477000,25502167000,2607948000,1.656,1.731,2230607000,0,2230607000,2230607000,0,725957000,0,0.015,1.199,3888176000,4614133000,0.129,4614133000,3888176000,3856588000,4.1,4.04,4.1,5148309000,4722061000,5148309000,49482388567,12,10.724,1968007000,3.09,1.0,10362497000,0.289,100069000,31588000,8304539000,7941554250,4187243000,506165000,506165000,0,8909706000,5125537000,3784169000,49616777567,-171372000,0,-1510894000,-3138000,-764040000,-2297346000,-1012736000,44881000,3025624000,113086000,2607948000,2607948000,2607948000,0,0,0.073,6474321000,3888176000,2488373000,0.292,9.637,19.025,19.139,5006053000,0,78.47,1.383,1.393,327166000,4962159000,35864664000,35864664000,0,0.194,0.552,0.49,0.108,101362000,6375071000,1.0,632302505,636827000,646105000,56.318,13957946000,6558000,1248640000,347260000,21.918,3360190000
