ticker,dimension,calendardate,datekey,reportperiod,lastupdated,accoci,assets,assetsavg,assetsc,assetsnc,assetturnover,bvps,capex,cashneq,cashnequsd,cor,consolinc,currentratio,de,debt,debtc,debtnc,debtusd,deferredrev,depamor,deposits,divyield,dps,ebit,ebitda,ebitdamargin,ebitdausd,ebitusd,ebt,eps,epsdil,epsusd,equity,equityavg,equityusd,ev,evebit,evebitda,fcf,fcfps,fxusd,gp,grossmargin,intangibles,intexp,invcap,invcapavg,inventory,investments,investmentsc,investmentsnc,liabilities,liabilitiesc,liabilitiesnc,marketcap,ncf,ncfbus,ncfcommon,ncfdebt,ncfdiv,ncff,ncfi,ncfinv,ncfo,ncfx,netinc,netinccmn,netinccmnusd,netincdis,netincnci,netmargin,opex,opinc,payables,payoutratio,pb,pe,pe1,ppnenet,prefdivis,price,ps,ps1,receivables,retearn,revenue,revenueusd,rnd,roa,roe,roic,ros,sbcomp,sgna,sharefactor,sharesbas,shareswa,shareswadil,sps,tangibles,taxassets,taxexp,taxliabilities,tbvps,workingcapital
TM,MRY,2011-12-31,2011-03-31,2011-03-31,2017-10-23,-1144721000000,29818166000000,30083726500000,11829755000000,17988411000000,0.631,3294.766,-1153154000000,2284583000000,27561485516,16615326000000,465485000000,1.096,1.829,12401056000000,5951836000000,6449220000000,149607838860,0,1175573000000,0,0.014,1.14,750322000000,1925895000000,0.101,23234230119,9051975321,721004000000,260.34,260.32,3.141,10332371000000,10346047000000,124650972918,240603631709,26,10.356,870855000000,277.696,82.89,2378362000000,0.125,0,29318000000,29143649000000,29530829000000,1304242000000,6623953000000,1225435000000,5398518000000,18898142000000,10790990000000,8107152000000,125831833882,214963000000,-299000000,-28617000000,604064000000,-141120000000,434327000000,-2116344000000,7475894000000,2024009000000,-127029000000,408183000000,408183000000,4924369060,0,57302000000,0.021,1910083000000,468279000000,2082398000000,0.363,1.009,25.553,25.551,6309160000000,0,80.25,0.549,1.098,11511061000000,11835665000000,18993688000000,229142148352,0,0.014,0.039,0.025,0.04,0,1910083000000,0.5,3135995860,3135995860,,73.068,29818166000000,605884000000,312821000000,922928000000,9508.356,1038765000000
TM,MRY,2012-12-31,2012-03-31,2012-03-31,2017-10-23,-1178833000000,30650965000000,30234565500000,12321189000000,18329776000000,0.615,3364.565,-1064136000000,1759501000000,21208112735,16388564000000,368302000000,1.046,1.856,12005546000000,5963269000000,6042277000000,144708626491,0,1067830000000,0,0.013,1.17,568753000000,1636583000000,0.088,19726522897,6855453758,545831000000,180.42,180.4,2.175,10550261000000,10441316000000,127167375681,262067957571,38,13.285,388299000000,123.832,82.964,2195089000000,0.118,0,22922000000,29115436000000,29129542500000,1622282000000,7155629000000,1181070000000,5974559000000,19584487000000,11781574000000,7802913000000,136120680003,-401509000000,-147000000,-92000000,-161114000000,-156785000000,-355347000000,-1442658000000,7954873000000,1452435000000,-55939000000,283559000000,283559000000,3417873157,0,84743000000,0.015,1839462000000,355627000000,2871676000000,0.538,1.07,39.826,39.923,6235380000000,0,86.82,0.608,1.215,12182257000000,11917074000000,18583653000000,223997717456,0,0.009,0.027,0.02,0.031,0,1839462000000,0.5,3135698687,3135698687,,71.435,30650965000000,718687000000,262272000000,1042661000000,9774.844,539615000000
TM,MRY,2013-12-31,2013-03-31,2013-03-31,2017-10-23,-356123000000,35483317000000,33067141000000,13784890000000,21698427000000,0.667,3836.048,-1401520000000,1824997000000,19373741348,18640995000000,1083482000000,1.068,1.869,14131780000000,6793956000000,7337824000000,150019671545,0,1105109000000,0,0.019,1.94,1536816000000,2641925000000,0.12,28046057945,16314479247,1513849000000,607.64,607.56,6.451,12148035000000,11349148000000,128960698555,291172633562,17,10.382,1049796000000,331.5,94.2,3423197000000,0.155,0,22967000000,34877580000000,31996508000000,1715786000000,8725528000000,1445663000000,7279865000000,22710461000000,12912520000000,9797941000000,162520676524,39097000000,16216000000,2542000000,710348000000,-190008000000,477242000000,-3027312000000,8362920000000,2451316000000,137851000000,962163000000,962163000000,10214097391,0,121319000000,0.044,2102309000000,1320888000000,2834843000000,0.301,1.26,15.911,15.912,6851239000000,0,102.64,0.694,1.388,14519519000000,12689206000000,22064192000000,234228302221,0,0.029,0.085,0.048,0.07,0,2102309000000,0.5,3166809753,3166809753,,73.963,35483317000000,749398000000,551686000000,1542193000000,11204.752,872370000000
TM,MRY,2014-12-31,2014-03-31,2014-03-31,2017-10-23,528161000000,41437473000000,38460395000000,15717706000000,25719767000000,0.668,4568.105,-1895161000000,2221377000000,21591041399,20801139000000,1991648000000,1.071,1.812,16327393000000,7780483000000,8546910000000,158696798524,0,1250853000000,0,0.026,2.94,2610557000000,3861410000000,0.15,37531613576,25373740821,2590927000000,1150.6,1149.84,11.183,14469148000000,13308591500000,140635278698,304208526316,11,8.105,1750874000000,552.775,102.884,4890772000000,0.19,0,19630000000,40862804000000,37870192000000,1894704000000,11241698000000,2046877000000,9194821000000,26218486000000,14680685000000,11537801000000,178801348309,322873000000,0,9212000000,1369363000000,-396030000000,919480000000,-4336248000000,9511977000000,3646035000000,93606000000,1823119000000,1823119000000,17720106855,0,168529000000,0.071,2598660000000,2292112000000,3058644000000,0.263,1.271,10.09,10.095,7641298000000,0,112.9,0.716,1.432,16163608000000,14116295000000,25691911000000,249716781097,0,0.047,0.137,0.069,0.102,0,2598660000000,0.5,3167428668,3167428668,,78.839,41437473000000,866386000000,767808000000,2406675000000,13082.37,1037021000000
TM,MRY,2015-12-31,2015-03-31,2015-03-31,2017-10-23,1477545000000,47729830000000,44583651500000,17936397000000,29793433000000,0.611,5296.331,-2512598000000,2433878000000,20297489039,21841676000000,2307904000000,1.092,1.792,18977887000000,8963492000000,10014395000000,158267363187,0,1409075000000,0,0.021,2.92,3089678000000,4498753000000,0.165,37517652778,25766577183,3066807000000,1376.04,1375.32,11.476,16788131000000,15628639500000,140005745962,360083733136,13,9.598,1173155000000,370.108,119.91,5392845000000,0.198,0,22871000000,47842343000000,44352573500000,2137618000000,13105685000000,2782099000000,10323586000000,30082501000000,16431496000000,13651005000000,221709284199,243387000000,0,-347784000000,1278057000000,-554933000000,306045000000,-3813490000000,11825704000000,3685753000000,65079000000,2173338000000,2173338000000,18124698211,0,134566000000,0.08,2642281000000,2750564000000,3323601000000,0.254,1.584,12.232,12.19,9295719000000,0,139.89,0.976,1.952,18046967000000,15591947000000,27234521000000,227124116944,0,0.049,0.139,0.07,0.113,0,2642281000000,0.5,3169766019,3169766019,,71.653,47729830000000,978179000000,893469000000,2647255000000,15057.84,1504901000000
TM,MRY,2016-12-31,2016-03-31,2016-03-31,2017-10-23,610768000000,47427597000000,47578713500000,18209553000000,29218044000000,0.597,5321.871,-2905342000000,3971462000000,35365920652,22605465000000,2434211000000,1.129,1.752,18293153000000,8521088000000,9772065000000,162900764877,0,1625837000000,0,0.03,3.23,3226366000000,4852203000000,0.171,43208930687,28730831102,3190963000000,1482.72,1470.72,13.204,16746935000000,16767533000000,149131673520,300982756466,10,6.966,1555515000000,494.314,112.296,5797653000000,0.204,0,35403000000,45624832000000,46733587500000,2061511000000,11582800000000,1511389000000,10071411000000,29339411000000,16124456000000,13214955000000,167284612624,654871000000,628000000,-303256000000,658767000000,-705953000000,-423571000000,-3182544000000,13271448000000,4460857000000,-199871000000,2312694000000,2312694000000,20594570084,0,121517000000,0.081,2943682000000,2853971000000,3429792000000,0.245,1.122,8.123,8.052,9740417000000,0,106.32,0.661,1.323,17040184000000,16794240000000,28403118000000,252930134412,0,0.049,0.138,0.069,0.114,0,2943682000000,0.5,3146813631,3146813631,,80.377,47427597000000,967607000000,878269000000,2389414000000,15071.626,2085097000000
TM,MRY,2017-12-31,2017-03-31,2017-03-31,2017-10-23,640922000000,48750186000000,48088891500000,17833695000000,30916491000000,0.574,5765.859,-2261921000000,4077729000000,36804601332,22734336000000,1926985000000,1.03,1.717,19155727000000,9244131000000,9911596000000,172894985288,0,1610950000000,0,0.033,3.54,2489362000000,4100312000000,0.149,37008430059,22468382764,2460009000000,1210.94,1198.44,10.93,17514812000000,17130873500000,158084481109,304240891754,13,8.221,1152316000000,379.341,110.794,4862857000000,0.176,0,29353000000,46509219000000,46067025500000,2388617000000,12347165000000,1821598000000,10525567000000,30081233000000,17318965000000,12762268000000,164976176500,55647000000,44274000000,-703986000000,1030929000000,-638172000000,-375165000000,-2969939000000,12884402000000,3414237000000,-13486000000,1831109000000,1831109000000,16527149484,0,95876000000,0.066,2868485000000,1994372000000,3503320000000,0.324,1.044,9.982,9.938,10197109000000,0,108.62,0.662,1.325,17786863000000,17601070000000,27597193000000,249085627381,0,0.038,0.107,0.054,0.09,0,2868485000000,0.5,3037675870,3037675870,,81.999,48750186000000,0,628900000000,1647300000000,16048.515,514730000000
