ticker,dimension,calendardate,datekey,reportperiod,lastupdated,accoci,assets,assetsavg,assetsc,assetsnc,assetturnover,bvps,capex,cashneq,cashnequsd,cor,consolinc,currentratio,de,debt,debtc,debtnc,debtusd,deferredrev,depamor,deposits,divyield,dps,ebit,ebitda,ebitdamargin,ebitdausd,ebitusd,ebt,eps,epsdil,epsusd,equity,equityavg,equityusd,ev,evebit,evebitda,fcf,fcfps,fxusd,gp,grossmargin,intangibles,intexp,invcap,invcapavg,inventory,investments,investmentsc,investmentsnc,liabilities,liabilitiesc,liabilitiesnc,marketcap,ncf,ncfbus,ncfcommon,ncfdebt,ncfdiv,ncff,ncfi,ncfinv,ncfo,ncfx,netinc,netinccmn,netinccmnusd,netincdis,netincnci,netmargin,opex,opinc,payables,payoutratio,pb,pe,pe1,ppnenet,prefdivis,price,ps,ps1,receivables,retearn,revenue,revenueusd,rnd,roa,roe,roic,ros,sbcomp,sgna,sharefactor,sharesbas,shareswa,shareswadil,sps,tangibles,taxassets,taxexp,taxliabilities,tbvps,workingcapital
TPLM,MRY,2011-12-31,2012-01-31,2012-01-31,2017-10-23,0,229844654,228953260,78802624,151042030,0.036,4.697,-114514000,68815040,68815040,2460000,-24423000,3.947,0.097,0,0,0,0,0,3114000,0,0.0,0.0,-24278000,-21164000,-2.601,-21164000,-24278000,-24278000,-0.6,-0.6,-0.6,205940248,216339674,205940248,202246028,-8,-9.556,-127280000,-3.127,1.0,5676000,0.698,0,0,141063980,120069001,0,0,0,0,20049052,19965634,83418,296107286,11042000,4000000,142424000,0,0,134854000,-111046000,86000,-12766000,0,-24278000,-24278000,-24278000,0,-145000,-2.984,30629000,-24953000,3428917,0.0,1.438,-12.197,-11.4,142997504,0,6.84,36.395,34.224,9351918,-108260139,8136000,8136000,0,-0.106,-0.112,-0.202,-2.984,7567000,16932000,1.0,43290539,40707957,40707957,0.2,229844654,0,0,0,5.242,58836990
TPLM,MRY,2012-12-31,2013-01-31,2013-01-31,2017-10-23,0,428322000,356219133,81213000,347109000,0.169,4.456,-163772000,33117000,33117000,24814000,-14484000,1.042,1.124,148023000,0,148023000,148023000,0,15081000,0,0.0,0.0,-11088000,3993000,0.066,3993000,-11088000,-13760000,-0.31,-0.31,-0.31,201623000,204424740,201623000,355482736,-32,89.026,-161008000,-3.62,1.0,35547000,0.589,0,2672000,465317000,344918424,0,17386000,5668000,11718000,226699000,77911000,148788000,279018179,-35698000,-12001000,13000,143730000,0,141250000,-179712000,-3889000,2764000,0,-13760000,-13760000,-13760000,0,-724000,-0.228,43808000,-8261000,37043000,0.0,1.384,-20.277,-20.29,333596000,0,6.29,4.622,4.635,39166000,-122020000,60361000,60361000,0,-0.039,-0.067,-0.032,-0.184,6637000,28543000,1.0,44359011,44475000,44475000,1.357,428322000,0,0,0,9.466,3302000
TPLM,MRY,2013-12-31,2014-01-31,2014-01-31,2017-10-23,0,1027522000,777484000,194820000,832702000,0.333,7.629,-439451000,81750000,81750000,119089000,73480000,1.223,0.964,343208000,8851000,334357000,343208000,0,58067000,0,0.0,0.0,88553000,146620000,0.567,146620000,88553000,81421000,1.07,0.91,1.07,523162000,391326250,523162000,850376900,9,5.8,-357015000,-5.206,1.0,139658000,0.54,0,7132000,1129674000,856630750,0,68536000,0,68536000,504360000,159306000,345054000,651585900,48633000,-25715000,245531000,185362000,0,421763000,-455566000,9255000,82436000,0,73480000,73480000,73480000,0,0,0.284,92696000,46962000,109867000,0.0,1.245,8.868,7.112,753879000,0,7.61,2.518,2.017,106463000,-48540000,258747000,258747000,0,0.095,0.188,0.103,0.342,7830000,34629000,1.0,85622326,68579000,84558000,3.773,1027522000,0,7941000,8262000,14.983,35514000
TPLM,MRY,2014-12-31,2015-01-31,2015-01-31,2017-10-23,0,1645041000,1436596750,309509000,1335532000,0.399,7.066,-582743000,67871000,67871000,290593000,93397000,1.226,2.018,790312000,503000,789809000,790312000,0,124222000,0,0.0,0.0,163997000,288219000,0.503,288219000,163997000,138897000,1.12,0.97,1.12,545018000,543199500,545018000,1027964178,6,3.567,-381926000,-4.568,1.0,282362000,0.493,0,25100000,2115107000,1757965250,0,64411000,0,64411000,1100023000,252375000,847648000,402209178,-13879000,0,-76708000,442926000,0,362323000,-577019000,6080000,200817000,0,93397000,93397000,93397000,0,0,0.163,186979000,95383000,178432000,0.0,0.738,4.306,4.688,1261006000,0,5.25,0.702,0.766,171911000,0,572955000,572955000,0,0.065,0.172,0.093,0.286,7919000,62757000,1.0,76611272,83611000,101032000,6.853,1645041000,0,45500000,53441000,21.326,57134000
TPLM,MRY,2015-12-31,2016-01-31,2016-01-31,2017-10-23,0,753149000,1052834250,191487000,561662000,0.34,-3.493,-231834000,82920000,82920000,248357000,-822340000,0.882,-3.847,786312000,975000,785337000,786312000,0,121750000,0,0.0,0.0,-837031000,-715281000,-1.997,-715281000,-837031000,-875737000,-10.89,-10.89,-10.89,-264582000,43468750,-264582000,812643606,0,-1.136,-66800000,-0.885,1.0,109772000,0.307,0,38706000,1239348000,1627396500,0,45600000,0,45600000,1017731000,217193000,800538000,34358606,47898000,0,0,120917000,0,114698000,-231834000,0,165034000,0,-822340000,-822340000,-822340000,0,0,-2.296,977955000,-868183000,51736000,0.0,-0.13,-0.042,-0.042,431774000,0,0.454,0.096,0.096,41192000,-822340000,358129000,358129000,0,-0.781,-18.918,-0.514,-2.337,17394000,62305000,1.0,75713104,75502000,75502000,4.743,753149000,0,-53397000,0,9.942,-25706000
