ticker,dimension,calendardate,datekey,reportperiod,lastupdated,accoci,assets,assetsavg,assetsc,assetsnc,assetturnover,bvps,capex,cashneq,cashnequsd,cor,consolinc,currentratio,de,debt,debtc,debtnc,debtusd,deferredrev,depamor,deposits,divyield,dps,ebit,ebitda,ebitdamargin,ebitdausd,ebitusd,ebt,eps,epsdil,epsusd,equity,equityavg,equityusd,ev,evebit,evebitda,fcf,fcfps,fxusd,gp,grossmargin,intangibles,intexp,invcap,invcapavg,inventory,investments,investmentsc,investmentsnc,liabilities,liabilitiesc,liabilitiesnc,marketcap,ncf,ncfbus,ncfcommon,ncfdebt,ncfdiv,ncff,ncfi,ncfinv,ncfo,ncfx,netinc,netinccmn,netinccmnusd,netincdis,netincnci,netmargin,opex,opinc,payables,payoutratio,pb,pe,pe1,ppnenet,prefdivis,price,ps,ps1,receivables,retearn,revenue,revenueusd,rnd,roa,roe,roic,ros,sbcomp,sgna,sharefactor,sharesbas,shareswa,shareswadil,sps,tangibles,taxassets,taxexp,taxliabilities,tbvps,workingcapital
TPR,MRY,2011-12-31,2011-07-02,2011-07-02,2018-05-09,54911000,2635116000,2690370500,1452388000,1182728000,1.546,5.543,-147744000,699782000,699782000,1134966000,880800000,2.449,0.634,24155000,795000,23360000,24155000,0,125106000,0,0.01,0.675,1301219000,1426325000,0.343,1426325000,1301219000,1301219000,2.99,2.92,2.99,1612569000,1669089500,1612569000,18586428802,14,13.031,885527000,3.003,1.0,3023541000,0.727,340792000,0,1025680000,1087632250,421831000,2256000,2256000,0,1022547000,593017000,429530000,19374923802,103312000,0,-735843000,-746000,-178115000,-875126000,-59631000,88113000,1033271000,4798000,880800000,880800000,880800000,0,0,0.212,1723353000,1300188000,118612000,0.226,12.015,21.997,22.07,582348000,0,65.99,4.659,4.679,142898000,-445654000,4158507000,4158507000,0,0.327,0.528,1.196,0.313,37666000,1718617000,1.0,293603937,294877000,301558000,14.103,2294324000,197559000,420419000,0,7.887,859371000
TPR,MRY,2012-12-31,2012-06-30,2012-06-30,2018-05-09,50475000,3104321000,3017038500,1804528000,1299793000,1.579,6.964,-184309000,917215000,917215000,1297102000,1038910000,2.513,0.558,23360000,22375000,985000,23360000,0,132909000,0,0.017,0.975,1505663000,1638572000,0.344,1638572000,1505663000,1505663000,3.6,3.53,3.6,1992931000,1904265500,1992931000,15899234992,10,9.703,1037380000,3.598,1.0,3466078000,0.728,385823000,0,1106483000,1036640000,504490000,6000000,0,6000000,1111390000,718160000,393230000,16805450992,217433000,-53235000,-514929000,-795000,-260276000,-741881000,-259426000,-21882000,1221689000,-2949000,1038910000,1038910000,1038910000,0,0,0.218,1961135000,1504943000,155387000,0.271,8.433,16.176,16.244,644449000,0,58.48,3.528,3.539,174462000,-387450000,4763180000,4763180000,0,0.344,0.546,1.452,0.316,39454000,1954089000,1.0,287370913,288284000,294129000,16.523,2718498000,190642000,466753000,0,9.499,1086368000
TPR,MRY,2013-12-31,2013-06-29,2013-06-29,2018-05-09,-12246000,3531897000,3308706000,2070947000,1460950000,1.534,8.556,-241400000,1062785000,1062785000,1377300000,1034400000,2.866,0.466,985000,500000,485000,985000,0,163000000,0,0.022,1.238,1518100000,1681100000,0.331,1681100000,1518100000,1520500000,3.66,3.61,3.66,2409158000,2182387000,2409158000,15188064838,10,9.035,1172600000,4.151,1.0,3698100000,0.729,354827000,-2400000,1392760000,1347827750,524706000,269446000,72106000,197340000,1122739000,722510000,400229000,16041816838,145600000,-53300000,-319600000,-22300000,-339700000,-689100000,-570500000,-275800000,1414000000,-8800000,1034400000,1034400000,1034400000,0,0,0.204,2180000000,1518100000,178857000,0.338,6.659,15.508,15.598,694771000,0,57.09,3.161,3.178,175477000,-101884000,5075400000,5075400000,0,0.313,0.474,1.126,0.299,120500000,2173600000,1.0,280991712,282500000,286300000,17.966,3177070000,195963000,486100000,0,11.283,1348437000
TPR,MRY,2014-12-31,2014-06-28,2014-06-28,2018-05-09,-8700000,3663100000,3568732250,1855200000,1807900000,1.347,8.818,-219600000,591900000,591900000,1509200000,781300000,2.282,0.513,140500000,140500000,0,140500000,0,189400000,0,0.039,1.35,1120100000,1309500000,0.272,1309500000,1120100000,1122300000,2.81,2.79,2.81,2420600000,2404794250,2420600000,9197743111,8,7.024,765800000,2.757,1.0,3297000000,0.686,371200000,-2200000,2027400000,1953115250,526200000,761200000,276700000,484500000,1242500000,813100000,429400000,9450721111,-470900000,-3800000,-476300000,139500000,-376500000,-748100000,-707700000,-484300000,985400000,-500000,781300000,781300000,781300000,0,0,0.163,2176900000,1120100000,153900000,0.48,3.904,12.096,12.267,713900000,0,34.47,1.966,1.992,198600000,-219500000,4806200000,4806200000,0,0.219,0.325,0.573,0.233,83600000,2176900000,1.0,274172356,277800000,280400000,17.301,3291900000,224200000,341000000,0,11.992,1042100000
TPR,MRY,2015-12-31,2015-06-27,2015-06-27,2018-05-09,-77700000,4666900000,4116950000,2506500000,2160400000,1.018,9.012,-199300000,1291800000,1291800000,1283000000,402400000,3.003,0.874,890400000,11300000,879100000,890400000,0,191800000,0,0.037,1.351,618000000,809800000,0.193,809800000,618000000,611600000,1.46,1.45,1.46,2489900000,2497075000,2489900000,9094198540,14,11.23,738100000,2.677,1.0,2908600000,0.694,794100000,6400000,2636700000,2262675000,485100000,640000000,234000000,406000000,2177000000,834700000,1342300000,9979498540,699900000,-519600000,36500000,749600000,-371800000,389300000,-612900000,116500000,937400000,-13900000,402400000,402400000,402400000,0,0,0.096,2290600000,618000000,222800000,0.925,4.008,24.8,24.74,732600000,0,36.12,2.381,2.376,219500000,-189600000,4191600000,4191600000,0,0.098,0.161,0.273,0.147,94500000,2290600000,1.0,276287335,275700000,277200000,15.203,3872800000,214200000,209200000,0,14.017,1671800000
TPR,MRY,2016-12-31,2016-07-02,2016-07-02,2018-05-09,-72900000,4892700000,4681825000,2172900000,2719800000,0.959,9.644,-396400000,859000000,859000000,1440500000,460500000,2.628,0.824,876200000,15000000,861200000,876200000,0,210600000,0,0.033,1.351,653500000,864100000,0.192,864100000,653500000,626600000,1.66,1.65,1.66,2682900000,2587275000,2682900000,11386048622,17,13.177,362200000,1.305,1.0,3051300000,0.679,849200000,26900000,3234000000,3132625000,459200000,1019000000,460400000,558600000,2209800000,826700000,1383100000,11324148622,-432800000,-25600000,29100000,-15000000,-374500000,-384900000,-810000000,-379100000,758600000,3500000,460500000,460500000,460500000,0,0,0.103,2397800000,653500000,186700000,0.814,4.221,24.591,24.536,919500000,0,40.73,2.521,2.517,245200000,-104100000,4491800000,4491800000,0,0.098,0.178,0.209,0.145,95800000,2397800000,1.0,278029674,277600000,279300000,16.181,4043500000,262400000,166100000,0,14.535,1346200000
TPR,MRY,2017-12-31,2017-07-01,2017-07-01,2018-05-09,-86900000,5831600000,4938975000,3953300000,1878300000,0.909,10.653,-157100000,2672900000,2672900000,1407200000,591000000,5.244,0.943,1579500000,0,1579500000,1579500000,0,212800000,0,0.029,1.351,787400000,1000200000,0.223,1000200000,787400000,759000000,2.11,2.09,2.11,3001900000,2858350000,3001900000,12505929770,15,12.503,696700000,2.483,1.0,3081100000,0.686,821300000,28400000,3163100000,2655600000,469700000,485800000,410700000,75100000,2829700000,753800000,2075900000,13308629770,1813900000,0,70400000,702400000,-378000000,369500000,593000000,748300000,853800000,-2400000,591000000,591000000,591000000,0,0,0.132,2293700000,787400000,194600000,0.64,4.433,22.519,22.436,691400000,0,47.34,2.965,2.96,268000000,107700000,4488300000,4488300000,0,0.12,0.207,0.297,0.175,77400000,2293700000,1.0,281128639,280600000,282800000,15.995,5010300000,212000000,168000000,63300000,17.78,3199500000
