ticker,dimension,calendardate,datekey,reportperiod,lastupdated,accoci,assets,assetsavg,assetsc,assetsnc,assetturnover,bvps,capex,cashneq,cashnequsd,cor,consolinc,currentratio,de,debt,debtc,debtnc,debtusd,deferredrev,depamor,deposits,divyield,dps,ebit,ebitda,ebitdamargin,ebitdausd,ebitusd,ebt,eps,epsdil,epsusd,equity,equityavg,equityusd,ev,evebit,evebitda,fcf,fcfps,fxusd,gp,grossmargin,intangibles,intexp,invcap,invcapavg,inventory,investments,investmentsc,investmentsnc,liabilities,liabilitiesc,liabilitiesnc,marketcap,ncf,ncfbus,ncfcommon,ncfdebt,ncfdiv,ncff,ncfi,ncfinv,ncfo,ncfx,netinc,netinccmn,netinccmnusd,netincdis,netincnci,netmargin,opex,opinc,payables,payoutratio,pb,pe,pe1,ppnenet,prefdivis,price,ps,ps1,receivables,retearn,revenue,revenueusd,rnd,roa,roe,roic,ros,sbcomp,sgna,sharefactor,sharesbas,shareswa,shareswadil,sps,tangibles,taxassets,taxexp,taxliabilities,tbvps,workingcapital
TRR,MRY,2011-12-31,2011-06-30,2011-06-30,2017-08-31,429000,276060000,279981000,153414000,122646000,0.874,1.083,-2941000,10829000,10829000,202265000,-9430000,1.089,8.253,9176000,3139000,6037000,9176000,111574000,4729000,0,0.0,0.0,-7484000,-2755000,-0.011,-2755000,-7484000,-8245000,-0.69,-0.69,-0.69,29855000,36248750,29855000,167470343,-22,-60.788,9596000,0.398,1.0,42484000,0.174,20886000,761000,112688000,136147000,0,51277000,12413000,38864000,246388000,140833000,105555000,170440343,-3880000,-14041000,-287000,-1015000,0,-1302000,-15115000,1867000,12537000,0,-9372000,-16633000,-16633000,0,-58000,-0.068,50056000,-7572000,26510000,0.0,5.709,-10.247,-9.058,11650000,7261000,6.25,0.696,0.616,89258000,-147255000,244749000,244749000,0,-0.059,-0.459,-0.055,-0.031,2533000,26286000,1.0,27270455,24107000,24107000,10.153,255174000,209000,1127000,4912000,9.26,12581000
TRR,MRY,2012-12-31,2012-06-30,2012-06-30,2017-08-31,-184000,275128000,282164250,154010000,121118000,1.073,2.446,-6782000,16561000,16561000,246506000,33488000,1.31,3.031,5904000,1582000,4322000,5904000,97340000,5508000,0,0.0,0.0,30313000,35821000,0.118,35821000,30313000,29645000,1.21,1.16,1.21,68318000,58621500,68318000,166961902,5,4.661,12656000,0.456,1.0,56183000,0.186,24888000,668000,122024000,121187000,0,39787000,4413000,35374000,207080000,117559000,89521000,169686902,5732000,-4363000,-758000,-3848000,0,-4606000,-9100000,2045000,19438000,0,33575000,33575000,33575000,0,-87000,0.111,26227000,29956000,30712000,0.0,2.484,5.054,5.025,13731000,0,6.08,0.561,0.558,95215000,-113680000,302689000,302689000,0,0.119,0.573,0.25,0.1,6550000,31025000,1.0,27909030,27781000,28822000,10.896,250240000,1470000,-3930000,622000,8.961,36451000
TRR,MRY,2013-12-31,2013-06-30,2013-06-30,2017-08-31,-109000,307764000,285372250,185350000,122414000,1.139,3.693,-3848000,18136000,18136000,268545000,36210000,1.498,1.873,6670000,5313000,1357000,6670000,88608000,6903000,0,0.0,0.0,18626000,25529000,0.079,25529000,18626000,18289000,1.26,1.23,1.26,107232000,84432000,107232000,200973586,10,7.872,10566000,0.366,1.0,56611000,0.174,28797000,337000,143788000,132956250,0,33275000,5582000,27693000,200867000,123713000,77154000,203166586,1575000,-6887000,-2606000,-1678000,0,-4235000,-8604000,2131000,14414000,0,36275000,36275000,36275000,0,-65000,0.112,38050000,18561000,32238000,0.0,1.895,5.601,5.556,13834000,0,7.0,0.625,0.621,109320000,-77405000,325156000,325156000,0,0.127,0.43,0.14,0.057,3832000,30739000,1.0,29023798,28843000,29601000,11.273,278967000,20563000,-17986000,310000,9.607,61637000
TRR,MRY,2014-12-31,2014-06-30,2014-06-30,2017-08-31,-77000,335585000,330530250,221041000,114544000,1.128,4.213,-4955000,33353000,33353000,312108000,12010000,1.672,1.682,1297000,1025000,272000,1297000,84901000,8800000,0,0.0,0.0,20962000,29762000,0.08,29762000,20962000,20793000,0.41,0.4,0.41,125259000,118496500,125259000,176013334,8,5.914,16431000,0.555,1.0,60774000,0.163,31679000,169000,139625000,153407250,0,26471000,2934000,23537000,210702000,132225000,78477000,184860334,9461000,-4057000,-2138000,-5259000,0,-5154000,-6771000,2241000,21386000,0,12051000,12051000,12051000,0,-41000,0.032,39853000,20921000,32663000,0.0,1.476,15.34,15.171,13050000,0,6.22,0.496,0.494,116937000,-65354000,372882000,372882000,0,0.036,0.102,0.137,0.056,4658000,31053000,1.0,29720311,29594000,30140000,12.6,303906000,17581000,8742000,1732000,10.223,88816000
TRR,MRY,2015-12-31,2015-06-30,2015-06-30,2017-08-31,-88000,362881000,348241750,234303000,128578000,1.191,4.868,-6536000,37418000,37418000,337291000,19396000,1.625,1.449,271000,216000,55000,271000,79191000,9316000,0,0.0,0.0,30729000,40045000,0.097,40045000,30729000,30595000,0.64,0.63,0.64,148310000,137642250,148310000,288630716,9,7.208,25579000,0.844,1.0,77357000,0.187,46328000,134000,135210000,150412500,0,25086000,6701000,18385000,214966000,144196000,70770000,308894716,9699000,-12213000,-1297000,-911000,0,-4697000,-17719000,1030000,32115000,0,19415000,19415000,19415000,0,-19000,0.047,46647000,30710000,31999000,0.0,2.083,15.91,15.859,13709000,0,10.15,0.745,0.741,138346000,-45939000,414648000,414648000,0,0.056,0.141,0.204,0.074,5149000,37331000,1.0,30432977,30291000,30724000,13.689,316553000,19336000,11180000,4918000,10.391,90107000
TRR,MRY,2016-12-31,2016-06-30,2016-06-30,2017-08-31,-71000,478478000,452711500,248245000,230233000,1.063,4.898,-8216000,18875000,18875000,402317000,133000,1.391,2.139,97582000,18339000,79243000,97582000,80703000,14725000,0,0.0,0.0,2078000,16803000,0.035,16803000,2078000,-629000,0.0,0.0,0.0,152263000,152030500,152263000,291031289,140,17.32,39924000,1.291,1.0,78982000,0.164,121306000,2707000,257436000,233110250,0,24379000,5959000,18420000,325663000,178443000,147220000,196364289,-18492000,-119600000,-2744000,65979000,0,60053000,-126685000,1131000,48140000,0,41000,41000,41000,0,92000,0.0,77652000,1330000,29311000,,1.29,4789.373,,22460000,0,6.32,0.408,0.406,149280000,-45898000,481299000,481299000,0,0.0,0.0,0.009,0.004,5554000,34375000,1.0,31070299,30936000,31359000,15.558,357172000,26314000,-670000,2469000,11.49,69802000
