ticker,dimension,calendardate,datekey,reportperiod,lastupdated,accoci,assets,assetsavg,assetsc,assetsnc,assetturnover,bvps,capex,cashneq,cashnequsd,cor,consolinc,currentratio,de,debt,debtc,debtnc,debtusd,deferredrev,depamor,deposits,divyield,dps,ebit,ebitda,ebitdamargin,ebitdausd,ebitusd,ebt,eps,epsdil,epsusd,equity,equityavg,equityusd,ev,evebit,evebitda,fcf,fcfps,fxusd,gp,grossmargin,intangibles,intexp,invcap,invcapavg,inventory,investments,investmentsc,investmentsnc,liabilities,liabilitiesc,liabilitiesnc,marketcap,ncf,ncfbus,ncfcommon,ncfdebt,ncfdiv,ncff,ncfi,ncfinv,ncfo,ncfx,netinc,netinccmn,netinccmnusd,netincdis,netincnci,netmargin,opex,opinc,payables,payoutratio,pb,pe,pe1,ppnenet,prefdivis,price,ps,ps1,receivables,retearn,revenue,revenueusd,rnd,roa,roe,roic,ros,sbcomp,sgna,sharefactor,sharesbas,shareswa,shareswadil,sps,tangibles,taxassets,taxexp,taxliabilities,tbvps,workingcapital
TRS,MRY,2011-12-31,2011-12-31,2011-12-31,2018-04-28,39580000,991900000,958740000,433670000,558230000,1.131,5.047,-32620000,88920000,88920000,766260000,60360000,1.916,4.707,469900000,7290000,462610000,469900000,0,40470000,0,0.0,0.0,133770000,174240000,0.161,174240000,133770000,89290000,1.76,1.73,1.76,173790000,155357500,173790000,1086638320,8,6.236,63190000,1.845,1.0,317700000,0.293,371030000,44480000,775510000,829762500,178030000,0,0,0,818110000,226340000,591770000,621218320,42550000,7390000,1000000,-32110000,0,-28030000,-25230000,0,95810000,0,60360000,60360000,60360000,-9550000,0,0.056,186380000,131320000,146930000,0.0,3.575,10.292,10.199,159210000,0,17.95,0.573,0.567,135610000,-404750000,1083960000,1083960000,0,0.063,0.389,0.161,0.123,-470000,186520000,1.0,34608263,34246289,34779693,31.652,620870000,18510000,28930000,64780000,18.029,207330000
TRS,MRY,2012-12-31,2012-12-31,2012-12-31,2018-04-28,39260000,1130960000,1111270000,437790000,693170000,1.141,7.764,-46120000,20580000,20580000,925090000,36290000,1.771,2.637,422440000,14370000,408070000,422440000,0,44870000,0,0.0,0.0,75740000,120610000,0.095,120610000,75740000,39940000,0.9,0.89,0.9,303580000,277105000,303580000,1504589838,19,12.475,27100000,0.722,1.0,342420000,0.27,477100000,35800000,808520000,825872500,238020000,0,0,0,800600000,247200000,553400000,1100689838,-68340000,-86880000,85210000,-94250000,0,-8560000,-133000000,0,73220000,0,33880000,33880000,33880000,140000,2410000,0.027,214350000,128070000,158410000,0.0,3.626,32.488,31.12,185030000,0,28.008,0.868,0.829,150390000,-370870000,1267510000,1267510000,0,0.03,0.122,0.092,0.06,6550000,214630000,1.0,39299544,37520935,37949021,33.781,653860000,18270000,6060000,60370000,16.722,190590000
TRS,MRY,2013-12-31,2013-12-31,2013-12-31,2018-04-28,27830000,1300780000,1298260000,515010000,785770000,0.616,12.291,-24230000,27000000,27000000,573660000,80070000,1.969,1.314,305740000,10290000,295450000,305740000,0,31100000,0,0.0,0.0,107730000,138830000,0.174,138830000,107730000,92460000,1.85,1.83,1.85,549410000,437797500,549410000,2064671957,19,14.872,63380000,1.549,1.0,226040000,0.283,529190000,15270000,788820000,915452500,270690000,0,0,0,721890000,261510000,460380000,1794281957,6420000,-74230000,176290000,-116670000,0,49150000,-130340000,0,87610000,0,75550000,75550000,75550000,-20830000,4520000,0.094,128830000,97210000,166090000,0.0,3.266,23.75,21.562,206150000,0,39.89,2.244,2.041,180210000,-295320000,799700000,799700000,0,0.058,0.173,0.118,0.135,7250000,138540000,1.0,44980746,40926257,41395706,19.54,771590000,18340000,16910000,64940000,17.262,253500000
TRS,MRY,2014-12-31,2014-12-31,2014-12-31,2018-04-28,10220000,1625430000,1420067500,529750000,1095680000,0.625,13.143,-22800000,24420000,24420000,650290000,69280000,1.726,1.752,630810000,23400000,607410000,630810000,0,37440000,0,0.0,0.0,100770000,138210000,0.156,138210000,100770000,91180000,1.53,1.51,1.53,590630000,583117500,590630000,1727474737,17,12.499,100600000,2.241,1.0,237010000,0.267,757500000,9590000,1167360000,966605000,171260000,0,0,0,1034800000,306960000,727840000,1416424737,-2580000,-382880000,640000,340960000,0,284110000,-410090000,0,123400000,0,68470000,68470000,68470000,-22390000,810000,0.077,150360000,86650000,103510000,0.0,2.398,20.687,20.451,177470000,0,31.29,1.596,1.583,132800000,-226850000,887300000,887300000,0,0.048,0.117,0.104,0.114,5930000,146590000,1.0,45267649,44881925,45269409,19.77,867930000,0,22710000,22120000,19.314,222790000
TRS,MRY,2015-12-31,2015-12-31,2015-12-31,2018-04-28,-11300000,1170300000,1373002500,326620000,843680000,0.629,12.109,-26960000,19450000,19450000,627870000,-33400000,2.138,1.139,419630000,13850000,405780000,419630000,0,43540000,0,0.323,6.02,-12800000,30740000,0.036,30740000,-12800000,-26860000,-0.74,-0.74,-0.74,547190000,588927500,547190000,1281474018,-100,41.688,35580000,0.789,1.0,236110000,0.273,652790000,14060000,764940000,921507500,167370000,0,0,0,623110000,152750000,470360000,844514018,-4970000,-10000000,0,-209420000,0,-28040000,-39470000,0,62540000,0,-33400000,-33400000,-33400000,4740000,0,-0.039,240360000,-4250000,88420000,-8.135,1.543,-25.285,-25.203,181130000,0,18.65,0.977,0.974,121990000,-254120000,863980000,863980000,0,-0.024,-0.057,-0.014,-0.015,5750000,162350000,1.0,45282253,45123626,45123626,19.147,517510000,0,6540000,11260000,11.452,173870000
TRS,MRY,2016-12-31,2016-12-31,2016-12-31,2018-04-28,-24400000,1051650000,1132957500,308800000,742850000,0.701,10.987,-31110000,20710000,20710000,583540000,-39800000,2.317,1.104,374650000,13810000,360840000,374650000,0,44860000,0,0.0,0.0,-44510000,350000,0.0,350000,-44510000,-58230000,-0.88,-0.88,-0.88,499720000,543912500,499720000,1449142184,-32,4140.406,49360000,1.087,1.0,210480000,0.265,529000000,13720000,743320000,768410000,160460000,0,0,0,551930000,133270000,418660000,1069272184,1260000,0,0,-44780000,0,-48100000,-31110000,0,80470000,0,-39800000,-39800000,-39800000,0,0,-0.05,254480000,-44000000,72270000,0.0,2.14,-26.866,-26.705,179160000,0,23.5,1.347,1.344,111570000,-293920000,794020000,794020000,0,-0.035,-0.073,-0.058,-0.056,6300000,153710000,1.0,45500944,45407316,45407316,17.487,522650000,26290000,-18430000,5910000,11.491,175530000
TRS,MRY,2017-12-31,2017-12-31,2017-12-31,2018-04-28,-17330000,1033200000,1048137500,311270000,721930000,0.78,11.899,-32350000,27580000,27580000,598600000,30960000,2.554,0.899,303080000,0,303080000,303080000,0,46870000,0,0.0,0.0,80610000,127480000,0.156,127480000,80610000,66210000,0.68,0.67,0.68,544020000,532380000,544020000,1534841030,19,12.04,87710000,1.92,1.0,219140000,0.268,513610000,14400000,673210000,715892500,155350000,0,0,0,489180000,121880000,367300000,1223041030,6870000,0,0,-73950000,0,-80840000,-32350000,0,120060000,0,30960000,30960000,30960000,0,0,0.038,130650000,88490000,72410000,0.0,2.248,39.504,39.338,190250000,0,26.75,1.496,1.494,112220000,-262960000,817740000,817740000,0,0.03,0.058,0.113,0.099,6780000,129570000,1.0,45721160,45682627,45990252,17.9,519590000,9100000,35250000,5650000,11.364,189390000
