ticker,dimension,calendardate,datekey,reportperiod,lastupdated,accoci,assets,assetsavg,assetsc,assetsnc,assetturnover,bvps,capex,cashneq,cashnequsd,cor,consolinc,currentratio,de,debt,debtc,debtnc,debtusd,deferredrev,depamor,deposits,divyield,dps,ebit,ebitda,ebitdamargin,ebitdausd,ebitusd,ebt,eps,epsdil,epsusd,equity,equityavg,equityusd,ev,evebit,evebitda,fcf,fcfps,fxusd,gp,grossmargin,intangibles,intexp,invcap,invcapavg,inventory,investments,investmentsc,investmentsnc,liabilities,liabilitiesc,liabilitiesnc,marketcap,ncf,ncfbus,ncfcommon,ncfdebt,ncfdiv,ncff,ncfi,ncfinv,ncfo,ncfx,netinc,netinccmn,netinccmnusd,netincdis,netincnci,netmargin,opex,opinc,payables,payoutratio,pb,pe,pe1,ppnenet,prefdivis,price,ps,ps1,receivables,retearn,revenue,revenueusd,rnd,roa,roe,roic,ros,sbcomp,sgna,sharefactor,sharesbas,shareswa,shareswadil,sps,tangibles,taxassets,taxexp,taxliabilities,tbvps,workingcapital
TSEM,MRY,2011-12-31,2011-12-31,2011-12-31,2018-04-30,0,857221000,829474500,266090000,591131000,0.737,8.461,-111415000,101149000,101149000,526198000,-18530000,1.156,3.907,349865000,48255000,301610000,349865000,5731000,162679000,0,0.0,0.0,30629000,193308000,0.316,193308000,30629000,2832000,-0.692,-0.692,-0.692,174703000,146242500,174703000,517475887,16,2.677,-3422000,-0.166,1.0,84825000,0.139,65737000,27797000,809940000,791838000,69024000,12644000,0,12644000,682518000,230260000,452258000,234198887,774000,-40000000,22653000,-141242000,0,-118589000,11284000,129407000,107993000,86000,-18530000,-18530000,-18530000,0,0,-0.03,55151000,29674000,111620000,0.0,1.341,-12.639,-13.652,498683000,0,9.447,0.383,0.319,80350000,,611023000,611023000,24886000,-0.022,-0.127,0.039,0.05,0,48239000,1.3,19069862,20649000,20649000,29.591,791484000,0,21362000,0,38.33,35830000
TSEM,MRY,2012-12-31,2012-12-31,2012-12-31,2018-04-30,-3475000,814241000,835731000,298106000,516135000,0.764,9.923,-103830000,133398000,133398000,560046000,-70269000,1.761,2.701,338877000,49923000,288954000,338877000,1784000,173585000,0,0.0,0.0,-31135000,142450000,0.223,142450000,-31135000,-62943000,-2.438,-2.438,-2.438,220025000,197364000,220025000,468018091,-15,3.285,-28651000,-1.292,1.0,78785000,0.123,54936000,31808000,795465000,802702500,65570000,12963000,0,12963000,594216000,169319000,424897000,219302091,22249000,0,0,67079000,0,67079000,-115710000,-10000000,75179000,-4299000,-70269000,-70269000,-70269000,0,0,-0.11,81295000,-2510000,81372000,0.0,0.997,-3.121,-3.261,434468000,0,7.95,0.343,0.276,84733000,-1140610000,638831000,638831000,31093000,-0.084,-0.356,-0.039,-0.049,0,44413000,1.3,21219360,22173000,22173000,28.811,759305000,0,7326000,0,34.245,128787000
TSEM,MRY,2013-12-31,2013-12-31,2013-12-31,2018-04-30,-16126000,705887000,760064000,290414000,415473000,0.664,3.564,-77044000,112871000,112871000,476900000,-107660000,2.076,3.998,353326000,36441000,316885000,353326000,3166000,151711000,0,0.0,0.0,-84077000,67634000,0.134,67634000,-84077000,-117048000,-2.092,-2.092,-2.092,141248000,180636500,141248000,374868006,-4,5.543,-34776000,-0.877,1.0,28109000,0.056,39393000,32971000,767033000,781249000,64804000,24494000,10000000,14494000,564639000,139916000,424723000,169389006,-10527000,0,105000,-6540000,0,32416000,-77453000,0,42268000,-7758000,-107660000,-107660000,-107660000,0,0,-0.213,83444000,-55335000,66358000,0.0,1.199,-1.573,-2.792,350039000,0,5.84,0.335,0.458,91259000,-1248270000,505009000,505009000,33064000,-0.142,-0.596,-0.108,-0.166,0,42916000,1.3,22311513,39633000,39633000,12.742,666494000,0,-9388000,0,16.817,150498000
TSEM,MRY,2014-12-31,2014-12-31,2014-12-31,2018-04-30,-25726000,884146000,795016500,394084000,490062000,1.041,3.957,-50209000,187167000,187167000,764220000,-1372000,1.312,3.359,387086000,119999000,267087000,387086000,5478000,203868000,0,0.0,0.0,12930000,216798000,0.262,216798000,12930000,-20479000,0.062,0.062,0.062,204979000,173113500,204979000,1059979500,81,4.889,47556000,0.918,1.0,63788000,0.077,49037000,33409000,734703000,750868000,87873000,11896000,0,11896000,688585000,300325000,388260000,829524500,74296000,57582000,0,-42197000,0,-31798000,17297000,9924000,97765000,-8968000,4263000,4263000,4263000,0,-5635000,0.005,167353000,-103565000,98632000,0.0,4.047,194.587,215.0,419111000,0,13.33,1.002,0.834,104925000,-1244007000,828008000,828008000,51841000,0.005,0.025,0.017,0.016,0,58783000,1.3,47869150,51798000,63182000,15.985,835109000,0,-24742000,0,16.122,93759000
TSEM,MRY,2015-12-31,2015-12-31,2015-12-31,2018-04-30,-26810000,965368000,924757000,446727000,518641000,1.039,5.343,-165489000,175575000,175575000,755196000,-29127000,2.116,1.459,289278000,33259000,256019000,289278000,23373000,168032000,0,0.0,0.0,-28746000,139286000,0.145,139286000,-28746000,-41925000,-0.308,-0.308,-0.308,397343000,301161000,397343000,1260647069,-43,9.051,4817000,0.065,1.0,205365000,0.214,41468000,13179000,826484000,780593500,105681000,41737000,30000000,11737000,579782000,211119000,368663000,1060728069,-11592000,0,0,903000,0,13757000,-195489000,-30000000,170306000,-166000,-29647000,-29647000,-29647000,0,520000,-0.031,123471000,81894000,91773000,0.0,2.67,-35.779,-45.649,459533000,0,14.06,1.104,1.089,110065000,-1273654000,960561000,960561000,61669000,-0.032,-0.098,-0.037,-0.03,0,62793000,1.3,58033049,74366000,,12.917,923900000,0,-12278000,0,12.424,235608000
TSEM,MRY,2016-12-31,2016-12-31,2016-12-31,2018-04-30,-27827000,1379884000,1172626000,697998000,681886000,1.066,7.803,-209624000,355284000,355284000,946534000,209166000,2.825,1.021,344228000,48084000,296144000,344228000,26169000,197606000,0,0.0,0.0,217213000,414819000,0.332,414819000,217213000,205356000,1.792,1.792,1.792,682614000,539978500,682614000,2114582114,9,5.098,117844000,1.347,1.0,303100000,0.243,35129000,11857000,1086584000,956534000,137532000,59717000,34093000,25624000,697270000,247115000,450155000,2030023114,179709000,0,0,37091000,0,73331000,-226725000,-17101000,327468000,5635000,203924000,203924000,203924000,0,5242000,0.163,127946000,175154000,99262000,0.0,2.974,9.955,10.619,616686000,0,19.03,1.624,1.332,141048000,-1071036000,1249634000,1249634000,63134000,0.174,0.378,0.227,0.174,0,65439000,1.3,82057606,87480000,101303000,14.285,1344755000,4447000,1432000,0,15.372,450883000
TSEM,MRY,2017-12-31,2017-12-31,2017-12-31,2018-04-30,-22759000,1673639000,1526761500,874332000,799307000,0.909,10.654,-167638000,445961000,445961000,1033005000,301656000,2.892,0.625,334681000,105958000,228723000,334681000,14338000,208411000,0,0.0,0.0,205963000,414374000,0.299,414374000,205963000,198123000,2.369,2.369,2.369,1029706000,856160000,1029706000,4108534870,19,9.915,187997000,1.945,1.0,354305000,0.255,26841000,7840000,1233145000,1159864500,143315000,139947000,113874000,26073000,643933000,302373000,341560000,4119590870,90677000,0,0,-50255000,0,-23318000,-245360000,-80643000,355635000,3720000,298011000,298011000,298011000,0,3645000,0.215,134463000,219842000,115347000,0.0,4.001,13.824,14.386,635124000,0,34.08,2.969,2.374,149666000,-773025000,1387310000,1387310000,67664000,0.195,0.348,0.178,0.148,0,66799000,1.3,92984626,96647000,105947000,14.354,1646798000,111269000,-99888000,0,17.039,571959000
