ticker,dimension,calendardate,datekey,reportperiod,lastupdated,accoci,assets,assetsavg,assetsc,assetsnc,assetturnover,bvps,capex,cashneq,cashnequsd,cor,consolinc,currentratio,de,debt,debtc,debtnc,debtusd,deferredrev,depamor,deposits,divyield,dps,ebit,ebitda,ebitdamargin,ebitdausd,ebitusd,ebt,eps,epsdil,epsusd,equity,equityavg,equityusd,ev,evebit,evebitda,fcf,fcfps,fxusd,gp,grossmargin,intangibles,intexp,invcap,invcapavg,inventory,investments,investmentsc,investmentsnc,liabilities,liabilitiesc,liabilitiesnc,marketcap,ncf,ncfbus,ncfcommon,ncfdebt,ncfdiv,ncff,ncfi,ncfinv,ncfo,ncfx,netinc,netinccmn,netinccmnusd,netincdis,netincnci,netmargin,opex,opinc,payables,payoutratio,pb,pe,pe1,ppnenet,prefdivis,price,ps,ps1,receivables,retearn,revenue,revenueusd,rnd,roa,roe,roic,ros,sbcomp,sgna,sharefactor,sharesbas,shareswa,shareswadil,sps,tangibles,taxassets,taxexp,taxliabilities,tbvps,workingcapital
TTEK,MRY,2011-12-31,2011-10-02,2011-10-02,2018-05-04,4754000,1593988000,1535331250,839102000,754886000,1.676,13.717,-18022000,90494000,90494000,2235191000,92982000,1.578,0.864,147424000,2556000,144868000,147424000,84754000,55684000,0,0.0,0.0,144358000,200042000,0.078,200042000,144358000,137549000,1.45,1.43,1.45,854725000,828831250,854725000,1188115657,8,5.939,113601000,1.831,1.0,337953000,0.131,650467000,6809000,468742000,465731250,0,3454000,0,3454000,738738000,531709000,207029000,1170907657,-130439000,-270526000,8378000,24571000,0,31351000,-293841000,-293000,131623000,428000,90039000,90039000,90039000,0,2943000,0.035,193286000,144667000,164819000,0.0,1.37,13.004,12.924,77536000,0,18.74,0.455,0.452,657179000,449926000,2573144000,2573144000,0,0.059,0.109,0.31,0.056,10478000,193286000,1.0,62481732,62053000,62775000,41.467,943521000,6817000,47510000,48264000,15.142,307393000
TTEK,MRY,2012-12-31,2012-09-30,2012-09-30,2018-05-04,31017000,1671030000,1639340000,859313000,811717000,1.654,15.995,-24069000,104848000,104848000,2352070000,104732000,1.706,0.639,83078000,2031000,81047000,83078000,90909000,56902000,0,0.0,0.0,166888000,223790000,0.083,223790000,166888000,160444000,1.65,1.63,1.65,1018970000,954655500,1018970000,1673630148,10,7.479,133952000,2.119,1.0,359005000,0.132,710189000,6444000,435277000,461703000,0,3279000,0,3279000,651163000,503794000,147369000,1671503148,14354000,-55444000,18166000,-68120000,0,-67394000,-79799000,-286000,158021000,3526000,104380000,104380000,104380000,0,352000,0.039,211884000,147121000,154003000,0.0,1.64,16.014,15.915,74309000,0,26.26,0.617,0.612,700480000,554306000,2711075000,2711075000,0,0.064,0.109,0.361,0.062,10215000,210970000,1.0,63652062,63217000,63934000,42.885,960841000,5817000,56064000,45077000,15.082,355519000
TTEK,MRY,2013-12-31,2013-09-29,2013-09-29,2018-05-04,1858000,1799092000,1803378250,871642000,927450000,1.449,15.466,-25456000,129305000,129305000,2346765000,-1506000,1.804,0.802,207749000,4311000,203438000,207749000,79507000,62605000,0,0.0,0.0,20586000,83191000,0.032,83191000,20586000,11897000,-0.03,-0.03,-0.03,997763000,1025196750,997763000,1741722550,84,20.936,112294000,1.74,1.0,266990000,0.102,809721000,8689000,584682000,602715250,0,2198000,0,2198000,800289000,483133000,317156000,1675618550,24457000,-171349000,-4007000,122853000,0,85615000,-196605000,-270000,137750000,-2303000,-2141000,-2141000,-2141000,0,635000,-0.001,256332000,10658000,142813000,0.0,1.679,-782.634,-866.0,88026000,0,25.98,0.641,0.642,660847000,552165000,2613755000,2613755000,0,-0.001,-0.002,0.034,0.008,7889000,199732000,1.0,64496480,64544000,64544000,40.496,989371000,20044000,14038000,48695000,15.336,388509000
TTEK,MRY,2014-12-31,2014-09-28,2014-09-28,2018-05-04,-42538000,1776404000,1791582250,898603000,877801000,1.386,15.947,-14810000,122379000,122379000,2201377000,108675000,1.783,0.754,203831000,10989000,192842000,203831000,103343000,54540000,0,0.006,0.14,154228000,208768000,0.084,208768000,154228000,143934000,1.68,1.66,1.68,1012079000,1033827000,1012079000,1634013634,10,7.827,112566000,1.748,1.0,282437000,0.114,777285000,10294000,576710000,576581250,0,2140000,0,2140000,763348000,503861000,259487000,1618943634,-6926000,-26351000,-56166000,-4379000,-8956000,-87677000,-41161000,0,127376000,-5464000,108266000,108266000,108266000,0,409000,0.044,187298000,95139000,175952000,0.083,1.6,14.953,15.0,73864000,0,25.2,0.652,0.653,701892000,651475000,2483814000,2483814000,0,0.06,0.105,0.267,0.062,9470000,187298000,1.0,64243795,64379000,65146000,38.581,999119000,22076000,35668000,49173000,15.742,394742000
TTEK,MRY,2015-12-31,2015-09-27,2015-09-27,2018-05-04,-143171000,1559242000,1650711750,823775000,735467000,1.393,14.326,-13870000,135326000,135326000,1983531000,39228000,1.829,0.82,192876000,11904000,180972000,192876000,93989000,44201000,0,0.012,0.3,88210000,132411000,0.058,132411000,88210000,80167000,0.64,0.64,0.64,856325000,932123000,856325000,1561421036,17,11.792,148977000,2.446,1.0,315790000,0.137,641711000,8043000,524639000,586016000,0,1886000,0,1886000,702444000,450442000,252002000,1500383036,12947000,-11680000,-89675000,-10665000,-18240000,-123579000,-21020000,0,162847000,-5301000,39074000,39074000,39074000,0,154000,0.017,231219000,84571000,150284000,0.469,1.752,38.399,38.938,64906000,0,24.92,0.653,0.66,636030000,672309000,2299321000,2299321000,0,0.024,0.042,0.151,0.038,10754000,170456000,1.0,60207987,60913000,61532000,37.748,917531000,10294000,41093000,55546000,15.35,373333000
TTEK,MRY,2016-12-31,2016-10-02,2016-10-02,2018-05-04,-128008000,1800779000,1723879000,935428000,865351000,1.499,15.172,-8869000,160459000,160459000,2253258000,83853000,1.944,1.071,347011000,15510000,331501000,347011000,88223000,45588000,0,0.01,0.34,136781000,182369000,0.071,182369000,136781000,124396000,1.44,1.42,1.44,869259000,856354000,869259000,2247816528,16,12.326,133151000,2.288,1.0,330211000,0.128,766950000,12385000,739295000,694908000,0,2064000,0,2064000,931376000,481086000,450290000,2037026528,25133000,-82627000,-81547000,80564000,-19735000,-25388000,-94015000,0,142020000,2516000,83783000,83783000,83783000,0,70000,0.032,191533000,138678000,158773000,0.236,2.343,24.313,24.632,67827000,0,35.47,0.788,0.799,714336000,736357000,2583469000,2583469000,0,0.049,0.098,0.197,0.053,12046000,171985000,1.0,57429561,58186000,58966000,44.4,1033829000,15001000,40613000,60348000,18.044,454342000
TTEK,MRY,2017-12-31,2017-10-01,2017-10-01,2018-05-04,-98500000,1902745000,1830315250,1042023000,860722000,1.504,16.485,-8836000,189975000,189975000,2399722000,117917000,1.938,1.049,356871000,15588000,341283000,356871000,117499000,45756000,0,0.008,0.38,184028000,229784000,0.083,229784000,184028000,171718000,2.07,2.04,2.07,928453000,904646250,928453000,2819511835,15,12.27,129156000,2.269,1.0,353638000,0.128,767574000,12310000,764399000,787565000,0,2700000,0,2700000,974121000,537668000,436453000,2632470835,29516000,-8124000,-81445000,9688000,-21672000,-94772000,-16960000,0,137992000,3256000,117874000,117874000,117874000,0,43000,0.043,177219000,176419000,177638000,0.184,2.835,22.333,22.488,56835000,0,46.55,0.956,0.962,788767000,832559000,2753360000,2753360000,0,0.064,0.13,0.234,0.067,13450000,177219000,1.0,56551468,56911000,57913000,48.38,1135171000,15075000,53844000,43781000,20.156,504355000
