ticker,dimension,calendardate,datekey,reportperiod,lastupdated,accoci,assets,assetsavg,assetsc,assetsnc,assetturnover,bvps,capex,cashneq,cashnequsd,cor,consolinc,currentratio,de,debt,debtc,debtnc,debtusd,deferredrev,depamor,deposits,divyield,dps,ebit,ebitda,ebitdamargin,ebitdausd,ebitusd,ebt,eps,epsdil,epsusd,equity,equityavg,equityusd,ev,evebit,evebitda,fcf,fcfps,fxusd,gp,grossmargin,intangibles,intexp,invcap,invcapavg,inventory,investments,investmentsc,investmentsnc,liabilities,liabilitiesc,liabilitiesnc,marketcap,ncf,ncfbus,ncfcommon,ncfdebt,ncfdiv,ncff,ncfi,ncfinv,ncfo,ncfx,netinc,netinccmn,netinccmnusd,netincdis,netincnci,netmargin,opex,opinc,payables,payoutratio,pb,pe,pe1,ppnenet,prefdivis,price,ps,ps1,receivables,retearn,revenue,revenueusd,rnd,roa,roe,roic,ros,sbcomp,sgna,sharefactor,sharesbas,shareswa,shareswadil,sps,tangibles,taxassets,taxexp,taxliabilities,tbvps,workingcapital
TTMI,MRY,2011-12-31,2011-12-31,2011-12-31,2018-05-08,37596000,1749069000,1775810750,671534000,1077535000,0.804,9.965,-140617000,196052000,196052000,1127326000,47227000,1.536,1.022,489400000,120882000,368518000,489400000,0,69698000,0,0.0,0.0,94377000,164075000,0.115,164075000,94377000,67873000,0.52,0.51,0.52,808917000,781471250,808917000,1171248740,12,7.138,38728000,0.477,1.0,301313000,0.211,263828000,26504000,1341449000,1319104750,129430000,3566000,3566000,0,826399000,437140000,389259000,891415740,-20026000,0,6263000,-63212000,0,-55215000,-140617000,0,179345000,-3539000,41868000,41868000,41868000,0,5359000,0.029,210193000,91120000,241005000,0.0,1.102,21.291,21.077,766800000,0,10.96,0.624,0.623,316568000,228661000,1428639000,1428639000,0,0.024,0.054,0.072,0.066,6341000,129573000,1.0,81333553,81176000,81944000,17.599,1485241000,28715000,26005000,14718000,18.297,234394000
TTMI,MRY,2012-12-31,2012-12-31,2012-12-31,2018-05-08,46749000,1676962000,1734595750,765612000,911350000,0.778,7.994,-136444000,285433000,285433000,1123669000,-181100000,2.07,1.413,557545000,30004000,527541000,557545000,0,84286000,0,0.0,0.0,-136083000,-51797000,-0.038,-51797000,-136083000,-161867000,-2.13,-2.13,-2.13,653947000,735330750,653947000,1039244070,-7,-20.064,46121000,0.564,1.0,224999000,0.167,49104000,25784000,1530090000,1455122500,146012000,0,0,0,924132000,369880000,554252000,752928070,89381000,0,91000,53856000,0,45068000,-136444000,0,182565000,-1808000,-174595000,-174595000,-174595000,0,-6505000,-0.129,367016000,-142017000,265554000,0.0,1.151,-4.312,-4.315,833678000,0,9.19,0.558,0.557,301557000,45921000,1348668000,1348668000,0,-0.101,-0.237,-0.094,-0.101,9644000,133962000,1.0,81929061,81800000,81800000,16.487,1627858000,0,12728000,0,19.9,395732000
TTMI,MRY,2013-12-31,2013-12-30,2013-12-30,2018-05-08,45604000,1673575000,1629247000,804991000,868584000,0.84,8.534,-35689000,330554000,330554000,1150372000,23893000,1.758,1.373,573743000,96204000,477539000,573743000,0,92120000,0,0.0,0.0,61787000,153907000,0.112,153907000,61787000,37756000,0.27,0.26,0.27,705295000,674582250,705295000,972108243,15,6.316,35699000,0.433,1.0,217843000,0.159,39781000,24031000,1418980000,1427543500,138145000,0,0,0,968280000,458003000,510277000,709953243,45121000,0,323000,70620000,0,12985000,-35689000,0,71388000,-3563000,21877000,21877000,21877000,0,2016000,0.016,148715000,69128000,271840000,0.0,1.007,32.452,31.815,810672000,0,8.59,0.519,0.518,290382000,64272000,1368215000,1368215000,0,0.013,0.032,0.043,0.045,8985000,143073000,1.0,82648806,82506000,83132000,16.583,1633794000,0,15879000,0,19.768,346988000
TTMI,MRY,2014-12-31,2014-12-29,2014-12-29,2018-05-08,31015000,1601289000,1566141500,798123000,803166000,0.846,8.584,-108571000,279042000,279042000,1131028000,14693000,1.609,1.238,502687000,128045000,374642000,502687000,0,95349000,0,0.0,0.0,46121000,141470000,0.107,141470000,46121000,22291000,0.18,0.18,0.18,715464000,703039750,715464000,881063873,19,6.228,21239000,0.255,1.0,194689000,0.147,31361000,23830000,1297561000,1333705000,145187000,0,0,0,885825000,496012000,389813000,629251873,-51512000,0,0,-73241000,0,-77141000,-108571000,0,129810000,4390000,14693000,14693000,14693000,0,0,0.011,148150000,46539000,235276000,0.0,0.88,42.827,41.944,754718000,0,7.55,0.475,0.474,312867000,76421000,1325717000,1325717000,0,0.009,0.021,0.035,0.035,7800000,137918000,1.0,83344619,83238000,83941000,15.927,1569928000,0,7598000,0,18.836,302111000
TTMI,MRY,2015-12-31,2015-12-28,2015-12-28,2018-05-08,1623000,2640133000,2378202500,1022520000,1617613000,0.881,8.263,-78479000,262630000,262630000,1785351000,-25618000,1.373,2.214,1170786000,157375000,1013411000,1170786000,0,133508000,0,0.0,0.0,68465000,201973000,0.096,201973000,68465000,8712000,-0.28,-0.28,-0.28,819105000,798528250,819105000,1726075353,25,8.546,158983000,1.715,1.0,310137000,0.148,497864000,59753000,2305431000,2155329500,268923000,0,0,0,1813464000,744994000,1068470000,675093353,-19942000,-169162000,495000,26999000,0,-5756000,-247660000,0,237462000,-3988000,-25882000,-25882000,-25882000,0,264000,-0.012,248795000,61342000,377222000,0.0,0.824,-26.084,-24.321,1103067000,0,6.81,0.322,0.301,456000000,45963000,2095488000,2095488000,0,-0.011,-0.032,0.032,0.033,9661000,225030000,1.0,99132651,92675000,92675000,22.611,2142269000,0,34594000,0,21.61,277526000
TTMI,MRY,2016-12-31,2017-01-02,2017-01-02,2018-05-08,-44329000,2500076000,2531230250,1012841000,1487235000,1.001,8.2,-81498000,256277000,256277000,2109744000,35575000,1.47,2.036,1019682000,110652000,909030000,1019682000,0,156229000,0,0.0,0.0,142296000,298525000,0.118,298525000,142296000,66288000,0.35,0.34,0.35,820847000,824489250,820847000,2158425770,15,7.23,216838000,2.166,1.0,423615000,0.167,499222000,76008000,2075194000,2198298250,269212000,0,0,0,1670951000,689065000,981886000,1368358770,-2823000,0,1743000,-218852000,0,-217109000,-77968000,0,298336000,-6082000,34861000,34861000,34861000,0,714000,0.014,250162000,173453000,384040000,0.0,1.667,39.252,38.943,966638000,0,13.63,0.54,0.539,432788000,74787000,2533359000,2533359000,0,0.014,0.042,0.065,0.056,11090000,213613000,1.0,100393160,100099000,101482000,25.309,2000854000,0,31427000,0,19.989,323776000
TTMI,MRY,2017-12-31,2018-01-01,2018-01-01,2018-05-08,3403000,2781882000,2639505250,1221307000,1560575000,1.007,9.933,-124090000,409326000,409326000,2229011000,124727000,1.695,1.751,980057000,4578000,975479000,980057000,0,150809000,0,0.0,0.0,193343000,344152000,0.129,344152000,193343000,139445000,1.22,1.04,1.22,1011380000,930366500,1011380000,2271857973,11,6.601,208665000,2.049,1.0,429581000,0.162,475521000,53898000,2156736000,2124269250,294588000,0,0,0,1770502000,720356000,1050146000,1595446973,153049000,0,74000,-48732000,0,-58976000,-124090000,0,332755000,3360000,124214000,124214000,124214000,0,513000,0.047,216821000,212760000,497455000,0.0,1.577,12.844,12.844,1056845000,0,15.67,0.6,0.6,483903000,193342000,2658592000,2658592000,0,0.047,0.134,0.091,0.073,18290000,191997000,1.0,101815378,101815378,,26.112,2306361000,0,15231000,0,22.652,500951000
