ticker,dimension,calendardate,datekey,reportperiod,lastupdated,accoci,assets,assetsavg,assetsc,assetsnc,assetturnover,bvps,capex,cashneq,cashnequsd,cor,consolinc,currentratio,de,debt,debtc,debtnc,debtusd,deferredrev,depamor,deposits,divyield,dps,ebit,ebitda,ebitdamargin,ebitdausd,ebitusd,ebt,eps,epsdil,epsusd,equity,equityavg,equityusd,ev,evebit,evebitda,fcf,fcfps,fxusd,gp,grossmargin,intangibles,intexp,invcap,invcapavg,inventory,investments,investmentsc,investmentsnc,liabilities,liabilitiesc,liabilitiesnc,marketcap,ncf,ncfbus,ncfcommon,ncfdebt,ncfdiv,ncff,ncfi,ncfinv,ncfo,ncfx,netinc,netinccmn,netinccmnusd,netincdis,netincnci,netmargin,opex,opinc,payables,payoutratio,pb,pe,pe1,ppnenet,prefdivis,price,ps,ps1,receivables,retearn,revenue,revenueusd,rnd,roa,roe,roic,ros,sbcomp,sgna,sharefactor,sharesbas,shareswa,shareswadil,sps,tangibles,taxassets,taxexp,taxliabilities,tbvps,workingcapital
TUP,MRY,2011-12-31,2011-12-31,2011-12-31,2018-05-01,-295500000,1822600000,1938950000,769400000,1053200000,1.333,8.73,-68900000,138200000,138200000,862500000,218300000,1.143,2.639,610900000,195700000,415200000,610900000,0,49800000,0,0.021,1.2,344300000,394100000,0.152,394100000,344300000,295300000,3.63,3.55,3.63,500800000,674325000,500800000,3732832128,10,9.472,205800000,3.588,1.0,1722500000,0.666,405700000,49000000,1216200000,1297750000,302500000,0,0,0,1321800000,673400000,648400000,3210632128,-110500000,0,-412500000,176400000,-73800000,-300900000,-68900000,0,274700000,-15400000,218300000,218300000,218300000,0,0,0.084,1381400000,341100000,157200000,0.331,6.411,14.707,15.419,273100000,0,55.97,1.242,1.242,234400000,1091700000,2585000000,2585000000,0,0.113,0.324,0.265,0.133,9000000,1340000000,1.0,57363447,57363447,,45.064,1416900000,411800000,77000000,0,24.7,96000000
TUP,MRY,2012-12-31,2012-12-29,2012-12-29,2018-05-01,-271300000,1821800000,1825550000,766500000,1055300000,1.415,8.665,-64800000,119800000,119800000,856400000,193000000,1.104,2.803,617800000,203400000,414400000,617800000,0,49600000,0,0.023,1.44,307700000,357300000,0.138,357300000,307700000,272800000,3.49,3.42,3.49,479100000,496500000,479100000,4007204476,13,11.215,233900000,4.23,1.0,1727400000,0.669,336300000,34900000,1289000000,1325700000,313900000,0,0,0,1342700000,694500000,648200000,3465204476,-18400000,0,-192100000,3700000,-77600000,-252500000,-64800000,0,298700000,200000,193000000,193000000,193000000,0,0,0.075,1422200000,305200000,154800000,0.413,7.233,17.954,17.957,298800000,0,62.67,1.341,1.341,237200000,1172400000,2583800000,2583800000,0,0.106,0.389,0.232,0.119,6600000,1329500000,1.0,55292875,55292875,,46.729,1485500000,454000000,79800000,0,26.866,72000000
TUP,MRY,2013-12-31,2013-12-28,2013-12-28,2018-05-01,-316800000,1843900000,1865825000,779000000,1064900000,1.432,4.992,-60100000,127300000,127300000,889800000,274200000,1.056,6.291,855300000,235400000,619900000,855300000,0,54800000,0,0.026,2.48,400600000,455400000,0.17,455400000,400600000,360400000,5.28,5.17,5.28,252900000,324650000,252900000,5594274398,13,12.284,263400000,5.199,1.0,1781800000,0.667,310400000,40200000,1524000000,1546875000,313400000,0,0,0,1591000000,737500000,853500000,4808474398,7500000,0,-358400000,223100000,-116800000,-237600000,-60100000,0,323500000,-18300000,274200000,274200000,274200000,0,0,0.103,1383800000,398000000,149700000,0.47,19.013,17.536,17.975,300900000,0,94.91,1.8,1.8,242000000,1289200000,2671600000,2671600000,0,0.147,0.845,0.259,0.15,5000000,1369700000,1.0,50663517,50663517,,52.732,1533500000,494300000,86200000,0,30.268,41500000
TUP,MRY,2014-12-31,2014-12-27,2014-12-27,2018-05-01,-408700000,1769800000,1855275000,634500000,1135300000,1.405,3.689,-62300000,77000000,77000000,884000000,214400000,0.858,8.525,833500000,221400000,612100000,833500000,0,63700000,0,0.043,2.72,344700000,408400000,0.157,408400000,344700000,298200000,4.28,4.2,4.28,185800000,249275000,185800000,4049212989,11,9.915,221800000,4.403,1.0,1722100000,0.661,270400000,46500000,1516400000,1611900000,306000000,0,0,0,1584000000,739500000,844500000,3207612989,-50300000,0,-76600000,-5200000,-135500000,-211000000,-62300000,0,284100000,-61100000,214400000,214400000,214400000,0,0,0.082,1380400000,341700000,142800000,0.636,17.264,14.961,14.879,290300000,0,63.68,1.231,1.231,247200000,1348200000,2606100000,2606100000,0,0.116,0.86,0.214,0.132,12600000,1346100000,1.0,50370807,50370807,,51.738,1499400000,525300000,83800000,0,29.767,-105000000
TUP,MRY,2015-12-31,2015-12-26,2015-12-26,2018-05-01,-522000000,1598200000,1672225000,550500000,1047700000,1.366,3.197,-43100000,79800000,79800000,744400000,185800000,0.897,8.927,770700000,162500000,608200000,770700000,0,62400000,0,0.049,2.72,307500000,369900000,0.162,369900000,307500000,259900000,3.72,3.69,3.72,161000000,157100000,161000000,3616439819,11,9.777,182600000,3.626,1.0,1539400000,0.674,229000000,47600000,1446100000,1511500000,254600000,0,0,0,1437200000,614000000,823200000,2814439819,2800000,0,14600000,-39700000,-138000000,-157100000,-43100000,0,225700000,-22700000,185800000,185800000,185800000,0,0,0.081,1234300000,305100000,126700000,0.731,17.481,15.148,15.024,253600000,0,55.89,1.232,1.232,201400000,1371200000,2283800000,2283800000,0,0.111,1.183,0.203,0.135,14000000,1217600000,1.0,50356769,50356769,,45.352,1369200000,524900000,74100000,0,27.19,-63500000
TUP,MRY,2016-12-31,2016-12-31,2016-12-31,2018-05-01,-571500000,1587800000,1632775000,545300000,1042500000,1.355,4.209,-25700000,93200000,93200000,715000000,223600000,0.996,6.461,711900000,105900000,606000000,711900000,0,57500000,0,0.052,2.72,350100000,407600000,0.184,407600000,350100000,301300000,4.43,4.41,4.43,212800000,187550000,212800000,3368840026,9,8.265,212900000,4.211,1.0,1498100000,0.677,199900000,48800000,1459000000,1504975000,240400000,0,0,0,1375000000,547600000,827400000,2660540026,13400000,0,-900000,-54200000,-138800000,-193300000,-25700000,0,238600000,-6200000,223600000,223600000,223600000,0,0,0.101,1151400000,346700000,117700000,0.614,12.503,11.899,11.878,259800000,0,52.62,1.202,1.202,203400000,1455300000,2213100000,2213100000,0,0.137,1.192,0.233,0.158,19400000,1170800000,1.0,50561384,50561384,,43.771,1387900000,539700000,77700000,0,27.45,-2300000
TUP,MRY,2017-12-31,2017-12-30,2017-12-30,2018-05-01,-529400000,1388000000,1608700000,630500000,757500000,1.402,-2.346,-57600000,144100000,144100000,744600000,-265400000,0.957,-12.625,738100000,133000000,605100000,738100000,0,60500000,0,0.043,2.72,231200000,291700000,0.129,291700000,231200000,185100000,-5.22,-5.22,-5.22,-119400000,154625000,-119400000,3870144431,16,13.268,159400000,3.132,1.0,1511200000,0.67,141400000,46100000,1181800000,1490450000,262200000,0,0,0,1507400000,658800000,848600000,3190644431,50900000,0,9300000,13600000,-139500000,-116600000,-57600000,0,217000000,8100000,-265400000,-265400000,-265400000,0,0,-0.118,1282900000,228300000,124400000,-0.521,-26.722,-12.022,-12.011,278200000,0,62.7,1.414,1.414,222300000,1043100000,2255800000,2255800000,0,-0.165,-1.716,0.155,0.102,22600000,1162300000,1.0,50887471,50887471,,44.329,1246600000,278000000,450500000,0,24.497,-28300000
