ticker,dimension,calendardate,datekey,reportperiod,lastupdated,accoci,assets,assetsavg,assetsc,assetsnc,assetturnover,bvps,capex,cashneq,cashnequsd,cor,consolinc,currentratio,de,debt,debtc,debtnc,debtusd,deferredrev,depamor,deposits,divyield,dps,ebit,ebitda,ebitdamargin,ebitdausd,ebitusd,ebt,eps,epsdil,epsusd,equity,equityavg,equityusd,ev,evebit,evebitda,fcf,fcfps,fxusd,gp,grossmargin,intangibles,intexp,invcap,invcapavg,inventory,investments,investmentsc,investmentsnc,liabilities,liabilitiesc,liabilitiesnc,marketcap,ncf,ncfbus,ncfcommon,ncfdebt,ncfdiv,ncff,ncfi,ncfinv,ncfo,ncfx,netinc,netinccmn,netinccmnusd,netincdis,netincnci,netmargin,opex,opinc,payables,payoutratio,pb,pe,pe1,ppnenet,prefdivis,price,ps,ps1,receivables,retearn,revenue,revenueusd,rnd,roa,roe,roic,ros,sbcomp,sgna,sharefactor,sharesbas,shareswa,shareswadil,sps,tangibles,taxassets,taxexp,taxliabilities,tbvps,workingcapital
TV,MRY,2011-12-31,2011-12-31,2011-12-31,2018-04-30,1323202000,153300053000,144630934500,50659758000,102640295000,0.433,0.159,-9138531000,21698487000,1555140416,33486015000,7957315000,1.407,1.82,56548521000,1551763000,54996758000,4052858178,21386324000,7361552000,0,0.007,0.15,15679496000,23041048000,0.368,1651362372,1123756598,9892003000,2.37,2.24,0.17,51774743000,48193298500,3710719341,15140296327,13,9.168,13865096000,0.043,13.953,29095526000,0.465,20976789000,5787493000,131171314000,114910295500,1383822000,44020505000,0,44020505000,94210678000,36001984000,58208694000,13689970693,-4666607000,0,-12552000,5358416000,-1023012000,-2543102000,-25232346000,-13657388000,23003627000,105214000,6665936000,6665936000,477750660,0,1291379000,0.107,12228189000,16867337000,7862602000,0.883,3.689,28.655,123.985,40874886000,0,21.06,3.052,1526.111,22449462000,45492624000,62581541000,4485247461,0,0.046,0.138,0.136,0.251,649325000,12228189000,0.002,325023045906,325023045906,,0.014,132323264000,451885000,3226067000,1388242000,0.407,14657774000
TV,MRY,2012-12-31,2012-12-31,2012-12-31,2018-04-30,1805884000,164997151000,159148602000,54637754000,110359397000,0.435,0.183,-11092144000,24380621000,1879785244,36795944000,10069168000,1.51,1.591,57962569000,814257000,57148312000,4469007656,21985163000,8474240000,0,0.005,0.127,17336113000,25810353000,0.372,1990019889,1336642303,12813928000,3.08,2.83,0.237,60644005000,56209374000,4675750701,20337148905,15,10.22,11463919000,0.035,12.97,32494465000,0.469,22024748000,4522185000,140377740000,135774527000,1508581000,42978939000,0,42978939000,96462548000,36176611000,60285937000,17588630441,2787401000,0,0,-1425784000,-1002692000,-7547799000,-12167423000,216911000,22556063000,-53440000,8760637000,8760637000,675459257,0,1308531000,0.126,13704480000,18789985000,8594138000,0.535,3.762,26.04,111.929,48267322000,0,26.58,3.292,1646.135,23256940000,51073399000,69290409000,5342402410,0,0.055,0.156,0.128,0.25,628637000,13704480000,0.002,330862122669,330862122669,,0.016,142972403000,1100731000,4053291000,1727889000,0.432,18461143000
TV,MRY,2013-12-31,2013-12-31,2013-12-31,2018-04-30,3394051000,194108920000,179553035500,53207745000,140901175000,0.411,0.205,-14701454000,20415009000,1565058090,39602423000,10234127000,1.321,1.691,65772731000,1535082000,64237649000,5042277708,22436858000,9846366000,0,0.009,0.277,16564213000,26410579000,0.358,2024691262,1269847864,11477241000,2.71,2.5,0.208,68311434000,64477719500,5236900090,22978214107,18,11.349,9104751000,0.027,13.044,34188288000,0.463,25417759000,5086972000,173765816000,157071778000,1718366000,56267166000,0,56267166000,115529487000,40283067000,75246420000,20207503359,-2371292000,-1588925000,0,6179428000,-2168384000,-923817000,-25246453000,-8141884000,23806205000,-7227000,7748279000,7748279000,593999578,0,2485848000,0.105,15366803000,18821485000,12024853000,1.333,3.859,34.019,145.653,53476475000,0,30.26,3.572,1786.077,24676934000,56897886000,73790711000,5656953140,0,0.043,0.12,0.105,0.224,601181000,15366803000,0.002,333897940506,333897940506,,0.017,168691161000,10608778000,3728962000,8493221000,0.505,12924678000
TV,MRY,2014-12-31,2014-12-31,2014-12-31,2018-04-30,5679063000,235551941000,214830430500,79802176000,155749765000,0.373,0.229,-16523757000,34517935000,2340852834,42908647000,6659772000,1.799,1.922,87282100000,1814218000,85467882000,5919083839,20434744000,11776301000,0,0.0,0.0,15310418000,27086719000,0.338,1836900815,1038284456,8367788000,1.87,1.74,0.127,76804977000,72558205500,5208571953,26271142195,25,14.302,11939182000,0.036,14.746,37209705000,0.464,42624534000,6942630000,201321450000,187543633000,3336667000,39742319000,0,39742319000,147636860000,44370122000,103266738000,22854329672,13037317000,-5487293000,0,13184160000,0,7230849000,-22739509000,66017000,28462939000,83038000,5386905000,5386905000,365315939,0,1272867000,0.067,17971608000,19238097000,17150608000,0.0,4.388,62.56,268.58,62009508000,0,34.06,4.206,2103.183,35298959000,62905444000,80118352000,5433270310,0,0.025,0.074,0.082,0.191,844788000,17971608000,0.002,335501022792,335501022792,,0.016,192927407000,16080292000,2980883000,16888846000,0.575,35432054000
TV,MRY,2015-12-31,2015-12-31,2015-12-31,2018-04-30,5257554000,281473754000,258512847500,89938076000,191535678000,0.341,0.258,-24958593000,54727574000,3174987323,47226544000,12325450000,1.836,2.082,117399947000,4675624000,112724323000,6810887388,20984911000,14965789000,0,0.004,0.115,25896751000,40862540000,0.464,2370615706,1502384449,17231353000,3.77,3.52,0.219,87382935000,82093956000,5069468472,21849378505,14,9.217,6326983000,0.019,17.237,40825285000,0.464,52634607000,8665398000,242533470000,221927460000,1628276000,50353375000,0,50353375000,181951977000,48978050000,132973927000,18397019394,19667776000,170571000,0,19902975000,-1084192000,12032925000,-23781560000,365282000,31285576000,130835000,10899135000,10899135000,632306768,0,1426315000,0.124,21751683000,19073602000,17804519000,0.526,3.629,29.095,124.409,76089277000,0,27.21,3.601,1800.708,26096584000,73139684000,88051829000,5108273955,0,0.042,0.133,0.117,0.294,1199489000,21751683000,0.002,338056218201,338056218201,,0.015,228839147000,17665086000,6332218000,19216962000,0.677,40960026000
TV,MRY,2016-12-31,2016-12-31,2016-12-31,2018-04-30,3961784000,309054150000,295263952000,95761498000,213292652000,0.326,0.248,-26370374000,53044302000,2558522023,52377790000,5333354000,1.668,2.539,140069769000,4456175000,135613594000,6756080772,21709431000,17332487000,0,0.005,0.095,17625226000,34957713000,0.363,1686139231,850129555,6593641000,1.28,1.2,0.062,83791916000,85587425500,4041592676,17510586384,20,10.385,10286517000,0.03,20.732,43909573000,0.456,52243240000,11031585000,286410314000,264471892000,1899078000,57229005000,0,57229005000,212769750000,57426063000,155343687000,14141209031,-1851043000,-231004000,0,1776834000,-1084192000,-9990912000,-29000410000,73092000,36656891000,483388000,3721406000,3721406000,179497115,0,1611948000,0.039,24174092000,19735481000,23966241000,1.539,3.499,78.782,338.359,86783572000,0,20.89,3.045,1522.428,31696931000,70395669000,96287363000,4644294100,0,0.013,0.043,0.067,0.183,1410492000,24174092000,0.002,338468382759,338468382759,,0.014,256810910000,22729580000,2872235000,20227619000,0.759,38335435000
TV,MRY,2017-12-31,2017-12-31,2017-12-31,2018-04-30,4599147000,297220101000,303137125500,87044703000,210175398000,0.311,0.251,-15848095000,44748627000,2274922065,53534553000,6577522000,1.715,2.306,133403832000,3863189000,129540643000,6781958272,18798347000,19040948000,0,0.004,0.083,18044287000,37085235000,0.393,1885332021,917331981,8798616000,1.54,1.46,0.078,85661764000,84726840000,4354856230,17431781593,19,9.246,9251641000,0.027,19.67,40739682000,0.432,49935821000,9245671000,285174668000,285792491000,1492947000,58107604000,0,58107604000,197563187000,50764817000,146798370000,12742959975,-8811134000,-147110000,-383808000,-2664846000,-1084192000,-16469338000,-17331085000,441710000,25099736000,-110447000,4524496000,4524496000,230015454,0,2053026000,0.048,24110146000,16629536000,20951264000,1.06,2.926,55.4,238.472,85719810000,0,18.67,2.659,1329.415,30531319000,74983656000,94274235000,4792695369,0,0.015,0.053,0.063,0.191,1489884000,24110146000,0.002,341268344274,341268344274,,0.014,247284280000,21355044000,4274120000,17464978000,0.725,36279886000
