ticker,dimension,calendardate,datekey,reportperiod,lastupdated,accoci,assets,assetsavg,assetsc,assetsnc,assetturnover,bvps,capex,cashneq,cashnequsd,cor,consolinc,currentratio,de,debt,debtc,debtnc,debtusd,deferredrev,depamor,deposits,divyield,dps,ebit,ebitda,ebitdamargin,ebitdausd,ebitusd,ebt,eps,epsdil,epsusd,equity,equityavg,equityusd,ev,evebit,evebitda,fcf,fcfps,fxusd,gp,grossmargin,intangibles,intexp,invcap,invcapavg,inventory,investments,investmentsc,investmentsnc,liabilities,liabilitiesc,liabilitiesnc,marketcap,ncf,ncfbus,ncfcommon,ncfdebt,ncfdiv,ncff,ncfi,ncfinv,ncfo,ncfx,netinc,netinccmn,netinccmnusd,netincdis,netincnci,netmargin,opex,opinc,payables,payoutratio,pb,pe,pe1,ppnenet,prefdivis,price,ps,ps1,receivables,retearn,revenue,revenueusd,rnd,roa,roe,roic,ros,sbcomp,sgna,sharefactor,sharesbas,shareswa,shareswadil,sps,tangibles,taxassets,taxexp,taxliabilities,tbvps,workingcapital
UBNT,MRY,2011-12-31,2011-06-30,2011-06-30,2018-05-10,0,131678000,,128102000,3576000,,-0.86,-479000,76361000,76361000,117062000,49727000,3.389,-0.737,0,0,0,0,1734000,213000,1675000,,0.0,62080000,62293000,0.315,62293000,62080000,62159000,0.08,0.07,0.08,-53872000,,-53872000,,,,62363000,0.988,1.0,80812000,0.408,0,-79000,17516000,,5663000,0,0,0,39703000,37801000,1902000,,47946000,0,-9648000,0,0,-14417000,-479000,0,62842000,0,49727000,4875000,4875000,0,0,0.025,18732000,62080000,14758000,0.0,,,,1022000,44852000,,,,39811000,15035000,197874000,197874000,11374000,,,,0.314,952000,7358000,1.0,,63092000,63092000,3.136,131678000,324000,12432000,6298000,2.102,90301000
UBNT,MRY,2012-12-31,2012-06-30,2012-06-30,2018-05-10,0,213736000,163679000,207897000,5839000,2.16,1.425,-3310000,122060000,122060000,202514000,102589000,3.965,0.632,29591000,6968000,22623000,29591000,805000,602000,235000,0.0,0.0,125292000,125894000,0.356,125894000,125292000,124023000,-0.12,-0.12,-0.12,130951000,43701750,130951000,1246278115,9,9.899,78478000,0.94,1.0,151003000,0.427,0,1269000,68832000,73274250,7734000,0,0,0,82785000,52435000,30350000,1309147115,45699000,0,33254000,29563000,0,-32779000,-3310000,0,81788000,0,102589000,-9842000,-9842000,0,0,-0.028,25711000,125292000,26450000,0.0,9.997,-133.016,-118.75,4471000,112431000,14.25,3.703,3.364,75644000,71393000,353517000,353517000,16699000,-0.06,-0.225,1.71,0.354,-12301000,9012000,1.0,91869973,83460000,83460000,4.236,213736000,1114000,21434000,8673000,2.326,155462000
UBNT,MRY,2013-12-31,2013-06-30,2013-06-30,2018-05-10,0,292340000,246374500,283474000,8866000,1.302,1.692,-5363000,227826000,227826000,185489000,80490000,4.771,0.983,76129000,5013000,71116000,76129000,691000,1963000,5123000,0.01,0.18,92604000,94567000,0.295,94567000,92604000,91753000,0.91,0.89,0.91,147436000,117424500,147436000,1423803580,15,15.056,126528000,1.433,1.0,135334000,0.422,0,851000,81222000,90205250,15880000,0,0,0,144904000,59421000,85483000,1528123580,105766000,0,-53719000,46500000,-15652000,-20762000,-5363000,0,131891000,0,80490000,80490000,80490000,0,0,0.251,42730000,92604000,36187000,0.198,10.365,18.985,19.275,5976000,0,17.54,4.763,4.828,35884000,136231000,320823000,320823000,20955000,0.327,0.685,1.027,0.289,1053000,21775000,1.0,87122211,88314000,88314000,3.633,292340000,737000,11263000,15624000,3.354,224053000
UBNT,MRY,2014-12-31,2014-06-30,2014-06-30,2018-05-10,0,476151000,411678750,465724000,10427000,1.391,3.805,-4045000,347097000,347097000,318997000,176937000,8.902,0.42,72254000,0,72254000,72254000,0,2819000,0,0.0,0.0,195945000,198764000,0.347,198764000,195945000,194611000,2.02,1.97,2.02,335264000,261261750,335264000,3761966199,19,18.927,117282000,1.336,1.0,253467000,0.443,0,1334000,148993000,113691500,46349000,0,0,0,140887000,52315000,88572000,3981228199,119271000,0,2090000,-3996000,0,1989000,-4045000,0,121327000,0,176937000,176937000,176937000,0,0,0.309,57522000,195945000,33933000,0.0,11.875,22.501,22.371,7260000,0,45.19,6.955,6.929,54871000,313168000,572464000,572464000,33962000,0.43,0.677,1.723,0.342,-1002000,23560000,1.0,88099761,87772000,87772000,6.522,476151000,5395000,17674000,18817000,5.403,413409000
UBNT,MRY,2015-12-31,2015-06-30,2015-06-30,2018-05-10,0,600572000,576137500,581346000,19226000,1.034,4.814,-12724000,446401000,446401000,333760000,129663000,8.289,0.423,97500000,10000000,87500000,97500000,0,4971000,0,0.005,0.17,146878000,151849000,0.255,151849000,146878000,145748000,1.47,1.45,1.47,422154000,402425500,422154000,2457404627,16,16.183,121823000,1.384,1.0,262187000,0.44,0,1130000,181537000,168136250,37031000,0,0,0,178418000,70134000,108284000,2808563627,99304000,0,-33026000,25246000,-15020000,-22519000,-12724000,0,134547000,0,129663000,129663000,129663000,0,0,0.218,115309000,146878000,43856000,0.116,6.653,21.66,21.711,15602000,0,31.915,4.713,4.713,66104000,422067000,595947000,595947000,54565000,0.225,0.322,0.874,0.246,2913000,21607000,1.0,88001367,88008000,88008000,6.772,600572000,5616000,16085000,21892000,6.849,511212000
UBNT,MRY,2016-12-31,2016-06-30,2016-06-30,2018-05-10,0,747108000,656529250,728384000,18724000,1.015,5.341,-6248000,551031000,551031000,341600000,213616000,8.034,0.697,202557000,10993000,191564000,202557000,0,6294000,0,0.0,0.0,242055000,248349000,0.373,248349000,242055000,239940000,2.53,2.49,2.53,440376000,428282250,440376000,2859203303,11,11.513,191260000,2.266,1.0,324795000,0.487,0,2115000,307971000,234253250,57113000,0,0,0,306732000,90663000,216069000,3205752303,104630000,0,-192411000,106000000,0,-86630000,-6248000,0,197508000,0,213616000,213616000,213616000,0,0,0.321,82740000,242055000,51510000,0.0,7.28,15.007,15.281,12953000,0,38.66,4.811,4.896,82790000,440294000,666395000,666395000,57765000,0.325,0.499,1.033,0.363,2715000,33269000,1.0,82921684,84402000,84402000,7.895,747108000,4494000,26324000,25993000,9.061,637721000
UBNT,MRY,2017-12-31,2017-06-30,2017-06-30,2018-05-10,0,972711000,891038250,952334000,20377000,0.971,7.496,-7232000,604198000,604198000,469560000,257506000,9.67,0.616,256564000,14743000,241821000,256564000,0,7359000,0,0.0,0.0,289761000,297120000,0.343,297120000,289761000,285024000,3.16,3.09,3.16,601764000,558097250,601764000,3862835571,13,13.001,104804000,1.286,1.0,395708000,0.457,0,4737000,526589000,431318750,142048000,0,0,0,370947000,98488000,272459000,4171529571,53167000,0,-103793000,53750000,0,-51637000,-7232000,0,112036000,0,257506000,257506000,257506000,0,0,0.298,105947000,289761000,49008000,0.0,6.932,16.2,16.446,12916000,0,51.97,4.821,4.894,140561000,601159000,865268000,865268000,69094000,0.289,0.461,0.672,0.335,2785000,36853000,1.0,80268031,81478000,81478000,10.62,972711000,7552000,27518000,29730000,12.117,853846000
