ticker,dimension,calendardate,datekey,reportperiod,lastupdated,accoci,assets,assetsavg,assetsc,assetsnc,assetturnover,bvps,capex,cashneq,cashnequsd,cor,consolinc,currentratio,de,debt,debtc,debtnc,debtusd,deferredrev,depamor,deposits,divyield,dps,ebit,ebitda,ebitdamargin,ebitdausd,ebitusd,ebt,eps,epsdil,epsusd,equity,equityavg,equityusd,ev,evebit,evebitda,fcf,fcfps,fxusd,gp,grossmargin,intangibles,intexp,invcap,invcapavg,inventory,investments,investmentsc,investmentsnc,liabilities,liabilitiesc,liabilitiesnc,marketcap,ncf,ncfbus,ncfcommon,ncfdebt,ncfdiv,ncff,ncfi,ncfinv,ncfo,ncfx,netinc,netinccmn,netinccmnusd,netincdis,netincnci,netmargin,opex,opinc,payables,payoutratio,pb,pe,pe1,ppnenet,prefdivis,price,ps,ps1,receivables,retearn,revenue,revenueusd,rnd,roa,roe,roic,ros,sbcomp,sgna,sharefactor,sharesbas,shareswa,shareswadil,sps,tangibles,taxassets,taxexp,taxliabilities,tbvps,workingcapital
UCBA,MRY,2011-12-31,2011-06-30,2011-06-30,2018-05-11,452000,472531000,484601250,,,0.029,10.504,-434000,31159000,31159000,0,1170000,,7.727,2063000,,,2063000,0,923000,413091000,0.07,0.67,1671000,2594000,0.183,2594000,1671000,1671000,0.228,0.228,0.228,54146000,54609750,54146000,23332268,13,8.995,6459000,1.253,1.0,14157000,1.0,3550000,0,439885000,452664250,0,421056000,,,418385000,,,49037268,-864000,0,-37000,-938000,-1357000,-19324000,11567000,12500000,6893000,0,1170000,1170000,1170000,0,0,0.083,12486000,1671000,0,2.939,0.906,41.912,41.723,7396000,0,9.513,3.464,3.464,0,26435000,14157000,14157000,0,0.002,0.021,0.004,0.118,157000,9504000,1.0,5154797,5154797,,2.746,468981000,2880000,501000,0,90.98,
UCBA,MRY,2012-12-31,2012-06-30,2012-06-30,2018-05-11,472000,495903000,485508000,,,0.031,10.678,-235000,29079000,29079000,0,1989000,,8.018,11158000,,,11158000,0,727000,426967000,0.079,0.67,2777000,3504000,0.23,3504000,2777000,2777000,0.4,0.4,0.4,54988000,55082250,54988000,23085813,8,6.588,6369000,1.237,1.0,15213000,1.0,3392000,0,474590000,463151250,0,447119000,,,440915000,,,43894813,-2080000,0,-31000,9095000,-1364000,21602000,-30286000,-28244000,6604000,0,1989000,1989000,1989000,0,0,0.131,12436000,2777000,0,1.675,0.798,22.069,21.309,7062000,0,8.524,2.885,2.885,0,27060000,15213000,15213000,0,0.004,0.036,0.006,0.183,48000,9878000,1.0,5149802,5149802,,2.954,492511000,3004000,788000,0,95.637,
UCBA,MRY,2013-12-31,2013-06-30,2013-06-30,2018-05-11,-2113000,512631000,514353750,,,0.033,14.281,-100000,16787000,16787000,0,2567000,,5.97,15223000,,,15223000,0,668000,421243000,0.046,0.467,3496000,4164000,0.244,4164000,3496000,3496000,0.52,0.52,0.52,73543000,64782500,73543000,35655039,10,8.563,7251000,1.408,1.0,17091000,1.0,3212000,0,507855000,494208000,0,478088000,,,439088000,,,52680039,-12292000,0,21359000,4065000,-2356000,17969000,-37612000,-34694000,7351000,0,2567000,2567000,2567000,0,0,0.15,13595000,3496000,0,0.898,0.716,20.522,19.673,6674000,0,10.23,3.082,3.082,0,27371000,17091000,17091000,0,0.005,0.04,0.007,0.205,0,10568000,1.0,5149564,5149564,,3.319,509419000,4504000,929000,0,98.925,
UCBA,MRY,2014-12-31,2014-06-30,2014-06-30,2018-05-11,-1091000,530465000,519985750,,,0.031,14.47,-798000,24970000,24970000,0,2280000,,6.274,15228000,,,15228000,0,556000,439636000,0.02,0.24,2939000,3495000,0.217,3495000,2939000,2939000,0.47,0.47,0.47,72930000,73577250,72930000,46771976,15,13.383,5423000,1.076,1.0,16131000,1.0,3069000,0,517654000,508135750,0,488184000,,,457535000,,,59269976,8183000,0,-3279000,5000,-1114000,14005000,-12043000,-8040000,6221000,0,2280000,2280000,2280000,0,0,0.141,13192000,2939000,0,0.511,0.813,25.996,25.021,7115000,0,11.76,3.674,3.674,0,28581000,16131000,16131000,0,0.004,0.031,0.006,0.182,44000,10247000,1.0,5039964,5039964,,3.201,527396000,3510000,659000,0,104.643,
UCBA,MRY,2015-12-31,2015-06-30,2015-06-30,2018-05-11,-536000,521185000,518861000,,,0.032,15.424,-326000,18522000,18522000,0,2536000,,6.296,13386000,,,13386000,0,537000,432537000,0.017,0.24,2961000,3498000,0.211,3498000,2961000,2961000,0.57,0.57,0.57,71437000,71086750,71437000,53889172,18,15.406,6490000,1.401,1.0,16579000,1.0,2951000,0,513098000,504635500,0,486629000,,,449748000,,,63960172,-6448000,0,-4186000,-1842000,-1080000,-14207000,943000,1269000,6816000,0,2536000,2536000,2536000,0,0,0.153,13618000,2961000,0,0.421,0.895,25.221,24.228,7016000,0,13.81,3.858,3.858,0,30037000,16579000,16579000,0,0.005,0.036,0.006,0.179,675000,10867000,1.0,4631439,4631439,,3.58,518234000,3268000,425000,0,111.895,
UCBA,MRY,2016-12-31,2016-06-30,2016-06-30,2018-05-11,1379000,526089000,518544750,,,0.035,16.769,-256000,28980000,28980000,0,3428000,,6.467,12608000,,,12608000,0,512000,438885000,0.017,0.24,3969000,4481000,0.25,4481000,3969000,3969000,0.83,0.82,0.83,70454000,69479750,70454000,50428656,12,11.254,5338000,1.271,1.0,17949000,1.0,2834000,0,506883000,504826000,0,482914000,,,455635000,,,59112656,10458000,0,-6108000,-778000,-981000,-1519000,6383000,5631000,5594000,0,3428000,3428000,3428000,0,0,0.191,13980000,3969000,0,0.289,0.839,17.244,16.952,6877000,0,14.07,3.293,3.293,0,32484000,17949000,17949000,0,0.007,0.049,0.008,0.221,744000,11261000,1.0,4201326,4201326,,4.272,523255000,2073000,541000,0,124.545,
UCBA,MRY,2017-12-31,2017-06-30,2017-06-30,2018-05-11,-859000,536931000,534045000,,,0.035,16.958,-137000,26885000,26885000,0,3447000,,6.532,9404000,,,9404000,0,528000,453655000,0.014,0.27,4400000,4928000,0.264,4928000,4400000,4400000,0.85,0.84,0.85,71291000,70198500,71291000,53745269,12,10.906,3926000,0.934,1.0,18652000,1.0,2717000,0,516733000,511411500,0,494685000,,,465640000,,,79665269,-2095000,0,-18000,-3204000,-1092000,10456000,-16614000,-16896000,4063000,0,3447000,3447000,3447000,0,0,0.185,14252000,4400000,0,0.318,1.117,23.111,22.294,6603000,0,18.95,4.271,4.271,0,34839000,18652000,18652000,0,0.006,0.049,0.009,0.236,699000,11997000,1.0,4203972,4203972,,4.437,534214000,3266000,953000,0,127.074,
