ticker,dimension,calendardate,datekey,reportperiod,lastupdated,accoci,assets,assetsavg,assetsc,assetsnc,assetturnover,bvps,capex,cashneq,cashnequsd,cor,consolinc,currentratio,de,debt,debtc,debtnc,debtusd,deferredrev,depamor,deposits,divyield,dps,ebit,ebitda,ebitdamargin,ebitdausd,ebitusd,ebt,eps,epsdil,epsusd,equity,equityavg,equityusd,ev,evebit,evebitda,fcf,fcfps,fxusd,gp,grossmargin,intangibles,intexp,invcap,invcapavg,inventory,investments,investmentsc,investmentsnc,liabilities,liabilitiesc,liabilitiesnc,marketcap,ncf,ncfbus,ncfcommon,ncfdebt,ncfdiv,ncff,ncfi,ncfinv,ncfo,ncfx,netinc,netinccmn,netinccmnusd,netincdis,netincnci,netmargin,opex,opinc,payables,payoutratio,pb,pe,pe1,ppnenet,prefdivis,price,ps,ps1,receivables,retearn,revenue,revenueusd,rnd,roa,roe,roic,ros,sbcomp,sgna,sharefactor,sharesbas,shareswa,shareswadil,sps,tangibles,taxassets,taxexp,taxliabilities,tbvps,workingcapital
UEC,MRY,2011-12-31,2011-07-31,2011-07-31,2018-03-12,30626,65390985,,33937189,31453796,,0.811,-2172938,30724051,30724051,0,-27358095,8.666,0.106,0,0,0,0,0,1155959,0,0.0,0.0,-27358095,-26202136,,-26202136,-27358095,-27358095,-0.4,-0.4,-0.4,59122791,,59122791,,,,-25848886,-0.376,1.0,0,,0,0,30750671,,2775947,379126,79126,300000,6268194,3916263,2351931,,9656389,0,37106294,0,0,37114581,-3782244,-270965,-23675948,0,-27358095,-27358095,-27358095,0,0,,27906601,-27906601,3240391,0.0,,,-8.4,26543496,0,3.36,,,90907,-95740228,0,0,11420180,,,,,6342739,15187066,1.0,,68799322,68799322,0.0,65390985,0,0,0,0.897,30020926
UEC,MRY,2012-12-31,2012-07-31,2012-07-31,2018-03-12,-22127,85143395,76255494,27924201,57219194,0.18,0.894,-5766597,25015284,25015284,8112040,-25083720,5.122,0.121,0,0,0,0,0,2219924,0,0.0,0.0,-25114610,-22894686,-1.664,-22894686,-25114610,-25145508,-0.32,-0.32,-0.32,75920481,68359161,75920481,143389711,-5,-6.263,-24975060,-0.319,1.0,5645360,0.41,0,30898,54676212,48594628,1876100,41973,41973,0,9222914,5451899,3771015,169590310,-5708767,0,21522863,-1370486,0,20191533,-6691837,0,-19208463,0,-25083720,-25083720,-25083720,0,0,-1.823,30251253,-24605893,5318601,0.0,2.234,-6.761,-6.25,51676154,0,2.0,12.327,11.387,273584,-120823948,13757400,13757400,14938722,-0.329,-0.367,-0.517,-1.826,2909503,14036974,1.0,84795155,78325648,78325648,0.176,85143395,0,-61788,791939,1.003,22472302
UEC,MRY,2013-12-31,2013-07-31,2013-07-31,2018-03-12,0,73250001,72511977,16527822,56722179,0.124,0.671,-454145,14171807,14171807,8016265,-21863091,3.426,0.275,6957219,0,6957219,6957219,0,2778624,0,0.0,0.0,-21841086,-19062462,-2.112,-19062462,-21841086,-21873844,-0.26,-0.26,-0.26,57445078,62581456,57445078,188547665,-8,-9.891,-19765146,-0.231,1.0,1010060,0.112,0,32758,61210902,57020543,975719,18350,18350,0,15804923,4824511,10980412,197528206,-10843477,0,46464,9405946,0,9414538,-947014,0,-19311001,0,-21863091,-21863091,-21863091,0,0,-2.422,22820689,-21810629,3988438,0.0,3.439,-9.035,-8.885,50481129,0,2.31,21.884,21.85,45584,-142687039,9026325,9026325,10010691,-0.302,-0.349,-0.383,-2.42,1015787,10832929,1.0,85510046,85380412,85380412,0.106,73250001,0,-10753,781186,0.856,11703311
UEC,MRY,2014-12-31,2014-07-31,2014-07-31,2018-03-12,-13539,64655888,69041479,11483223,53172665,0.0,0.435,-325076,8839892,8839892,0,-25975107,4.996,0.64,18453705,0,18453705,18453705,0,2550012,0,0.0,0.0,-23151000,-20600988,,-20600988,-23151000,-26044816,-0.29,-0.29,-0.29,39423599,48562520,39423599,165326330,-7,-8.025,-21593179,-0.242,1.0,0,,0,2893816,71971367,65312816,1896475,0,0,0,25232289,2298334,22933955,160218803,-5331915,0,6342254,9554467,0,15898384,37804,0,-21268103,0,-25975107,-25975107,-25975107,0,0,,22836594,-22836594,2099518,0.0,4.064,-6.168,-6.103,47494036,0,1.77,,,0,-168662146,0,0,9160648,-0.376,-0.535,-0.354,,1309450,9825796,1.0,90519098,89136505,89136505,0.0,64655888,0,-69709,711477,0.714,9184889
UEC,MRY,2015-12-31,2015-07-31,2015-07-31,2018-03-12,-14631,57900257,56405946,10807618,47092639,0.055,0.328,-101667,10092408,10092408,2326674,-23361928,2.37,0.869,19757478,1666667,18090811,19757478,0,2193160,0,0.0,0.0,-20326106,-18132946,-5.887,-18132946,-20326106,-23397341,-0.25,-0.25,-0.25,30986665,30487758,30986665,142202951,-6,-7.842,-12376904,-0.134,1.0,753326,0.245,0,3071235,63004629,68254533,251999,0,0,0,26913592,4560698,22352894,123989450,1252516,0,9650530,0,0,9653956,3873797,0,-12275237,0,-23361928,-23361928,-23361928,0,0,-7.585,21089168,-20335842,2553204,0.0,4.001,-5.307,-5.36,45386614,0,1.34,40.256,40.199,0,-192024074,3080000,3080000,5706080,-0.414,-0.766,-0.298,-6.599,5617748,13230840,1.0,92529441,92397547,92397547,0.033,57900257,0,-35413,676064,0.612,6246920
UEC,MRY,2016-12-31,2016-07-31,2016-07-31,2018-03-12,-14730,56176311,54711911,8000641,48175670,0.0,0.261,-18934,7142571,7142571,0,-17329872,4.39,0.845,19198178,0,19198178,19198178,0,875724,0,0.0,0.0,-14356720,-13480996,,-13480996,-14356720,-17362111,-0.16,-0.16,-0.16,30449878,28865495,30449878,120595698,-8,-8.946,-13099541,-0.123,1.0,0,,0,3005391,66409471,61161606,275316,0,0,0,25726433,1822447,23903986,111769133,-2949837,-46084,10209632,0,0,10194972,-64202,0,-13080607,0,-17329872,-17329872,-17329872,0,0,,14331743,-14331743,1822447,0.0,3.671,-6.45,-6.001,44916255,0,0.96,,,0,-209353946,0,0,4061159,-0.317,-0.6,-0.235,,3084163,9297746,1.0,116414054,106086782,106086782,0.0,56176311,0,-32239,643825,0.482,6178194
UEC,MRY,2017-12-31,2017-07-31,2017-07-31,2018-03-12,-14702,72177234,69338087,23591397,48585837,0.0,0.332,-56407,12575973,12575973,0,-17971056,9.638,0.564,19254835,0,19254835,19254835,0,497728,0,0.0,0.0,-15090549,-14592821,,-14592821,-15090549,-18005411,-0.14,-0.14,-0.14,46135405,42900131,46135405,231523335,-15,-15.866,-10475851,-0.082,1.0,0,,0,2914862,76408474,72850703,211662,10151676,10000000,151676,26041829,2447622,23594207,221887819,5433402,34972,26889996,0,0,26890764,-11037918,-10151676,-10419444,0,-17971056,-17971056,-17971056,0,0,,15218433,-15218433,2447622,0.0,4.809,-12.347,-11.429,45723158,0,1.6,,,0,-227325002,0,0,4120388,-0.259,-0.419,-0.207,,3769370,10241681,1.0,138679887,128244751,128244751,0.0,72177234,0,-34355,609470,0.519,21143775
