ticker,dimension,calendardate,datekey,reportperiod,lastupdated,accoci,assets,assetsavg,assetsc,assetsnc,assetturnover,bvps,capex,cashneq,cashnequsd,cor,consolinc,currentratio,de,debt,debtc,debtnc,debtusd,deferredrev,depamor,deposits,divyield,dps,ebit,ebitda,ebitdamargin,ebitdausd,ebitusd,ebt,eps,epsdil,epsusd,equity,equityavg,equityusd,ev,evebit,evebitda,fcf,fcfps,fxusd,gp,grossmargin,intangibles,intexp,invcap,invcapavg,inventory,investments,investmentsc,investmentsnc,liabilities,liabilitiesc,liabilitiesnc,marketcap,ncf,ncfbus,ncfcommon,ncfdebt,ncfdiv,ncff,ncfi,ncfinv,ncfo,ncfx,netinc,netinccmn,netinccmnusd,netincdis,netincnci,netmargin,opex,opinc,payables,payoutratio,pb,pe,pe1,ppnenet,prefdivis,price,ps,ps1,receivables,retearn,revenue,revenueusd,rnd,roa,roe,roic,ros,sbcomp,sgna,sharefactor,sharesbas,shareswa,shareswadil,sps,tangibles,taxassets,taxexp,taxliabilities,tbvps,workingcapital
UEPS,MRY,2011-12-31,2011-06-30,2011-06-30,2018-05-10,-33779000,781645000,711280000,400089000,381556000,0.483,7.094,-14977000,95263000,95263000,109858000,2546000,1.375,1.411,125566000,15062000,110504000,125566000,0,34671000,0,0.0,0.0,44844000,79515000,0.232,79515000,44844000,36172000,0.06,0.06,0.06,323006000,324324750,323006000,429362864,9,5.4,51246000,1.125,1.0,233562000,0.68,329426000,8672000,191458000,145927250,6725000,1860000,0,1860000,455625000,291064000,164561000,395246864,-58479000,-230075000,-1023000,109186000,0,183269000,-323685000,100000,66223000,15714000,2647000,2647000,2647000,0,-101000,0.008,196134000,37428000,82625000,0.0,1.224,149.319,144.667,35807000,0,8.68,1.151,1.151,95500000,394990000,343420000,343420000,0,0.004,0.008,0.307,0.131,1720000,119692000,1.0,45535353,45535353,,7.542,452219000,15882000,33525000,59494000,9.931,109025000
UEPS,MRY,2012-12-31,2012-06-30,2012-06-30,2018-05-10,-75722000,955893000,752041000,584402000,371491000,0.519,7.541,-38403000,39123000,39123000,141000000,44665000,1.211,1.773,93779000,14019000,79760000,93779000,0,36499000,0,0.0,0.0,69932000,106431000,0.273,106431000,69932000,60587000,0.99,0.99,0.99,343505000,331539000,343505000,395948784,5,3.72,-17997000,-0.395,1.0,249264000,0.639,276667000,9345000,251339000,217331000,10779000,1508000,0,1508000,609082000,482543000,126539000,381272784,-56140000,-6154000,-1129000,-19172000,0,231907000,-292539000,-825000,20406000,-15914000,44651000,44651000,44651000,0,14000,0.114,188114000,61150000,53339000,0.0,1.11,8.539,8.455,52616000,0,8.37,0.977,0.977,119743000,439641000,390264000,390264000,0,0.059,0.135,0.322,0.179,2775000,137404000,1.0,45552304,45552304,,8.567,679226000,5591000,15936000,27007000,14.911,101859000
UEPS,MRY,2013-12-31,2013-06-30,2013-06-30,2018-05-10,-100858000,1276322000,1061459250,937199000,339123000,0.426,7.36,-22237000,53665000,53665000,196834000,12974000,1.13,2.781,80841000,14209000,66632000,80841000,0,40599000,0,0.0,0.0,35599000,76198000,0.169,76198000,35599000,27633000,0.28,0.28,0.28,336666000,349768250,336666000,383805115,10,5.037,33680000,0.736,1.0,255313000,0.565,253063000,7966000,221100000,244256500,12222000,1183000,0,1183000,936353000,829335000,107018000,336664115,14542000,-2140000,240000,-14508000,0,409716000,-447816000,0,55917000,-3275000,12977000,12977000,12977000,0,-3000,0.029,232151000,23162000,60375000,0.0,1.0,25.943,26.286,48301000,0,7.36,0.745,0.745,113898000,452618000,452147000,452147000,0,0.012,0.037,0.146,0.079,3907000,191552000,1.0,45742407,45742407,,9.885,1023259000,4938000,14656000,21002000,22.37,107864000
UEPS,MRY,2014-12-31,2014-06-30,2014-06-30,2018-05-10,-82741000,1350945000,1226793000,1008895000,342050000,0.474,8.803,-20916000,58672000,58672000,260232000,70061000,1.249,2.058,77177000,14789000,62388000,77177000,0,40286000,0,0.0,0.0,116963000,157249000,0.27,157249000,116963000,109490000,1.51,1.5,1.51,441771000,388246250,441771000,612277431,5,3.894,16229000,0.323,1.0,321424000,0.553,255090000,7473000,306550000,278362000,10785000,878000,0,878000,909197000,807810000,101387000,571086431,5007000,56000,198000,-12086000,0,-25781000,-9237000,0,37145000,2880000,70111000,70111000,70111000,0,-50000,0.121,219626000,101798000,59358000,0.0,1.293,8.145,7.536,47797000,0,11.38,0.982,0.982,206000000,522729000,581656000,581656000,0,0.057,0.181,0.42,0.201,3718000,168072000,1.0,50183342,50183342,,11.591,1095855000,7451000,39379000,23198000,21.837,201085000
UEPS,MRY,2015-12-31,2015-06-30,2015-06-30,2018-05-10,-139181000,1316956000,1254003750,946316000,370640000,0.499,10.259,-35579000,117583000,117583000,297856000,96734000,1.222,1.753,59625000,8863000,50762000,59625000,0,40685000,0,0.0,0.0,143327000,184012000,0.294,184012000,143327000,138871000,2.03,2.02,2.03,478127000,456300250,478127000,801003756,5,4.353,99679000,2.139,1.0,328123000,0.524,213561000,4456000,270797000,285942250,12979000,14329000,0,14329000,838171000,774640000,63531000,851978756,58911000,1895000,-7106000,-10363000,0,16784000,-80783000,-13200000,135258000,-12348000,94735000,94735000,94735000,0,1999000,0.151,199604000,128519000,67048000,0.0,1.782,8.993,9.005,52320000,0,18.28,1.361,1.361,164014000,617868000,625979000,625979000,0,0.076,0.208,0.501,0.229,3195000,158919000,1.0,46607153,46607153,,13.431,1103395000,7298000,44136000,16851000,23.674,171676000
UEPS,MRY,2016-12-31,2016-06-30,2016-06-30,2018-05-10,-189700000,1263500000,1120014750,923723000,339777000,0.527,10.804,-34448000,223644000,223644000,290101000,84796000,1.534,1.339,51809000,8675000,43134000,51809000,0,40394000,0,0.0,0.0,127957000,168351000,0.285,168351000,127957000,124534000,1.72,1.71,1.72,493047000,471219250,493047000,393659985,3,2.338,82104000,1.799,1.0,300648000,0.509,228034000,3423000,261420000,268997000,10004000,25645000,0,25645000,660280000,602211000,58069000,455907985,106061000,-15767000,84807000,-6609000,0,13645000,-5756000,-8900000,116552000,-18380000,82454000,82454000,82454000,0,2342000,0.14,186280000,114368000,51576000,0.0,0.925,5.529,5.808,54977000,0,9.99,0.772,0.772,146394000,700322000,590749000,590749000,0,0.074,0.175,0.476,0.217,3598000,145886000,1.0,45636435,45636435,,12.945,1035466000,6956000,42080000,17794000,22.689,321512000
UEPS,MRY,2017-12-31,2017-06-30,2017-06-30,2018-05-10,-162569000,1450756000,1284994750,1106190000,344566000,0.475,10.376,-9603000,258457000,258457000,292383000,74648000,1.534,1.243,32818000,25317000,7501000,32818000,0,41378000,0,0.0,0.0,118910000,160288000,0.263,160288000,118910000,115426000,1.34,1.33,1.34,597569000,550766250,597569000,325407238,2,2.03,87558000,1.52,1.0,317683000,0.521,227597000,3484000,276206000,254100750,8020000,27862000,0,27862000,742749000,721314000,21435000,567838238,34813000,-30486000,2085000,-20342000,0,40469000,-114071000,-12044000,97161000,11254000,72954000,72954000,72954000,0,1694000,0.12,220640000,97043000,49935000,0.0,0.95,7.784,7.358,39411000,0,9.86,0.931,0.931,193928000,773276000,610066000,610066000,0,0.057,0.132,0.468,0.195,1982000,179262000,1.0,57590085,57590085,,10.593,1223159000,5330000,42472000,16746000,21.239,384876000
