ticker,dimension,calendardate,datekey,reportperiod,lastupdated,accoci,assets,assetsavg,assetsc,assetsnc,assetturnover,bvps,capex,cashneq,cashnequsd,cor,consolinc,currentratio,de,debt,debtc,debtnc,debtusd,deferredrev,depamor,deposits,divyield,dps,ebit,ebitda,ebitdamargin,ebitdausd,ebitusd,ebt,eps,epsdil,epsusd,equity,equityavg,equityusd,ev,evebit,evebitda,fcf,fcfps,fxusd,gp,grossmargin,intangibles,intexp,invcap,invcapavg,inventory,investments,investmentsc,investmentsnc,liabilities,liabilitiesc,liabilitiesnc,marketcap,ncf,ncfbus,ncfcommon,ncfdebt,ncfdiv,ncff,ncfi,ncfinv,ncfo,ncfx,netinc,netinccmn,netinccmnusd,netincdis,netincnci,netmargin,opex,opinc,payables,payoutratio,pb,pe,pe1,ppnenet,prefdivis,price,ps,ps1,receivables,retearn,revenue,revenueusd,rnd,roa,roe,roic,ros,sbcomp,sgna,sharefactor,sharesbas,shareswa,shareswadil,sps,tangibles,taxassets,taxexp,taxliabilities,tbvps,workingcapital
UFI,MRY,2011-12-31,2011-06-26,2011-06-26,2018-05-02,23776000,537376000,523682000,274069000,263307000,1.361,14.929,-20539000,27490000,27490000,638160000,25089000,4.486,0.793,168664000,342000,168322000,168664000,0,25977000,0,0.0,0.0,51612000,77589000,0.109,77589000,51612000,32422000,1.25,1.22,1.25,299655000,289510750,299655000,399127150,7,5.144,-8659000,-0.431,1.0,74652000,0.105,11612000,19190000,605838000,591073250,134883000,91258000,0,91258000,237721000,61100000,176621000,243469150,-15201000,-367000,145000,-12987000,0,-14029000,-17396000,0,11880000,4344000,25089000,25089000,25089000,0,0,0.035,45960000,28692000,42842000,0.0,0.812,9.704,9.704,151027000,0,12.13,0.342,0.342,99815000,241272000,712812000,712812000,0,0.048,0.087,0.087,0.072,1392000,44659000,1.0,20071653,20071653,,35.513,525764000,6290000,7333000,4713000,26.194,212969000
UFI,MRY,2012-12-31,2012-06-24,2012-06-24,2018-05-02,28000,482233000,498274500,237997000,244236000,1.415,14.474,-6354000,10886000,10886000,650690000,10828000,3.328,0.658,121552000,7237000,114315000,121552000,0,27135000,0,0.0,0.0,25585000,52720000,0.075,52720000,25585000,9512000,0.57,0.56,0.57,290780000,284207750,290780000,363819227,14,6.901,36955000,1.839,1.0,54396000,0.077,9771000,16073000,511616000,557092000,112750000,95763000,0,95763000,191453000,71512000,119941000,240880227,-16604000,-716000,71000,-47698000,0,-49834000,-6858000,0,43309000,-3221000,11491000,11491000,11491000,0,-663000,0.016,45764000,8632000,48541000,0.0,0.828,20.963,21.035,127090000,0,11.99,0.342,0.342,99236000,252763000,705086000,705086000,0,0.023,0.04,0.046,0.036,2382000,43482000,1.0,20090094,20090094,,35.096,472462000,9693000,-1979000,2126000,23.517,166485000
UFI,MRY,2013-12-31,2013-06-30,2013-06-30,2018-05-02,-5500000,455466000,463502000,226830000,228636000,1.54,14.649,-8809000,8755000,8755000,640858000,15670000,3.493,0.59,97753000,65000,97688000,97753000,0,24584000,0,0.0,0.0,34468000,59052000,0.083,59052000,34468000,29979000,0.84,0.8,0.84,286480000,291867500,286480000,486682140,14,8.242,41700000,2.132,1.0,73104000,0.102,7772000,4489000,471747000,482456500,110667000,93261000,0,93261000,168986000,64945000,104041000,404215140,-2131000,0,-18017000,-25649000,0,-41933000,-9771000,-1049000,50509000,-936000,16635000,16635000,16635000,0,-965000,0.023,50641000,22463000,45544000,0.0,1.411,24.299,24.607,115164000,0,20.67,0.566,0.566,98392000,252112000,713962000,713962000,0,0.036,0.057,0.071,0.048,1525000,47386000,1.0,19555643,19555643,,36.509,447694000,5299000,13344000,2151000,22.893,161885000
UFI,MRY,2014-12-31,2014-06-29,2014-06-29,2018-05-02,-4619000,469067000,457285250,231227000,237840000,1.504,15.489,-19091000,15907000,15907000,604640000,27720000,2.879,0.636,99488000,7215000,92273000,99488000,0,17896000,0,0.0,0.0,53313000,71209000,0.104,71209000,53313000,48984000,1.52,1.47,1.52,286738000,286701000,286738000,594801414,11,8.353,37266000,2.013,1.0,83262000,0.121,7394000,4329000,464952000,469428500,113370000,99229000,0,99229000,182329000,80302000,102027000,509449414,7152000,-714000,-33415000,-1619000,0,-32410000,-16869000,0,56357000,74000,28823000,28823000,28823000,0,-1103000,0.042,51779000,31483000,51364000,0.0,1.777,17.675,18.105,123802000,0,27.52,0.741,0.741,93925000,245673000,687902000,687902000,0,0.063,0.101,0.114,0.078,-843000,46203000,1.0,18511970,18511970,,37.16,461673000,4302000,20161000,5339000,24.939,150925000
UFI,MRY,2015-12-31,2015-06-28,2015-06-28,2018-05-02,-26899000,476372000,472186750,212964000,263408000,1.455,16.433,-25966000,10013000,10013000,596416000,40466000,2.85,0.593,104110000,12385000,91725000,104110000,0,18043000,0,0.0,0.0,59522000,77565000,0.113,77565000,59522000,55497000,2.32,2.24,2.32,299093000,289694000,299093000,715259757,12,9.221,12937000,0.711,1.0,90705000,0.132,5388000,4025000,490357000,487739500,111615000,113901000,0,113901000,177279000,74724000,102555000,617744757,-5894000,0,-10265000,-8161000,0,-18190000,-22541000,0,38903000,-4066000,42151000,42151000,42151000,0,-1685000,0.061,52219000,38486000,45023000,0.0,2.065,14.656,14.629,136222000,0,33.94,0.899,0.899,83863000,278331000,687121000,687121000,0,0.089,0.146,0.122,0.087,2906000,49672000,1.0,18201083,18201083,,37.752,470984000,5373000,13346000,766000,25.877,138240000
UFI,MRY,2016-12-31,2016-06-26,2016-06-26,2018-05-02,-29751000,525442000,504859000,211892000,313550000,1.275,18.327,-52337000,16646000,16646000,550005000,33170000,2.814,0.607,121591000,13786000,107805000,121591000,0,17528000,0,0.0,0.0,53016000,70544000,0.11,70544000,53016000,49488000,1.93,1.87,1.93,326945000,307128250,326945000,575485391,10,8.158,3638000,0.204,1.0,93632000,0.145,3741000,3528000,551338000,541204000,103532000,117412000,0,117412000,198497000,75308000,123189000,469011391,6633000,0,-6030000,10025000,0,3642000,-52892000,0,55975000,-92000,34415000,34415000,34415000,0,-1245000,0.053,51434000,42198000,41593000,0.0,1.435,13.628,13.622,185101000,0,26.29,0.729,0.729,83422000,307065000,643637000,643637000,0,0.068,0.112,0.098,0.082,2381000,47502000,1.0,17839916,17839916,,36.078,521701000,5889000,15073000,6446000,29.243,136584000
UFI,MRY,2017-12-31,2017-06-25,2017-06-25,2018-05-02,-32880000,571503000,560143750,243637000,327866000,1.156,19.801,-33190000,35425000,35425000,553106000,32377000,3.203,0.584,128442000,17060000,111382000,128442000,0,20368000,0,0.0,0.0,47351000,67719000,0.105,67719000,47351000,43773000,1.81,1.78,1.81,360806000,348460500,360806000,630044157,13,9.304,12872000,0.706,1.0,94164000,0.145,0,3578000,588466000,585702500,111405000,119513000,0,119513000,210697000,76054000,134643000,526978157,18779000,0,2787000,3150000,0,6504000,-33382000,0,46062000,-405000,32875000,32875000,32875000,0,-498000,0.051,50396000,43768000,41499000,0.0,1.461,16.03,15.978,203388000,0,28.92,0.814,0.814,81121000,339940000,647270000,647270000,0,0.059,0.094,0.081,0.073,1923000,50829000,1.0,18221928,18221928,,35.521,571503000,11412000,10898000,12808000,31.363,167583000
