ticker,dimension,calendardate,datekey,reportperiod,lastupdated,accoci,assets,assetsavg,assetsc,assetsnc,assetturnover,bvps,capex,cashneq,cashnequsd,cor,consolinc,currentratio,de,debt,debtc,debtnc,debtusd,deferredrev,depamor,deposits,divyield,dps,ebit,ebitda,ebitdamargin,ebitdausd,ebitusd,ebt,eps,epsdil,epsusd,equity,equityavg,equityusd,ev,evebit,evebitda,fcf,fcfps,fxusd,gp,grossmargin,intangibles,intexp,invcap,invcapavg,inventory,investments,investmentsc,investmentsnc,liabilities,liabilitiesc,liabilitiesnc,marketcap,ncf,ncfbus,ncfcommon,ncfdebt,ncfdiv,ncff,ncfi,ncfinv,ncfo,ncfx,netinc,netinccmn,netinccmnusd,netincdis,netincnci,netmargin,opex,opinc,payables,payoutratio,pb,pe,pe1,ppnenet,prefdivis,price,ps,ps1,receivables,retearn,revenue,revenueusd,rnd,roa,roe,roic,ros,sbcomp,sgna,sharefactor,sharesbas,shareswa,shareswadil,sps,tangibles,taxassets,taxexp,taxliabilities,tbvps,workingcapital
ULGX,MRY,2011-12-31,2011-06-30,2011-06-30,2017-06-18,0,6763000,8314750,5795000,968000,1.512,0.332,-272000,3061000,3061000,6030000,-3733000,3.298,0.396,0,0,0,0,30000,565000,0,0.0,0.0,-3725000,-3160000,-0.251,-3160000,-3725000,-3725000,-0.26,-0.26,-0.26,4846000,6378500,4846000,10061615,-2,-3.184,-2642000,-0.182,1.0,6541000,0.52,102000,0,1843000,2437000,1127000,0,0,0,1917000,1757000,160000,13851615,-2641000,0,4000,0,0,4000,-275000,0,-2370000,0,-3733000,-3733000,-3733000,0,0,-0.297,10267000,-3726000,741000,0.0,2.858,-3.711,-3.654,861000,0,0.95,1.102,1.1,1358000,-110031000,12571000,12571000,2238000,-0.449,-0.585,-1.529,-0.296,369000,8005000,1.0,14580648,14556000,14556000,0.864,6661000,0,8000,0,0.457,4038000
ULGX,MRY,2012-12-31,2012-06-30,2012-06-30,2017-06-18,0,12676000,12814000,5769000,6907000,1.329,0.042,-57000,1899000,1899000,8645000,-4695000,0.791,19.249,0,0,0,0,7000,695000,0,0.0,0.0,-4640000,-3945000,-0.232,-3945000,-4640000,-4640000,-0.32,-0.32,-0.32,626000,2158750,626000,9527091,-2,-2.415,-770000,-0.052,1.0,8382000,0.492,5377000,0,-1889000,44250,2111000,0,0,0,12050000,7289000,4761000,11384091,-1162000,-500000,116000,0,0,116000,-565000,0,-713000,0,-4695000,-4695000,-4695000,0,0,-0.276,12699000,-4317000,3376000,0.0,18.185,-2.425,-2.406,862000,0,0.77,0.669,0.667,2132000,-114726000,17027000,17027000,2189000,-0.366,-2.175,-104.859,-0.273,359000,10420000,1.0,14784535,14741000,14741000,1.155,7299000,0,55000,0,0.493,-1520000
ULGX,MRY,2013-12-31,2013-06-30,2013-06-30,2017-06-18,0,12527000,15339000,6121000,6406000,1.082,0.02,-111000,2290000,2290000,8407000,-4292000,2.321,28.826,5333000,0,5333000,5333000,5000,674000,0,0.0,0.0,-4278000,-3604000,-0.217,-3604000,-4278000,-4278000,-0.21,-0.21,-0.21,420000,2017500,420000,-1545481,0,0.429,-2070000,-0.1,1.0,8183000,0.493,4623000,0,8310000,-437750,2614000,0,0,0,12107000,2637000,9470000,3554518,391000,-1368000,3829000,0,0,3829000,-1479000,0,-1959000,0,-4292000,-4292000,-4292000,0,0,-0.259,12873000,-4690000,628000,0.0,8.463,-0.828,-0.81,735000,0,0.17,0.214,0.212,2132000,-119018000,16590000,16590000,2269000,-0.28,-2.127,9.773,-0.258,257000,10234000,1.0,20908932,20703000,20703000,0.801,7904000,0,14000,0,0.378,3484000
ULGX,MRY,2014-12-31,2014-06-30,2014-06-30,2017-06-18,0,5667000,9424250,3680000,1987000,1.51,-0.328,-42000,718000,718000,8142000,-7608000,0.857,-1.812,5333000,747000,4586000,5333000,0,587000,0,0.0,0.0,-7624000,-7037000,-0.494,-7037000,-7624000,-7624000,-0.36,-0.36,-0.36,-6977000,-3298500,-6977000,8355663,-1,-1.187,-1572000,-0.074,1.0,6093000,0.428,1370000,0,4620000,6094750,1538000,0,0,0,12644000,4292000,8352000,3838663,-1572000,0,0,0,0,0,-42000,0,-1530000,0,-7608000,-7608000,-7608000,0,0,-0.534,13128000,-7035000,1214000,0.0,-0.55,-0.505,-0.5,471000,0,0.18,0.27,0.268,1502000,-126626000,14235000,14235000,1625000,-0.807,2.307,-1.251,-0.536,211000,8149000,1.0,21325906,21219000,21219000,0.671,4297000,0,-16000,0,0.202,-612000
