ticker,dimension,calendardate,datekey,reportperiod,lastupdated,accoci,assets,assetsavg,assetsc,assetsnc,assetturnover,bvps,capex,cashneq,cashnequsd,cor,consolinc,currentratio,de,debt,debtc,debtnc,debtusd,deferredrev,depamor,deposits,divyield,dps,ebit,ebitda,ebitdamargin,ebitdausd,ebitusd,ebt,eps,epsdil,epsusd,equity,equityavg,equityusd,ev,evebit,evebitda,fcf,fcfps,fxusd,gp,grossmargin,intangibles,intexp,invcap,invcapavg,inventory,investments,investmentsc,investmentsnc,liabilities,liabilitiesc,liabilitiesnc,marketcap,ncf,ncfbus,ncfcommon,ncfdebt,ncfdiv,ncff,ncfi,ncfinv,ncfo,ncfx,netinc,netinccmn,netinccmnusd,netincdis,netincnci,netmargin,opex,opinc,payables,payoutratio,pb,pe,pe1,ppnenet,prefdivis,price,ps,ps1,receivables,retearn,revenue,revenueusd,rnd,roa,roe,roic,ros,sbcomp,sgna,sharefactor,sharesbas,shareswa,shareswadil,sps,tangibles,taxassets,taxexp,taxliabilities,tbvps,workingcapital
UNFI,MRY,2011-12-31,2011-07-30,2011-07-30,2018-03-08,4862000,1400988000,1410315250,844492000,556496000,3.212,17.95,-40682000,16867000,16867000,3705205000,76673000,1.822,0.611,163433000,162447000,986000,163433000,0,35296000,0,0.0,0.0,131435000,166731000,0.037,166731000,131435000,126435000,1.62,1.6,1.62,869667000,831483500,869667000,2226507937,16,13.354,9162000,0.193,1.0,824810000,0.182,250279000,5000000,833854000,859548500,514506000,0,0,0,531321000,463421000,67900000,2024133937,3065000,-22061000,145655000,-130864000,0,16336000,-62743000,0,49844000,-372000,76673000,76673000,76673000,0,0,0.017,695129000,129681000,217074000,0.0,2.327,26.4,25.772,285151000,0,41.75,0.447,0.437,257116000,520534000,4530015000,4530015000,0,0.054,0.092,0.153,0.029,7614000,688859000,1.0,48482250,47459000,47815000,95.451,1150709000,22023000,49762000,38551000,23.751,381071000
UNFI,MRY,2012-12-31,2012-07-28,2012-07-28,2018-03-08,1896000,1493946000,1550960750,946861000,547085000,3.376,20.009,-31160000,16122000,16122000,4320018000,91342000,2.834,0.526,115985000,350000,115635000,115985000,0,39560000,0,0.0,0.0,155517000,195077000,0.037,195077000,155517000,150783000,1.87,1.86,1.87,978716000,931331000,978716000,2865863462,18,14.691,35084000,0.719,1.0,916003000,0.175,246237000,4734000,1013411000,960501250,578555000,0,0,0,515230000,334161000,181069000,2670417462,-745000,-3297000,6045000,-38774000,0,-32830000,-34457000,0,66244000,298000,91342000,91342000,91342000,0,0,0.017,760845000,155158000,242179000,0.0,2.728,29.235,29.209,278455000,0,54.62,0.51,0.509,305177000,611821000,5236021000,5236021000,0,0.059,0.098,0.162,0.03,8568000,755744000,1.0,48890836,48766000,49100000,107.37,1247709000,25353000,59441000,36260000,25.509,612700000
UNFI,MRY,2013-12-31,2013-08-03,2013-08-03,2018-03-08,-1092000,1729908000,1708298250,1115218000,614690000,3.55,22.31,-64186000,11111000,11111000,5039279000,107854000,2.8,0.574,164704000,1019000,163685000,164704000,0,42398000,0,0.0,0.0,180013000,222411000,0.037,222411000,180013000,174116000,2.19,2.18,2.19,1099146000,1048512000,1099146000,3136266662,17,14.101,-19855000,-0.403,1.0,1025076000,0.169,251414000,5897000,1233820000,1182834750,702161000,0,0,0,630762000,398267000,232495000,2974166662,-5011000,-8135000,-1542000,21933000,0,22343000,-72321000,0,44331000,636000,107854000,107854000,107854000,0,0,0.018,839582000,185494000,283851000,0.0,2.706,27.576,27.539,338594000,0,60.31,0.49,0.489,339590000,719675000,6064355000,6064355000,0,0.063,0.103,0.152,0.03,13152000,837953000,1.0,49314652,49217000,49509000,123.217,1478494000,23822000,66262000,41474000,30.009,716951000
UNFI,MRY,2014-12-31,2014-08-02,2014-08-02,2018-03-08,-5152000,2288891000,2059921750,1369948000,918943000,3.298,25.029,-141219000,16116000,16116000,5666802000,125482000,2.658,0.841,449160000,990000,448170000,449160000,0,48758000,0,0.0,0.0,215161000,263919000,0.039,263919000,215161000,207408000,2.53,2.52,2.53,1243364000,1183976000,1243364000,3200664773,14,12.127,-78801000,-1.589,1.0,1127645000,0.166,409537000,7753000,1796901000,1584172250,834722000,0,0,0,1045527000,515497000,530030000,2915022773,5005000,-211574000,-1542000,295821000,0,295357000,-352793000,0,62418000,23000,125482000,125482000,125482000,0,0,0.018,916857000,210788000,377548000,0.0,2.344,23.231,23.206,483960000,0,58.71,0.429,0.429,441528000,845157000,6794447000,6794447000,0,0.061,0.106,0.136,0.032,12007000,916857000,1.0,49651214,49602000,49888000,136.979,1879354000,32518000,81926000,50995000,37.831,854451000
UNFI,MRY,2015-12-31,2015-08-01,2015-08-01,2018-03-08,-19443000,2540994000,2530067750,1546377000,994617000,3.235,27.572,-128108000,17380000,17380000,6924463000,138734000,2.929,0.84,547555000,11613000,535942000,547555000,0,63800000,0,0.0,0.0,244267000,308067000,0.038,308067000,244267000,229769000,2.77,2.76,2.77,1381088000,1329910750,1381088000,2805962478,11,9.108,-79244000,-1.584,1.0,1260515000,0.154,392470000,14498000,2150759000,2086195500,975194000,0,0,0,1159906000,527940000,631966000,2280491478,1264000,-8036000,985000,92661000,0,94427000,-142069000,-3000000,48864000,42000,138734000,138734000,138734000,0,0,0.017,1018558000,241957000,390134000,0.0,1.651,16.438,16.437,572452000,0,45.53,0.279,0.278,474494000,979446000,8184978000,8184978000,0,0.055,0.104,0.117,0.03,11235000,1017755000,1.0,50087667,50021000,50267000,163.631,2148524000,32333000,91035000,65644000,42.893,1018437000
UNFI,MRY,2016-12-31,2016-07-30,2016-07-30,2018-03-08,-22379000,2852155000,2658822500,1611190000,1240965000,3.186,30.16,-41266000,18593000,18593000,7190935000,125766000,2.6,0.877,600112000,11854000,588258000,600112000,0,71006000,0,0.0,0.0,224481000,295487000,0.035,295487000,224481000,208222000,2.5,2.5,2.5,1519504000,1467961500,1519504000,2943672935,13,9.962,255343000,5.075,1.0,1279351000,0.151,588482000,16259000,2225470000,2087188000,1021663000,0,0,0,1332651000,619722000,712929000,2518027935,1213000,-306724000,294000,58299000,0,56346000,-350915000,0,296609000,-827000,125766000,125766000,125766000,0,0,0.015,1055242000,224109000,445430000,0.0,1.657,20.022,19.992,616605000,0,49.98,0.297,0.297,489708000,1105212000,8470286000,8470286000,0,0.047,0.086,0.108,0.027,15391000,1049690000,1.0,50380711,50313000,50399000,168.352,2263673000,35228000,82456000,95220000,44.93,991468000
UNFI,MRY,2017-12-31,2017-07-29,2017-07-29,2018-03-08,-13963000,2886563000,2905048500,1662670000,1223893000,3.193,33.228,-55944000,15414000,15414000,7845550000,130155000,2.362,0.716,385603000,12128000,373475000,385603000,0,86051000,0,0.0,0.0,231537000,317588000,0.034,317588000,231537000,214423000,2.57,2.56,2.57,1681921000,1613467000,1681921000,2370276071,10,7.463,224832000,4.446,1.0,1428921000,0.154,579548000,17114000,1973217000,2127421250,1031690000,0,0,0,1204642000,703987000,500655000,1917297071,-3179000,-9207000,-1039000,-222022000,0,-224561000,-59959000,7192000,280776000,565000,130155000,130155000,130155000,0,0,0.014,1202896000,226025000,534616000,0.0,1.14,14.731,14.739,602090000,0,37.88,0.207,0.207,525636000,1235367000,9274471000,9274471000,0,0.045,0.081,0.109,0.025,26995000,1196032000,1.0,50615023,50570000,50775000,183.399,2307015000,40635000,84268000,98833000,45.577,958683000
