ticker,dimension,calendardate,datekey,reportperiod,lastupdated,accoci,assets,assetsavg,assetsc,assetsnc,assetturnover,bvps,capex,cashneq,cashnequsd,cor,consolinc,currentratio,de,debt,debtc,debtnc,debtusd,deferredrev,depamor,deposits,divyield,dps,ebit,ebitda,ebitdamargin,ebitdausd,ebitusd,ebt,eps,epsdil,epsusd,equity,equityavg,equityusd,ev,evebit,evebitda,fcf,fcfps,fxusd,gp,grossmargin,intangibles,intexp,invcap,invcapavg,inventory,investments,investmentsc,investmentsnc,liabilities,liabilitiesc,liabilitiesnc,marketcap,ncf,ncfbus,ncfcommon,ncfdebt,ncfdiv,ncff,ncfi,ncfinv,ncfo,ncfx,netinc,netinccmn,netinccmnusd,netincdis,netincnci,netmargin,opex,opinc,payables,payoutratio,pb,pe,pe1,ppnenet,prefdivis,price,ps,ps1,receivables,retearn,revenue,revenueusd,rnd,roa,roe,roic,ros,sbcomp,sgna,sharefactor,sharesbas,shareswa,shareswadil,sps,tangibles,taxassets,taxexp,taxliabilities,tbvps,workingcapital
UPI,MRY,2011-12-31,2011-03-31,2011-03-31,2017-06-18,0,25726882,23031788,17195472,8531410,0.599,1.099,-264774,14084150,14084150,2386431,-4648303,6.756,0.137,0,0,0,0,77272,1119227,0,0.0,0.0,-4614399,-3495172,-0.254,-3495172,-4614399,-4619466,-0.25,-0.25,-0.25,22628649,20322416,22628649,121570299,-26,-34.782,-3641239,-0.193,1.0,11400601,0.827,1725136,5067,7372480,4541745,677960,5508701,0,5508701,3098233,2545116,553117,136392934,3752304,0,2542207,0,0,17459266,-10322121,-10057347,-3376465,-8376,-4648303,-4648303,-4648303,0,0,-0.337,16098148,-4697547,658107,0.0,6.027,-29.343,-26.44,1210542,0,6.61,9.893,9.049,2085262,-31265464,13787032,13787032,1719532,-0.202,-0.229,-1.016,-0.335,434154,13535014,1.0,20634332,18874009,18874009,0.73,24001746,87031,28837,6901,1.166,14650356
UPI,MRY,2012-12-31,2012-03-31,2012-03-31,2017-06-18,0,22290813,23212026,15620942,6669871,0.886,0.928,-345682,11854127,11854127,3036967,-4250371,6.151,0.159,0,0,0,0,42043,1118243,0,0.0,0.0,-4202602,-3084359,-0.15,-3084359,-4202602,-4202659,-0.21,-0.21,-0.21,19234755,20216033,19234755,50330686,-11,-16.318,-3474051,-0.168,1.0,17524747,0.852,945880,57,6951187,6382865,698742,4429140,0,4429140,3056058,2539619,516439,62633681,-1410347,0,208825,0,0,208825,1526300,1871982,-3128369,-17103,-4250371,-4250371,-4250371,0,0,-0.207,21791201,-4266454,593585,0.0,3.256,-14.736,-14.333,1171979,0,3.01,3.046,3.029,2704434,,20561714,20561714,1905366,-0.183,-0.21,-0.658,-0.204,684919,19028840,1.0,20808532,20689819,20689819,0.994,21344933,122872,47712,17892,1.03,13081323
UPI,MRY,2013-12-31,2013-03-31,2013-03-31,2017-06-18,0,20040735,20831010,15309385,4731350,1.076,0.802,-201793,3533864,3533864,3014886,-3305146,5.694,0.201,0,0,0,0,5141,1152929,0,0.0,0.0,-3253669,-2100740,-0.094,-2100740,-3253669,-3254376,-0.16,-0.16,-0.16,16686236,17667822,16686236,37905313,-11,-18.044,-1426405,-0.069,1.0,19403094,0.866,100502,707,13717591,6304750,718933,11388316,7936605,3451711,3354499,2688778,665721,52328799,-1119362,0,150000,0,0,150000,-6827,194966,-1224612,-37923,-3305146,-3305146,-3305146,0,0,-0.147,22704375,-3301281,618916,0.0,3.136,-15.833,-15.563,1033085,0,2.49,2.334,2.308,2553447,-38820981,22417980,22417980,2415123,-0.159,-0.187,-0.516,-0.145,811639,19426419,1.0,21015582,20777238,20777238,1.079,19940233,146052,50770,7729,0.959,12620607
UPI,MRY,2014-12-31,2014-03-31,2014-03-31,2017-06-18,-484395,17301046,17841421,16032486,1268560,1.378,0.618,-291272,8681609,8681609,3049811,-5353090,4.703,0.309,0,0,0,0,171,353238,0,0.0,0.0,-5281191,-4927953,-0.201,-4927953,-5281191,-5281191,-0.25,-0.25,-0.25,13213700,14126437,13213700,70374029,-13,-14.281,-3193444,-0.151,1.0,21527315,0.876,119980,0,5090400,5265068,517217,3451086,3451086,0,4087346,3409057,678289,78538280,5147745,0,359502,0,0,359502,7638728,7930000,-2902172,51687,-5353090,-5353090,-5353090,0,0,-0.218,26825839,-5298524,904879,0.0,5.944,-14.672,-14.52,997609,0,3.63,3.196,3.119,2875275,-44174071,24577126,24577126,2151257,-0.3,-0.379,-1.003,-0.215,1436270,24644120,1.0,21635890,21118258,21118258,1.164,17181066,150116,71899,21922,0.804,12623429
