ticker,dimension,calendardate,datekey,reportperiod,lastupdated,accoci,assets,assetsavg,assetsc,assetsnc,assetturnover,bvps,capex,cashneq,cashnequsd,cor,consolinc,currentratio,de,debt,debtc,debtnc,debtusd,deferredrev,depamor,deposits,divyield,dps,ebit,ebitda,ebitdamargin,ebitdausd,ebitusd,ebt,eps,epsdil,epsusd,equity,equityavg,equityusd,ev,evebit,evebitda,fcf,fcfps,fxusd,gp,grossmargin,intangibles,intexp,invcap,invcapavg,inventory,investments,investmentsc,investmentsnc,liabilities,liabilitiesc,liabilitiesnc,marketcap,ncf,ncfbus,ncfcommon,ncfdebt,ncfdiv,ncff,ncfi,ncfinv,ncfo,ncfx,netinc,netinccmn,netinccmnusd,netincdis,netincnci,netmargin,opex,opinc,payables,payoutratio,pb,pe,pe1,ppnenet,prefdivis,price,ps,ps1,receivables,retearn,revenue,revenueusd,rnd,roa,roe,roic,ros,sbcomp,sgna,sharefactor,sharesbas,shareswa,shareswadil,sps,tangibles,taxassets,taxexp,taxliabilities,tbvps,workingcapital
USNA,MRY,2011-12-31,2011-12-31,2011-12-31,2018-05-09,5839000,244496000,221644000,106059000,138437000,2.626,5.661,-10609000,50353000,50353000,101692000,50752000,1.777,0.406,0,0,0,0,0,8474000,0,0.0,0.0,77487000,85961000,0.148,85961000,77487000,77478000,1.65,1.63,1.65,173910000,158762250,173910000,418005960,5,4.863,59499000,1.937,1.0,480247000,0.825,60377000,9000,74070000,69949000,36968000,0,0,0,70586000,59696000,10890000,454322960,26131000,0,-33420000,0,0,-33372000,-10609000,0,70108000,4000,50752000,50752000,50752000,0,0,0.087,402991000,77256000,7952000,0.0,2.612,8.952,9.203,60754000,0,15.185,0.781,0.802,0,118799000,581939000,581939000,0,0.229,0.32,1.108,0.133,10501000,137063000,1.0,29919194,30722000,31148000,18.942,184119000,11033000,26726000,9948000,5.993,46363000
USNA,MRY,2012-12-31,2012-12-29,2012-12-29,2018-05-09,6936000,267355000,266790750,132545000,134810000,2.432,6.378,-8278000,70839000,70839000,115804000,66433000,1.871,0.441,0,0,0,0,0,8826000,0,0.0,0.0,98446000,107272000,0.165,107272000,98446000,98426000,2.285,2.225,2.285,185572000,189310250,185572000,379250867,3,3.535,84527000,2.905,1.0,532922000,0.821,59975000,20000,65697000,69166500,36481000,0,0,0,81783000,70844000,10939000,455851867,20486000,0,-67985000,0,0,-64542000,-8278000,0,92805000,501000,66433000,66433000,66433000,0,0,0.102,434743000,98179000,7040000,0.0,2.456,6.862,6.915,61751000,0,15.8,0.703,0.709,0,134800000,648726000,648726000,0,0.249,0.351,1.423,0.152,8594000,154237000,1.0,28851384,29094000,29846000,22.298,207380000,5956000,31993000,10001000,7.128,61701000
USNA,MRY,2013-12-31,2013-12-28,2013-12-28,2018-05-09,5794000,368470000,316846000,229045000,139425000,2.267,9.39,-8004000,137343000,137343000,127435000,79024000,2.389,0.414,0,0,0,0,0,9044000,0,0.0,0.0,116582000,125626000,0.175,125626000,116582000,116581000,2.885,2.78,2.885,260522000,225206250,260522000,962811207,8,7.664,90889000,3.318,1.0,590740000,0.823,60572000,1000,74684000,71023000,47242000,8642000,8642000,0,107948000,95871000,12077000,1078160207,66504000,0,-17631000,0,0,-10165000,-21589000,-13585000,98893000,-635000,79024000,79024000,79024000,0,0,0.11,474028000,116712000,9502000,0.0,4.138,13.643,13.47,59180000,0,38.86,1.501,1.482,0,200023000,718175000,718175000,0,0.249,0.351,1.641,0.162,7233000,166208000,1.0,27744730,27390000,28408000,26.22,307898000,5519000,37557000,10866000,11.098,133174000
USNA,MRY,2014-12-31,2015-01-03,2015-01-03,2018-05-09,2132000,350584000,348475250,190927000,159657000,2.268,9.337,-20411000,111126000,111126000,140794000,76636000,1.756,0.523,0,0,0,0,0,8810000,0,0.0,0.0,115782000,124592000,0.158,124592000,115782000,115653000,2.9,2.8,2.9,230164000,240901750,230164000,1181741806,10,9.485,84774000,3.206,1.0,649677000,0.822,58893000,129000,71860000,81169000,45248000,0,0,0,120420000,108705000,11715000,1259479806,-26217000,0,-127849000,0,0,-113015000,-16266000,4145000,105185000,-2121000,76636000,76636000,76636000,0,0,0.097,533575000,116102000,7779000,0.0,5.472,16.435,17.634,71164000,0,51.14,1.593,1.711,0,166406000,790471000,790471000,0,0.22,0.318,1.426,0.146,9683000,184531000,1.0,24628076,26443000,27377000,29.893,291691000,5933000,39017000,10601000,11.832,82222000
USNA,MRY,2015-12-31,2016-01-02,2016-01-02,2018-05-09,-3776000,423237000,411430750,244264000,178973000,2.232,11.075,-23544000,143210000,143210000,159682000,94672000,1.859,0.507,0,0,0,0,0,9978000,0,0.0,0.0,142604000,152582000,0.166,152582000,142604000,142589000,3.72,3.59,3.72,280852000,283018000,280852000,1457115140,10,9.55,87922000,3.453,1.0,758817000,0.826,55701000,15000,92914000,87209250,66119000,0,0,0,142385000,131412000,10973000,1631310140,32084000,0,-61181000,0,0,-49157000,-25124000,-1580000,111466000,-5101000,94672000,94672000,94672000,0,0,0.103,617155000,141662000,10043000,0.0,5.808,17.231,17.171,87982000,0,63.875,1.776,1.771,0,214875000,918499000,918499000,0,0.23,0.335,1.635,0.155,11081000,208995000,1.0,25539102,25460000,26355000,36.076,367536000,9844000,47917000,9822000,14.494,112852000
USNA,MRY,2016-12-31,2016-12-31,2016-12-31,2018-05-09,-11647000,470642000,438909750,277861000,192781000,2.292,13.329,-32687000,175774000,175774000,180190000,100041000,2.006,0.447,0,0,0,0,0,13482000,0,0.0,0.0,138996000,152478000,0.152,152478000,138996000,138552000,4.14,3.99,4.14,325287000,287958750,325287000,1359141400,9,8.914,104343000,4.314,1.0,825893000,0.821,51064000,444000,105313000,132114750,64810000,0,0,0,145355000,138491000,6864000,1492484400,32564000,0,-64610000,0,0,-64860000,-31883000,804000,137030000,-7723000,100041000,100041000,100041000,0,0,0.099,687271000,138622000,9040000,0.0,4.588,14.919,14.783,101267000,0,61.2,1.483,1.471,0,265405000,1006083000,1006083000,0,0.228,0.347,1.052,0.138,16542000,234194000,1.0,24387000,24185000,25047000,41.599,419578000,18292000,38511000,5499000,17.193,139370000
USNA,MRY,2017-12-31,2017-12-30,2017-12-30,2018-05-09,-1426000,519269000,501678250,340159000,179110000,2.088,15.127,-13198000,247131000,247131000,179404000,62535000,2.409,0.43,0,0,0,0,0,16110000,0,0.0,0.0,134686000,150796000,0.144,150796000,134686000,134640000,2.57,2.53,2.57,363210000,365774250,363210000,1584903253,11,10.51,110585000,4.542,1.0,867861000,0.829,52571000,46000,78384000,111587750,62918000,0,0,0,156059000,141183000,14876000,1776648253,71357000,0,-50000000,0,0,-50316000,-12902000,296000,123783000,10792000,62535000,62535000,62535000,0,0,0.06,735357000,132504000,11787000,0.0,4.892,28.41,28.813,102847000,0,74.05,1.696,1.722,0,288070000,1047265000,1047265000,0,0.125,0.171,1.207,0.129,15482000,265094000,1.0,23992549,24349000,24708000,43.011,466698000,2859000,72105000,13730000,19.438,198976000
