ticker,dimension,calendardate,datekey,reportperiod,lastupdated,accoci,assets,assetsavg,assetsc,assetsnc,assetturnover,bvps,capex,cashneq,cashnequsd,cor,consolinc,currentratio,de,debt,debtc,debtnc,debtusd,deferredrev,depamor,deposits,divyield,dps,ebit,ebitda,ebitdamargin,ebitdausd,ebitusd,ebt,eps,epsdil,epsusd,equity,equityavg,equityusd,ev,evebit,evebitda,fcf,fcfps,fxusd,gp,grossmargin,intangibles,intexp,invcap,invcapavg,inventory,investments,investmentsc,investmentsnc,liabilities,liabilitiesc,liabilitiesnc,marketcap,ncf,ncfbus,ncfcommon,ncfdebt,ncfdiv,ncff,ncfi,ncfinv,ncfo,ncfx,netinc,netinccmn,netinccmnusd,netincdis,netincnci,netmargin,opex,opinc,payables,payoutratio,pb,pe,pe1,ppnenet,prefdivis,price,ps,ps1,receivables,retearn,revenue,revenueusd,rnd,roa,roe,roic,ros,sbcomp,sgna,sharefactor,sharesbas,shareswa,shareswadil,sps,tangibles,taxassets,taxexp,taxliabilities,tbvps,workingcapital
UVE,MRY,2011-12-31,2011-12-31,2011-12-31,2018-04-28,0,894026000,900040000,,,0.251,3.826,-2331000,307997000,307997000,124309000,20109000,,4.96,47176000,,,47176000,379232000,639000,0,0.117,0.42,33718000,34357000,0.152,34357000,33718000,33718000,0.51,0.5,0.51,150005000,153824750,150005000,-128690886,-3,-3.746,110253000,2.814,1.0,101552000,0.45,0,0,633205000,631167750,0,99146000,,,744021000,,,143174113,96040000,0,5000,-1471000,-12750000,-14213000,-2331000,0,112584000,0,20109000,20109000,20109000,0,0,0.089,67834000,33718000,92878000,0.824,0.954,7.12,7.02,7116000,0,3.58,0.634,0.621,442303000,116158000,225861000,225861000,0,0.022,0.131,0.053,0.149,2653000,67834000,1.0,39992769,39184000,40442000,5.764,894026000,22991000,13609000,12740000,22.804,
UVE,MRY,2012-12-31,2012-12-31,2012-12-31,2018-04-28,0,925735000,989619000,,,0.273,4.117,-2698000,380401000,380401000,126187000,30312000,,4.662,46215000,,,46215000,403093000,840000,0,0.087,0.38,52559000,53399000,0.198,53399000,52559000,52559000,0.76,0.75,0.76,163514000,161965500,163514000,-232008897,-4,-4.345,139808000,3.529,1.0,143752000,0.533,0,0,591549000,626785250,0,89050000,,,762221000,,,179015102,117707000,0,207000,-1471000,-18669000,-22101000,-2698000,0,142506000,0,30312000,30312000,30312000,0,0,0.112,91193000,52559000,90902000,0.5,1.095,5.906,5.763,8968000,0,4.38,0.663,0.643,406684000,127511000,269939000,269939000,0,0.031,0.187,0.084,0.195,5590000,91193000,1.0,40871028,39614000,40616000,6.814,925735000,21772000,22247000,699000,23.307,
UVE,MRY,2013-12-31,2013-12-31,2013-12-31,2018-04-28,-376000,920090000,964589000,,,0.312,5.23,-1342000,119875000,119875000,108615000,58977000,,4.239,52187000,,,52187000,406447000,1012000,0,0.023,0.33,100556000,101568000,0.337,101568000,100556000,100556000,1.64,1.56,1.64,175609000,167545750,175609000,428088770,4,4.215,155617000,4.339,1.0,192544000,0.639,0,0,852402000,787657750,0,354440000,,,744481000,,,508409770,-230117000,0,-32366000,18529000,-17725000,-34393000,-352683000,-351341000,156959000,0,58977000,58977000,58977000,0,0,0.196,91988000,100556000,89673000,0.201,2.895,8.62,8.829,9289000,0,14.48,1.688,1.724,398312000,168734000,301159000,301159000,0,0.061,0.352,0.128,0.334,6058000,91988000,1.0,35111172,35866000,37776000,8.397,920090000,20203000,41579000,2566000,27.4,
UVE,MRY,2014-12-31,2014-12-31,2014-12-31,2018-04-28,-1835000,911774000,925968250,,,0.399,5.976,-9183000,118032000,118032000,123275000,72988000,,3.466,36534000,,,36534000,413667000,1194000,0,0.02,0.4,127604000,128798000,0.349,128798000,127604000,127604000,2.17,2.08,2.17,199916000,184534750,199916000,560365000,4,4.351,114163000,3.401,1.0,246001000,0.666,0,0,830276000,807022000,0,423581000,,,692858000,,,700657000,-1878000,0,-29663000,-7471000,-19240000,-48036000,-77188000,-68005000,123346000,0,72988000,72988000,72988000,0,0,0.198,118397000,127604000,70187000,0.184,3.505,9.6,9.424,17254000,0,20.45,1.897,1.859,306910000,222469000,369276000,369276000,0,0.079,0.396,0.158,0.346,5336000,118397000,1.0,34261956,33569000,35150000,11.001,911774000,17525000,54616000,1799000,27.254,
UVE,MRY,2015-12-31,2015-12-31,2015-12-31,2018-04-28,-4006000,993548000,1021609500,,,0.535,8.45,-11783000,199649000,199649000,187739000,106484000,,2.39,24050000,,,24050000,467179000,2033000,0,0.027,0.63,175023000,177056000,0.324,177056000,175023000,175023000,3.06,2.97,3.06,293092000,268323750,293092000,648857467,3,3.665,207488000,5.962,1.0,358805000,0.656,0,0,817949000,850046750,0,489435000,,,700456000,,,825214467,81617000,-1000000,-18138000,-7080000,-22287000,-54602000,-83052000,-70269000,219271000,0,106484000,106484000,106484000,0,0,0.195,183782000,175023000,73963000,0.206,2.816,7.75,7.575,27065000,0,23.18,1.51,1.476,193485000,306656000,546544000,546544000,0,0.104,0.397,0.206,0.32,12076000,183782000,1.0,35600279,34799000,35884000,15.706,993548000,19332000,68539000,0,28.645,
UVE,MRY,2016-12-31,2016-12-31,2016-12-31,2018-04-28,-6408000,1060007000,1118183500,,,0.613,10.593,-8187000,108365000,108365000,301229000,99410000,,1.856,15028000,,,15028000,493552000,3242000,0,0.024,0.69,162883000,166125000,0.242,166125000,162883000,162883000,2.85,2.79,2.85,371190000,352528500,371190000,802612917,4,4.831,113209000,3.242,1.0,384060000,0.56,0,0,966670000,961427250,0,651601000,,,688817000,,,995092917,-91284000,0,-5426000,-2136000,-24192000,-38369000,-174311000,-166124000,121396000,0,99410000,99410000,99410000,0,0,0.145,221177000,162883000,84078000,0.242,2.681,10.01,9.965,32162000,0,28.4,1.452,1.447,178324000,381864000,685289000,685289000,0,0.089,0.282,0.169,0.238,11442000,221177000,1.0,35038483,34919000,35650000,19.625,1060007000,13936000,63473000,0,30.25,
UVE,MRY,2017-12-31,2017-12-31,2017-12-31,2018-04-28,-6281000,1454999000,1435639500,,,0.524,12.723,-4595000,216121000,216121000,350428000,106935000,,2.307,49583000,,,49583000,558660000,4058000,0,0.025,0.69,170484000,174542000,0.232,174542000,170484000,170484000,3.07,2.99,3.07,439988000,420094500,439988000,586447926,3,3.36,240415000,6.9,1.0,401488000,0.534,0,0,1288461000,1209222250,0,730023000,,,1015011000,,,942023926,107756000,0,-18141000,-2170000,-24001000,-51545000,-85709000,-81114000,245010000,0,106935000,106935000,106935000,0,0,0.142,231004000,170484000,113247000,0.225,2.141,8.809,8.909,32866000,0,27.35,1.253,1.267,371711000,464748000,751916000,751916000,0,0.074,0.255,0.141,0.227,4722000,231004000,1.0,34443288,34841000,35809000,21.581,1454999000,18758000,63549000,0,42.073,
