ticker,dimension,calendardate,datekey,reportperiod,lastupdated,accoci,assets,assetsavg,assetsc,assetsnc,assetturnover,bvps,capex,cashneq,cashnequsd,cor,consolinc,currentratio,de,debt,debtc,debtnc,debtusd,deferredrev,depamor,deposits,divyield,dps,ebit,ebitda,ebitdamargin,ebitdausd,ebitusd,ebt,eps,epsdil,epsusd,equity,equityavg,equityusd,ev,evebit,evebitda,fcf,fcfps,fxusd,gp,grossmargin,intangibles,intexp,invcap,invcapavg,inventory,investments,investmentsc,investmentsnc,liabilities,liabilitiesc,liabilitiesnc,marketcap,ncf,ncfbus,ncfcommon,ncfdebt,ncfdiv,ncff,ncfi,ncfinv,ncfo,ncfx,netinc,netinccmn,netinccmnusd,netincdis,netincnci,netmargin,opex,opinc,payables,payoutratio,pb,pe,pe1,ppnenet,prefdivis,price,ps,ps1,receivables,retearn,revenue,revenueusd,rnd,roa,roe,roic,ros,sbcomp,sgna,sharefactor,sharesbas,shareswa,shareswadil,sps,tangibles,taxassets,taxexp,taxliabilities,tbvps,workingcapital
VAL,MRY,2011-12-31,2011-10-28,2011-10-28,2017-06-07,62779000,3500151000,3871549750,1325137000,2175014000,1.021,12.974,-66469000,198545000,198545000,2721146000,-138601000,1.052,1.887,1057124000,377319000,679805000,1057124000,0,97747000,0,0.02,0.72,-41643000,56104000,0.014,56104000,-41643000,-103154000,-1.47,-1.47,-1.47,1212550000,1481337250,1212550000,4339936412,-104,77.355,224705000,2.404,1.0,1231808000,0.312,1611292000,61511000,1487505000,1735326500,336750000,0,0,0,2287601000,1259933000,1027668000,3348673412,21610000,-26930000,-200744000,100547000,-68164000,-172576000,-96988000,0,291174000,-11064000,-138601000,-138601000,-138601000,0,0,-0.035,1273451000,-41643000,463580000,-0.49,2.762,-24.161,-24.374,548253000,0,35.83,0.847,0.847,664855000,1221750000,3952954000,3952954000,114554000,-0.036,-0.094,-0.024,-0.011,9783000,736871000,1.0,93460045,93460045,,42.296,1888859000,52594000,35447000,232604000,20.21,65204000
VAL,MRY,2012-12-31,2012-10-26,2012-10-26,2017-06-07,50272000,3626836000,3633746750,1449177000,2177659000,1.107,13.478,-89363000,273234000,273234000,2667147000,292497000,1.411,1.964,1151109000,138531000,1012578000,1151109000,0,93704000,0,0.015,0.8,484828000,578532000,0.144,578532000,484828000,417224000,3.2,3.1,3.2,1223523000,1211414750,1223523000,5960889640,12,10.303,259505000,2.859,1.0,1353704000,0.337,1606775000,67604000,1871164000,1964430750,360427000,0,0,0,2403313000,1026772000,1376541000,4989247640,68024000,6205000,-222548000,88263000,-73351000,-198157000,-82687000,0,348868000,7136000,292497000,292497000,292497000,0,0,0.073,868876000,484828000,502967000,0.25,4.078,17.057,17.175,550968000,0,54.96,1.241,1.241,681099000,1440896000,4020851000,4020851000,123401000,0.08,0.241,0.247,0.121,23149000,738387000,1.0,90779615,90779615,,44.292,2020061000,47261000,124727000,220926000,22.252,422405000
VAL,MRY,2013-12-31,2013-10-25,2013-10-25,2017-06-07,53419000,4025509000,3811830500,1580290000,2445219000,1.101,12.951,-116749000,219700000,219700000,2836919000,289255000,1.067,2.586,1478557000,441165000,1037392000,1478557000,0,88159000,0,0.013,0.92,488553000,576712000,0.137,576712000,488553000,423795000,3.29,3.2,3.29,1122550000,1144025750,1122550000,7157696218,14,12.411,281755000,3.251,1.0,1358058000,0.324,1753660000,64758000,2050133000,1995010750,438982000,0,0,0,2902959000,1480573000,1422386000,6091772218,-23495000,-213568000,-345545000,297906000,-81189000,-108039000,-313960000,0,398504000,-13682000,289255000,289255000,289255000,0,0,0.069,869505000,488553000,618787000,0.28,5.427,21.06,21.362,633475000,0,70.28,1.452,1.452,771396000,1648980000,4194977000,4194977000,128265000,0.076,0.253,0.245,0.116,23230000,721123000,1.0,86678603,86678603,,48.397,2271849000,51129000,134540000,247135000,26.21,99717000
VAL,MRY,2014-12-31,2014-10-31,2014-10-31,2017-06-07,-19670000,4033951000,4072118750,1577257000,2456694000,1.136,12.202,-121271000,131071000,131071000,3086578000,345401000,0.925,2.99,1556391000,606356000,950035000,1556391000,0,100910000,0,0.013,1.04,557212000,658122000,0.142,658122000,557212000,491882000,4.13,4.01,4.13,1011091000,1051046500,1011091000,8294130585,14,12.603,225833000,2.725,1.0,1539046000,0.333,1718336000,65330000,2036514000,2163674000,486262000,0,0,0,3022860000,1704421000,1318439000,6807778585,-77627000,8588000,-324948000,80483000,-87427000,-312731000,-112000000,0,347104000,-10320000,345401000,345401000,345401000,0,0,0.075,981834000,557212000,600875000,0.252,6.733,19.71,19.893,645102000,0,82.16,1.472,1.472,840447000,1907001000,4625624000,4625624000,136381000,0.085,0.329,0.258,0.12,28314000,842756000,1.0,82860012,82860012,,55.825,2315615000,39082000,146481000,245278000,27.946,-127164000
VAL,MRY,2015-12-31,2015-10-30,2015-10-30,2017-06-07,-195498000,4318575000,4220578500,1631230000,2687345000,1.041,10.759,-97126000,187268000,187268000,2841233000,399506000,1.194,4.051,2041086000,334153000,1706933000,2041086000,0,92603000,0,0.015,1.2,645149000,737752000,0.168,737752000,645149000,563801000,4.97,4.85,4.97,855009000,893337250,855009000,8427768574,13,11.424,286074000,3.6,1.0,1551389000,0.353,1930803000,81348000,2874851000,2729599500,451909000,0,0,0,3463566000,1366739000,2096827000,6432833574,85716000,-284478000,-310377000,476676000,-96890000,82559000,-380043000,0,383200000,-27958000,399506000,399506000,399506000,0,0,0.091,954241000,597148000,553737000,0.241,7.524,16.102,16.288,632765000,0,80.95,1.464,1.464,857256000,2209628000,4392622000,4392622000,133365000,0.095,0.447,0.236,0.147,14793000,818038000,1.0,79466752,79466752,,55.276,2387772000,48749000,164295000,276929000,30.047,264491000
VAL,MRY,2016-12-31,2016-10-28,2016-10-28,2017-06-07,-217183000,4300524000,4295530500,1594624000,2705900000,0.976,14.031,-120420000,175577000,175577000,2654968000,353040000,1.26,2.862,1764372000,221446000,1542926000,1764372000,0,98022000,0,0.014,1.32,525079000,623101000,0.149,623101000,525079000,434519000,4.47,4.36,4.47,1113423000,994441000,1113423000,9533463570,18,15.3,362292000,4.566,1.0,1535584000,0.366,1910105000,90560000,2713394000,2876607500,473294000,0,0,0,3187101000,1265820000,1921281000,7755212570,-7704000,-14280000,-1718000,-264521000,-104553000,-356166000,-134250000,0,482712000,-3537000,353040000,353040000,353040000,0,0,0.084,1010505000,525079000,553152000,0.295,6.965,21.967,21.864,668443000,0,97.73,1.851,1.851,815432000,2458101000,4190552000,4190552000,139318000,0.082,0.355,0.183,0.125,30250000,867227000,1.0,79353449,79353449,,52.809,2390419000,53207000,81479000,220037000,30.124,328804000
