ticker,dimension,calendardate,datekey,reportperiod,lastupdated,accoci,assets,assetsavg,assetsc,assetsnc,assetturnover,bvps,capex,cashneq,cashnequsd,cor,consolinc,currentratio,de,debt,debtc,debtnc,debtusd,deferredrev,depamor,deposits,divyield,dps,ebit,ebitda,ebitdamargin,ebitdausd,ebitusd,ebt,eps,epsdil,epsusd,equity,equityavg,equityusd,ev,evebit,evebitda,fcf,fcfps,fxusd,gp,grossmargin,intangibles,intexp,invcap,invcapavg,inventory,investments,investmentsc,investmentsnc,liabilities,liabilitiesc,liabilitiesnc,marketcap,ncf,ncfbus,ncfcommon,ncfdebt,ncfdiv,ncff,ncfi,ncfinv,ncfo,ncfx,netinc,netinccmn,netinccmnusd,netincdis,netincnci,netmargin,opex,opinc,payables,payoutratio,pb,pe,pe1,ppnenet,prefdivis,price,ps,ps1,receivables,retearn,revenue,revenueusd,rnd,roa,roe,roic,ros,sbcomp,sgna,sharefactor,sharesbas,shareswa,shareswadil,sps,tangibles,taxassets,taxexp,taxliabilities,tbvps,workingcapital
VALU,MRY,2011-12-31,2011-04-30,2011-04-30,2018-03-14,63000,87803000,73232250,25222000,62581000,0.665,3.334,-1907000,6802000,6802000,4718000,37782000,0.803,1.64,0,0,0,0,27001000,593000,0,0.186,2.6,61463000,62056000,1.275,62056000,61463000,61463000,3.79,3.79,3.79,33254000,22584500,33254000,131973585,2,2.127,8753000,0.877,1.0,43949000,0.903,2130000,0,47455000,27492500,0,69041000,12674000,56367000,54549000,31416000,23133000,139548585,-9633000,-5484000,-90000,0,-23956000,-24046000,3753000,11144000,10660000,0,37782000,37782000,37782000,0,0,0.776,35416000,8533000,4266000,0.686,4.196,3.694,3.691,4084000,0,13.99,2.867,2.869,1637000,31644000,48667000,48667000,0,0.516,1.673,2.236,1.263,0,33419000,1.0,9974881,9980000,9980000,4.876,85673000,3081000,23681000,18910000,8.588,-6194000
VALU,MRY,2012-12-31,2012-04-30,2012-04-30,2018-03-14,85000,84369000,83394750,19117000,65252000,0.439,3.265,-3431000,12042000,12042000,4894000,6925000,0.703,1.611,0,0,0,0,25995000,724000,0,0.058,0.7,11298000,12022000,0.328,12022000,11298000,11298000,0.7,0.7,0.7,32314000,32610000,32314000,107900956,9,8.975,-1055000,-0.106,1.0,31715000,0.866,5067000,0,40076000,41503750,0,60212000,3881000,56331000,52055000,27184000,24871000,120438956,5240000,0,-946000,0,-7452000,-8398000,11262000,14693000,2376000,0,6925000,6925000,6925000,0,0,0.189,26377000,5338000,2948000,1.0,3.727,17.392,17.386,3854000,0,12.17,3.29,3.298,902000,31628000,36609000,36609000,0,0.083,0.212,0.272,0.309,0,26377000,1.0,9896381,9921925,9921925,3.69,79302000,1221000,4373000,20520000,8.013,-8067000
VALU,MRY,2013-12-31,2013-04-30,2013-04-30,2018-03-14,251000,84341000,83147250,16673000,67668000,0.431,3.339,-2788000,6840000,6840000,5694000,6619000,0.609,1.557,0,0,0,0,24709000,1552000,0,0.064,0.6,10506000,12058000,0.336,12058000,10506000,10506000,0.67,0.67,0.67,32985000,32791000,32985000,83734277,7,6.944,-1620000,-0.164,1.0,30146000,0.841,6227000,0,43880000,43060250,0,64193000,6682000,57511000,51356000,27394000,23962000,92477277,-5202000,0,-182000,0,-5935000,-6117000,-253000,2535000,1168000,0,6619000,6619000,6619000,0,0,0.185,26026000,4120000,2460000,0.896,2.804,13.971,13.97,3930000,0,9.36,2.58,2.583,1278000,32315000,35840000,35840000,0,0.08,0.202,0.244,0.293,0,26026000,1.0,9880051,9888774,9888774,3.624,78114000,227000,3887000,21506000,7.907,-10721000
VALU,MRY,2014-12-31,2014-04-30,2014-04-30,2018-03-14,246000,86875000,84752000,18266000,68609000,0.429,3.391,-2687000,5788000,5788000,6402000,6768000,0.675,1.609,0,0,0,0,25124000,2085000,0,0.041,0.6,10178000,12263000,0.338,12263000,10178000,10178000,0.69,0.69,0.69,33298000,32972750,33298000,138337404,13,11.281,800000,0.081,1.0,29929000,0.824,6896000,0,47135000,47053500,0,67076000,9226000,57850000,53577000,27056000,26521000,143145404,-1052000,0,-550000,0,-5909000,-6459000,1920000,4607000,3487000,0,6768000,6768000,6768000,0,0,0.186,27428000,2501000,2429000,0.87,4.299,21.15,21.13,3863000,0,14.58,3.94,3.949,1206000,33183000,36331000,36331000,0,0.08,0.205,0.216,0.28,0,27428000,1.0,9817929,9839155,9839155,3.692,79979000,539000,3410000,22836000,8.145,-8790000
VALU,MRY,2015-12-31,2015-04-30,2015-04-30,2018-03-14,105000,87421000,87188000,18845000,68576000,0.407,3.51,-2544000,5874000,5874000,7081000,7292000,0.719,1.538,0,0,0,0,26047000,2715000,0,0.041,0.6,10495000,13210000,0.372,13210000,10495000,10495000,0.74,0.74,0.74,34439000,34357750,34439000,135390264,12,10.249,-1137000,-0.116,1.0,28442000,0.801,6838000,0,48495000,48250250,0,67680000,9632000,58048000,52982000,26214000,26768000,142041264,86000,0,-122000,0,-5888000,-6010000,4689000,7233000,1407000,0,7292000,7292000,7292000,0,0,0.205,26043000,2399000,1787000,0.811,4.124,19.479,19.561,3690000,0,14.475,3.999,3.999,1409000,34587000,35523000,35523000,0,0.084,0.212,0.218,0.295,0,26043000,1.0,9812868,9813623,9813623,3.62,80583000,470000,3203000,22290000,8.212,-7369000
VALU,MRY,2016-12-31,2016-04-30,2016-04-30,2018-03-14,125000,86507000,86200750,19952000,66555000,0.401,3.544,-1962000,13122000,13122000,8725000,7291000,0.759,1.5,0,0,0,0,25442000,3817000,0,0.04,0.65,10008000,13825000,0.4,13825000,10008000,10008000,0.75,0.75,0.75,34600000,34796000,34600000,149718132,14,10.83,42000,0.004,1.0,25821000,0.747,4992000,0,42095000,44730750,0,61579000,3637000,57942000,51907000,26298000,25609000,160069132,7248000,0,-796000,0,-6167000,-6963000,12207000,14169000,2004000,0,7291000,7291000,7291000,0,0,0.211,23941000,1880000,2669000,0.867,4.626,21.954,21.853,3621000,0,16.39,4.634,4.641,1254000,35524000,34546000,34546000,0,0.085,0.21,0.224,0.29,0,23941000,1.0,9766268,9781495,9781495,3.532,81515000,558000,2717000,21071000,8.348,-6346000
VALU,MRY,2017-12-31,2017-04-30,2017-04-30,2018-03-14,458000,86724000,87868750,25790000,60934000,0.486,3.897,9871000,6557000,6557000,9063000,10367000,1.049,1.291,0,0,0,0,25659000,4623000,0,0.039,0.69,15485000,20108000,0.471,20108000,15485000,15485000,1.07,1.07,1.07,37854000,38371000,37854000,163292437,10,8.121,6193000,0.637,1.0,33634000,0.788,1003000,0,54574000,49911000,0,75268000,16576000,58692000,48870000,24590000,24280000,169820437,-6565000,0,-741000,0,-6616000,-7357000,4470000,-5401000,-3678000,0,10367000,10367000,10367000,0,0,0.243,26175000,7459000,1257000,0.645,4.486,16.381,16.336,1239000,0,17.48,3.977,3.98,1018000,39186000,42697000,42697000,0,0.118,0.27,0.31,0.363,0,26175000,1.0,9715128,9721958,9721958,4.392,85721000,72000,5118000,18489000,8.824,1200000
