ticker,dimension,calendardate,datekey,reportperiod,lastupdated,accoci,assets,assetsavg,assetsc,assetsnc,assetturnover,bvps,capex,cashneq,cashnequsd,cor,consolinc,currentratio,de,debt,debtc,debtnc,debtusd,deferredrev,depamor,deposits,divyield,dps,ebit,ebitda,ebitdamargin,ebitdausd,ebitusd,ebt,eps,epsdil,epsusd,equity,equityavg,equityusd,ev,evebit,evebitda,fcf,fcfps,fxusd,gp,grossmargin,intangibles,intexp,invcap,invcapavg,inventory,investments,investmentsc,investmentsnc,liabilities,liabilitiesc,liabilitiesnc,marketcap,ncf,ncfbus,ncfcommon,ncfdebt,ncfdiv,ncff,ncfi,ncfinv,ncfo,ncfx,netinc,netinccmn,netinccmnusd,netincdis,netincnci,netmargin,opex,opinc,payables,payoutratio,pb,pe,pe1,ppnenet,prefdivis,price,ps,ps1,receivables,retearn,revenue,revenueusd,rnd,roa,roe,roic,ros,sbcomp,sgna,sharefactor,sharesbas,shareswa,shareswadil,sps,tangibles,taxassets,taxexp,taxliabilities,tbvps,workingcapital
VFC,MRY,2011-12-31,2011-12-31,2011-12-31,2018-05-10,-421477000,9313126000,8231439500,3187944000,6125182000,1.149,10.253,-190996000,341228000,341228000,5128602000,890393000,1.913,1.058,2116211000,284430000,1831781000,2116211000,0,198735000,0,0.021,0.652,1240017000,1438752000,0.152,1438752000,1240017000,1162439000,2.03,2.0,2.03,4525991000,4344900500,4525991000,16658547099,13,11.578,890375000,2.017,1.0,4330630000,0.458,4981923000,77578000,4440154000,4026194500,1453645000,0,0,0,4787951000,1666032000,3121919000,14014972099,-451011000,-2207065000,126592000,1146536000,-285722000,912245000,-2460033000,0,1081371000,15406000,888089000,888089000,888089000,0,2304000,0.094,3085839000,1244791000,637116000,0.321,3.097,15.781,15.639,737451000,0,31.747,1.482,1.482,1120246000,2520804000,9459232000,9459232000,0,0.108,0.204,0.308,0.131,76739000,3085839000,1.0,441451204,441451204,,21.428,4331203000,106717000,274350000,0,9.811,1521912000
VFC,MRY,2012-12-31,2012-12-29,2012-12-29,2018-05-10,-453895000,9633021000,9673534750,3449583000,6183438000,1.125,11.632,-282830000,597461000,597461000,5817880000,1086138000,1.991,0.879,1844598000,415432000,1429166000,1844598000,0,237956000,0,0.02,0.757,1515341000,1753297000,0.161,1753297000,1515341000,1421736000,2.47,2.43,2.47,5125625000,4757233500,5125625000,18604320895,12,10.611,992170000,2.252,1.0,5061975000,0.465,4926815000,93605000,4221131000,4747640000,1354158000,0,0,0,4507396000,1732212000,2775184000,16335253895,256233000,70769000,-244512000,-271786000,-333229000,-802515000,-220291000,0,1275000000,4039000,1085999000,1085999000,1085999000,0,139000,0.1,3596708000,1465267000,562638000,0.306,3.187,15.042,15.009,828218000,0,37.072,1.501,1.501,1222345000,2941447000,10879855000,10879855000,0,0.112,0.228,0.319,0.139,92814000,3596708000,1.0,440629952,440629952,,24.692,4706206000,140515000,335737000,0,10.681,1717371000
VFC,MRY,2013-12-31,2013-12-28,2013-12-28,2018-05-10,-211720000,10315443000,9952086250,3882982000,6432461000,1.147,13.802,-325142000,776403000,776403000,5931469000,1210119000,2.476,0.697,1450806000,23977000,1426829000,1450806000,0,253273000,0,0.015,0.915,1647263000,1900536000,0.166,1900536000,1647263000,1562490000,2.76,2.71,2.76,6077038000,5494741500,6077038000,28696745308,17,15.099,1180899000,2.682,1.0,5488179000,0.481,4981951000,84773000,4439894000,4659606000,1399062000,0,0,0,4238405000,1568001000,2670404000,27113971308,178942000,0,-233995000,-395840000,-402136000,-983831000,-350273000,0,1506041000,7005000,1210119000,1210119000,1210119000,0,0,0.106,3841032000,1647147000,638732000,0.332,4.462,22.406,22.312,932792000,0,61.58,2.374,2.374,1360443000,3432090000,11419648000,11419648000,0,0.122,0.22,0.354,0.144,87118000,3841032000,1.0,440304828,440304828,,25.936,5333492000,169321000,352371000,0,12.113,2314981000
VFC,MRY,2014-12-31,2014-12-28,2014-12-28,2018-05-10,-702272000,9845300000,10215413750,4031569000,5813731000,1.163,13.038,-302020000,971895000,971895000,6112880000,1047505000,2.498,0.748,1439644000,25797000,1413847000,1439644000,0,274883000,0,0.015,1.107,1519436000,1794319000,0.151,1794319000,1519436000,1433332000,2.42,2.38,2.42,5630882000,5725359750,5630882000,33994718990,22,18.946,1460046000,3.381,1.0,5768850000,0.486,4258508000,86104000,4440476000,4896428750,1482804000,0,0,0,4214418000,1614065000,2600353000,32407694990,195492000,0,-692926000,1000,-478933000,-1171858000,-329255000,0,1762066000,-65461000,1047505000,1047505000,1047505000,280244000,0,0.088,3970536000,1798314000,690842000,0.457,5.755,30.938,31.008,942181000,0,75.04,2.728,2.728,1276224000,3231753000,11881730000,11881730000,0,0.103,0.183,0.31,0.128,104313000,3970536000,1.0,431872268,431872268,,27.512,5586792000,0,385827000,0,12.936,2417504000
VFC,MRY,2015-12-31,2016-01-02,2016-01-02,2018-05-10,-1043222000,9639542000,9882068500,4163136000,5476406000,1.113,12.631,-317784000,944423000,944423000,5603766000,1231593000,2.144,0.79,1854761000,452941000,1401820000,1854761000,0,272075000,0,0.021,1.33,1667545000,1939620000,0.176,1939620000,1667545000,1578794000,2.9,2.85,2.9,5384838000,5153523750,5384838000,28681172292,17,14.787,885832000,2.078,1.0,5392627000,0.49,3737018000,88751000,4871149000,5361093500,1555360000,0,0,0,4254704000,1941713000,2312991000,26537740292,-26101000,0,-701752000,426812000,-565275000,-840215000,-322822000,0,1203616000,-66680000,1231593000,1231593000,1231593000,-14537000,0,0.112,3747799000,1644828000,680606000,0.459,4.928,21.547,21.466,945491000,0,62.25,2.413,2.413,1289962000,3128731000,10996393000,10996393000,0,0.125,0.239,0.311,0.152,73420000,3747799000,1.0,426309081,426309081,,25.794,5902524000,0,347201000,0,13.846,2221423000
VFC,MRY,2016-12-31,2016-12-31,2016-12-31,2018-05-10,-1041463000,9739287000,9922191750,4293098000,5446189000,1.111,11.943,-220066000,1227862000,1227862000,5589923000,1074106000,2.405,0.971,2318898000,279718000,2039180000,2318898000,0,281577000,0,0.029,1.53,1374690000,1656267000,0.15,1656267000,1374690000,1279968000,2.58,2.54,2.58,4940921000,4839020250,4940921000,24422095454,17,14.745,1260502000,3.047,1.0,5436224000,0.493,3088595000,94722000,5956328000,5965053750,1424571000,0,0,0,4798366000,1785400000,3012966000,22071495454,284630000,115983000,-951550000,510665000,-635994000,-1076879000,-112414000,0,1480568000,-6645000,1074106000,1074106000,1074106000,4748000,0,0.097,4067964000,1368260000,620194000,0.593,4.467,20.549,20.678,895960000,0,53.35,2.002,2.002,1148797000,2545458000,11026147000,11026147000,0,0.108,0.222,0.23,0.125,67762000,3988320000,1.0,413711255,413711255,,26.652,6650692000,0,205862000,0,16.076,2507698000
VFC,MRY,2017-12-31,2017-12-30,2017-12-30,2018-05-10,-926140000,9958502000,9813357250,4377764000,5580738000,1.204,9.414,-234730000,563483000,563483000,5844941000,614923000,1.595,1.677,2923338000,735549000,2187789000,2923338000,0,290503000,0,0.023,1.72,1412184000,1702687000,0.144,1702687000,1412184000,1310209000,1.54,1.52,1.54,3719900000,3918679000,3719900000,32078242402,22,18.84,1239930000,3.138,1.0,5966236000,0.505,3782425000,101975000,5791832000,6029718000,1706609000,0,0,0,6238602000,2744100000,3494502000,29241031402,-661629000,-525573000,-1110463000,432139000,-684679000,-1363003000,-776251000,0,1474660000,2965000,614923000,614923000,614923000,106286000,0,0.052,4463146000,1503090000,760997000,1.117,7.861,47.552,48.052,1014638000,0,74.0,2.476,2.476,1429986000,1023745000,11811177000,11811177000,0,0.063,0.157,0.234,0.12,81641000,4463146000,1.0,395149073,395149073,,29.89,6176077000,0,695286000,0,15.63,1633664000
