ticker,dimension,calendardate,datekey,reportperiod,lastupdated,accoci,assets,assetsavg,assetsc,assetsnc,assetturnover,bvps,capex,cashneq,cashnequsd,cor,consolinc,currentratio,de,debt,debtc,debtnc,debtusd,deferredrev,depamor,deposits,divyield,dps,ebit,ebitda,ebitdamargin,ebitdausd,ebitusd,ebt,eps,epsdil,epsusd,equity,equityavg,equityusd,ev,evebit,evebitda,fcf,fcfps,fxusd,gp,grossmargin,intangibles,intexp,invcap,invcapavg,inventory,investments,investmentsc,investmentsnc,liabilities,liabilitiesc,liabilitiesnc,marketcap,ncf,ncfbus,ncfcommon,ncfdebt,ncfdiv,ncff,ncfi,ncfinv,ncfo,ncfx,netinc,netinccmn,netinccmnusd,netincdis,netincnci,netmargin,opex,opinc,payables,payoutratio,pb,pe,pe1,ppnenet,prefdivis,price,ps,ps1,receivables,retearn,revenue,revenueusd,rnd,roa,roe,roic,ros,sbcomp,sgna,sharefactor,sharesbas,shareswa,shareswadil,sps,tangibles,taxassets,taxexp,taxliabilities,tbvps,workingcapital
VLGEA,MRY,2011-12-31,2011-07-30,2011-07-30,2018-03-08,-11142000,386190000,367476000,152334000,233856000,3.535,15.218,-13346000,91362000,91362000,948769000,20982000,1.412,0.855,43634000,487000,43147000,43634000,0,18621000,0,0.063,1.7,40523000,59144000,0.046,59144000,40523000,36243000,1.86,1.54,1.86,208157000,205131750,208157000,325651704,8,5.506,50798000,3.714,1.0,350159000,0.27,10605000,4280000,219971000,226706000,38547000,41973000,0,41973000,178033000,107886000,70147000,367667704,22319000,-6595000,-1444000,-749000,-19086000,-20576000,-21249000,-1308000,64144000,0,20982000,20982000,20982000,0,0,0.016,311843000,38316000,70426000,0.914,1.766,17.523,14.452,174530000,0,26.88,0.283,0.283,9018000,187686000,1298928000,1298928000,0,0.057,0.102,0.179,0.031,3007000,293222000,1.0,13678114,13678114,,94.964,375585000,0,15261000,17879000,27.459,44448000
VLGEA,MRY,2012-12-31,2012-07-28,2012-07-28,2018-03-08,-15474000,409538000,398424500,171578000,237960000,3.57,16.806,-16729000,103103000,103103000,1033416000,31445000,1.717,0.778,43622000,473000,43149000,43622000,0,19759000,0,0.024,0.85,58123000,77882000,0.055,77882000,58123000,53708000,2.74,2.28,2.74,230311000,223618750,230311000,431110143,7,5.535,26703000,1.949,1.0,388827000,0.273,12057000,4415000,238094000,233358500,40599000,44324000,0,44324000,179227000,99906000,79321000,478542143,11741000,-4123000,1344000,-1294000,-9758000,-9433000,-22258000,-1406000,43432000,0,31445000,31445000,31445000,0,0,0.022,333275000,55552000,71497000,0.31,2.078,15.218,12.745,172420000,0,34.92,0.336,0.336,10774000,209373000,1422243000,1422243000,0,0.079,0.141,0.249,0.041,3180000,313516000,1.0,13703956,13703956,,103.783,397481000,0,22263000,15134000,29.005,71672000
VLGEA,MRY,2013-12-31,2013-07-27,2013-07-27,2018-03-08,-8467000,427412000,419270500,205364000,222048000,3.521,17.702,-21888000,109571000,109571000,1078696000,25784000,1.849,0.748,43348000,610000,42738000,43348000,0,20354000,0,0.055,2.0,48410000,68764000,0.047,68764000,48410000,44639000,2.18,1.85,2.18,244560000,235767750,244560000,443840573,9,6.455,29385000,2.127,1.0,397761000,0.269,12057000,3771000,238067000,240344500,41515000,46776000,22421000,24355000,182852000,111065000,71787000,503856573,6468000,0,1742000,-1630000,-24048000,-23394000,-21411000,477000,51273000,0,25784000,25784000,25784000,0,0,0.017,353584000,44177000,76464000,0.917,2.06,19.541,16.729,176981000,0,36.47,0.341,0.341,11810000,211109000,1476457000,1476457000,0,0.061,0.109,0.201,0.033,3222000,333230000,1.0,13815645,13815645,,106.868,415355000,0,18855000,19281000,30.064,94299000
VLGEA,MRY,2014-12-31,2014-07-26,2014-07-26,2018-03-08,-12465000,457412000,443928250,162786000,294626000,3.421,16.589,-50322000,77352000,77352000,1110138000,5045000,1.115,0.962,46140000,898000,45242000,46140000,0,22274000,0,0.042,1.0,32450000,54724000,0.036,54724000,32450000,28848000,0.41,0.36,0.41,233136000,235097750,233136000,304336038,9,5.561,2125000,0.151,1.0,408498000,0.269,12057000,3602000,268139000,256557250,44694000,65610000,0,65610000,224276000,146004000,78272000,334759038,-32219000,0,-2352000,-1429000,-12432000,-16167000,-68499000,-18177000,52447000,0,5045000,5045000,5045000,0,0,0.003,378670000,29828000,81863000,2.439,1.436,66.355,58.098,206720000,0,23.82,0.22,0.22,12923000,203722000,1518636000,1518636000,0,0.011,0.021,0.126,0.021,3229000,356396000,1.0,14053696,14053696,,108.06,445355000,12077000,23803000,44387000,31.69,16782000
VLGEA,MRY,2015-12-31,2015-07-25,2015-07-25,2018-03-08,-16874000,431889000,444491500,135911000,295978000,3.563,17.841,-23517000,59040000,59040000,1150674000,30620000,1.444,0.709,45324000,899000,44425000,45324000,0,23330000,0,0.035,1.0,45930000,69260000,0.044,69260000,45930000,41395000,2.44,2.16,2.44,252767000,245004000,252767000,388064373,8,5.603,-6049000,-0.427,1.0,433115000,0.273,12057000,4535000,311965000,288849250,45772000,67171000,0,67171000,179122000,94151000,84971000,401098373,-18312000,0,2392000,-1691000,-12577000,-11440000,-24340000,-823000,17468000,0,30620000,30620000,30620000,0,0,0.019,389584000,43531000,77370000,0.41,1.587,13.099,11.602,206594000,0,28.31,0.253,0.253,12831000,221765000,1583789000,1583789000,0,0.069,0.125,0.159,0.029,3169000,366254000,1.0,14168081,14168081,,111.786,419832000,3917000,10775000,765000,29.632,41760000
VLGEA,MRY,2016-12-31,2016-07-30,2016-07-30,2018-03-08,-13339000,450254000,440959000,159834000,290420000,3.708,19.234,-19971000,88379000,88379000,1189874000,25044000,1.61,0.657,44416000,855000,43561000,44416000,0,24101000,0,0.032,1.0,46834000,70935000,0.043,70935000,46834000,42339000,1.98,1.77,1.98,271735000,263486000,271735000,411479154,8,5.801,44130000,3.124,1.0,445030000,0.272,12057000,4495000,294938000,301695250,42011000,69202000,0,69202000,178519000,99296000,79223000,447006154,29339000,0,-165000,-1625000,-12634000,-14396000,-20366000,-1314000,64101000,0,25044000,25044000,25044000,0,0,0.015,400702000,44328000,76426000,0.505,1.645,17.849,15.98,201470000,0,31.64,0.273,0.273,13185000,234175000,1634904000,1634904000,0,0.057,0.095,0.155,0.029,3195000,376601000,1.0,14127881,14127881,,115.722,438197000,0,17295000,5702000,31.016,60538000
VLGEA,MRY,2017-12-31,2017-07-29,2017-07-29,2018-03-08,-7406000,455225000,448368750,181472000,273753000,3.579,19.894,-27726000,87435000,87435000,1167863000,22921000,1.887,0.587,43590000,944000,42646000,43590000,0,24482000,0,0.041,1.0,43575000,68057000,0.042,68057000,43575000,39123000,1.8,1.6,1.8,286820000,279583750,286820000,312864980,7,4.597,18427000,1.278,1.0,436711000,0.272,12057000,4452000,303130000,309299000,41852000,71773000,22118000,49655000,168405000,96193000,72212000,349620980,-944000,0,-3269000,-1452000,-12788000,-17426000,-29671000,-1945000,46153000,0,22921000,22921000,22921000,0,0,0.014,395977000,40734000,76835000,0.556,1.219,15.253,13.472,204440000,0,24.25,0.218,0.218,12655000,244308000,1604574000,1604574000,0,0.051,0.082,0.141,0.027,3134000,371495000,1.0,14417360,14417360,,111.295,443168000,1742000,16202000,604000,30.738,85279000
