ticker,dimension,calendardate,datekey,reportperiod,lastupdated,accoci,assets,assetsavg,assetsc,assetsnc,assetturnover,bvps,capex,cashneq,cashnequsd,cor,consolinc,currentratio,de,debt,debtc,debtnc,debtusd,deferredrev,depamor,deposits,divyield,dps,ebit,ebitda,ebitdamargin,ebitdausd,ebitusd,ebt,eps,epsdil,epsusd,equity,equityavg,equityusd,ev,evebit,evebitda,fcf,fcfps,fxusd,gp,grossmargin,intangibles,intexp,invcap,invcapavg,inventory,investments,investmentsc,investmentsnc,liabilities,liabilitiesc,liabilitiesnc,marketcap,ncf,ncfbus,ncfcommon,ncfdebt,ncfdiv,ncff,ncfi,ncfinv,ncfo,ncfx,netinc,netinccmn,netinccmnusd,netincdis,netincnci,netmargin,opex,opinc,payables,payoutratio,pb,pe,pe1,ppnenet,prefdivis,price,ps,ps1,receivables,retearn,revenue,revenueusd,rnd,roa,roe,roic,ros,sbcomp,sgna,sharefactor,sharesbas,shareswa,shareswadil,sps,tangibles,taxassets,taxexp,taxliabilities,tbvps,workingcapital
VMI,MRY,2011-12-31,2011-12-31,2011-12-31,2018-04-28,64052000,2306076000,2229519000,1252943000,1053133000,1.194,45.301,-83069000,362894000,362894000,1994670000,237226000,3.07,0.925,486053000,11638000,474415000,486053000,0,74560000,0,0.008,0.88,269073000,343633000,0.129,343633000,269073000,232898000,8.67,8.6,8.67,1197911000,1097611000,1197911000,2569925734,9,7.479,66602000,2.519,1.0,666810000,0.251,482745000,36175000,1538420000,1493508500,393782000,0,0,0,1108165000,408070000,700095000,2400800734,15990000,-1539000,-4884000,9285000,-18227000,-45911000,-84063000,0,149671000,-3707000,228308000,228308000,228308000,0,8918000,0.086,403500000,263310000,216729000,0.082,2.004,10.516,10.472,454877000,0,90.79,0.902,0.902,426683000,1079698000,2661480000,2661480000,0,0.102,0.208,0.18,0.101,5931000,403500000,1.0,26443449,26443449,,100.648,1823331000,43819000,4590000,103305000,68.952,844873000
VMI,MRY,2012-12-31,2012-12-29,2012-12-29,2018-04-28,43938000,2568551000,2460682250,1425940000,1142611000,1.231,52.833,-97074000,414129000,414129000,2227085000,238916000,3.457,0.826,486192000,13599000,472593000,486192000,0,70218000,0,0.006,0.87,392199000,462417000,0.153,462417000,392199000,360574000,8.84,8.75,8.84,1407010000,1345936500,1407010000,3630704302,9,7.852,100023000,3.756,1.0,802456000,0.265,503061000,31625000,1725120000,1676678250,412384000,0,0,0,1161541000,412433000,749108000,3568601302,51235000,-45687000,568000,1390000,-21520000,-16355000,-136692000,0,197097000,7185000,234072000,234072000,234072000,0,4844000,0.077,420160000,382296000,212424000,0.098,2.536,15.246,15.158,512612000,0,134.0,1.178,1.178,515902000,1300529000,3029541000,3029541000,0,0.095,0.174,0.234,0.129,5829000,420160000,1.0,26631353,26631353,,113.758,2065490000,58381000,126502000,88300000,77.559,1013507000
VMI,MRY,2013-12-31,2013-12-28,2013-12-28,2018-04-28,-47685000,2776494000,2698470250,1597840000,1178654000,1.224,57.672,-106753000,613706000,613706000,2358983000,280460000,3.66,0.797,490133000,19226000,470907000,490133000,0,77436000,0,0.008,1.21,468772000,546208000,0.165,546208000,468772000,436270000,10.45,10.35,10.45,1544846000,1520728250,1544846000,3934705271,8,7.204,289689000,10.815,1.0,945228000,0.286,520549000,32502000,1695792000,1734217000,380000000,0,0,0,1231648000,436580000,795068000,3989386271,199577000,-63152000,241000,5193000,-25414000,-37380000,-131721000,0,396442000,-27764000,278489000,278489000,278489000,0,1971000,0.084,472159000,473069000,216121000,0.116,2.582,14.325,14.252,534210000,0,148.93,1.207,1.207,515440000,1562670000,3304211000,3304211000,0,0.103,0.183,0.27,0.142,6513000,472159000,1.0,26786989,26786989,,123.351,2255945000,65697000,157781000,78924000,84.218,1161260000
VMI,MRY,2014-12-31,2014-12-27,2014-12-27,2018-04-28,-134433000,2729668000,2834214750,1392941000,1336727000,1.102,50.817,-73023000,371579000,371579000,2315026000,189318000,3.507,1.183,781787000,15133000,766654000,781787000,0,89328000,0,0.011,1.38,315660000,404988000,0.13,404988000,315660000,278870000,7.15,7.09,7.15,1250405000,1460996000,1250405000,3513273503,11,8.675,101073000,4.108,1.0,808117000,0.259,587115000,36790000,2155547000,2032817000,359522000,0,0,0,1479263000,397214000,1082049000,3178829503,-242127000,-185710000,-395876000,289881000,-32443000,-139756000,-256863000,0,174096000,-19604000,183976000,183976000,183976000,0,5342000,0.059,450401000,357716000,196565000,0.193,2.542,17.279,18.069,606453000,0,129.19,1.018,1.018,536918000,1718662000,3123143000,3123143000,0,0.065,0.126,0.155,0.101,6730000,450401000,1.0,24605848,24605848,,126.927,2142553000,68010000,94894000,71797000,87.075,995727000
VMI,MRY,2015-12-31,2015-12-26,2015-12-26,2018-04-28,-267218000,2392382000,2508401250,1226852000,1165530000,1.044,41.895,-45468000,349074000,349074000,1997891000,45333000,3.347,1.479,758971000,2053000,756918000,758971000,0,91144000,0,0.014,1.5,132165000,223309000,0.085,223309000,132165000,87544000,1.72,1.71,1.72,965211000,1078861250,965211000,2952900544,22,13.223,226799000,9.844,1.0,621033000,0.237,507113000,44621000,1928612000,2036811000,340672000,0,0,0,1427171000,366554000,1060617000,2498333544,-22505000,-12778000,-169762000,-13951000,-35357000,-220005000,-48171000,0,272267000,-26596000,40117000,40117000,40117000,0,5216000,0.015,489338000,131695000,179983000,0.872,2.588,62.276,63.047,532489000,0,108.44,0.954,0.954,466443000,1729679000,2618924000,2618924000,0,0.016,0.037,0.065,0.05,7244000,447368000,1.0,23038856,23038856,,113.674,1885269000,24526000,47427000,35669000,81.83,860298000
VMI,MRY,2016-12-31,2016-12-31,2016-12-31,2018-04-28,-346359000,2391731000,2392877250,1253216000,1138515000,1.054,43.649,-57920000,399948000,399948000,1865433000,178391000,3.582,1.434,756392000,1597000,754795000,756392000,0,82417000,0,0.011,1.5,259704000,342121000,0.136,342121000,259704000,215295000,7.68,7.63,7.68,982586000,989802250,982586000,3579762958,13,10.463,161248000,7.163,1.0,656243000,0.26,465488000,44409000,1932839000,1939493750,350028000,0,0,0,1409145000,349848000,1059297000,3171805958,50874000,0,-44952000,-2206000,-34053000,-95158000,-53049000,0,219168000,-20087000,173232000,173232000,173232000,0,5159000,0.069,412739000,243504000,177488000,0.195,3.228,18.31,18.346,518335000,0,140.9,1.258,1.258,439342000,1874722000,2521676000,2521676000,0,0.072,0.175,0.134,0.103,9931000,412739000,1.0,22511043,22511043,,112.02,1926243000,6601000,42063000,35803000,85.569,903368000
VMI,MRY,2017-12-31,2017-12-30,2017-12-30,2018-04-28,-279022000,2602250000,2550617750,1472565000,1129685000,1.077,50.947,-55266000,492805000,492805000,2064199000,122319000,3.654,1.259,755015000,1127000,753888000,755015000,0,84957000,0,0.009,1.5,267030000,351987000,0.128,351987000,267030000,222385000,5.16,5.11,5.16,1151795000,1112029000,1151795000,4011341728,15,11.396,90450000,4.001,1.0,681768000,0.248,476319000,44645000,1985143000,1974869000,420948000,0,0,0,1450455000,402998000,1047457000,3749483728,92857000,-5362000,8998000,-1472000,-33862000,-32010000,-49615000,5123000,145716000,28766000,116240000,116240000,116240000,0,6079000,0.042,415336000,266432000,227906000,0.291,3.255,32.256,32.141,518928000,0,165.85,1.365,1.365,503677000,1954344000,2745967000,2745967000,0,0.046,0.105,0.135,0.097,10706000,415336000,1.0,22607680,22607680,,121.462,2125931000,11492000,106145000,34906000,94.036,1069567000
