ticker,dimension,calendardate,datekey,reportperiod,lastupdated,accoci,assets,assetsavg,assetsc,assetsnc,assetturnover,bvps,capex,cashneq,cashnequsd,cor,consolinc,currentratio,de,debt,debtc,debtnc,debtusd,deferredrev,depamor,deposits,divyield,dps,ebit,ebitda,ebitdamargin,ebitdausd,ebitusd,ebt,eps,epsdil,epsusd,equity,equityavg,equityusd,ev,evebit,evebitda,fcf,fcfps,fxusd,gp,grossmargin,intangibles,intexp,invcap,invcapavg,inventory,investments,investmentsc,investmentsnc,liabilities,liabilitiesc,liabilitiesnc,marketcap,ncf,ncfbus,ncfcommon,ncfdebt,ncfdiv,ncff,ncfi,ncfinv,ncfo,ncfx,netinc,netinccmn,netinccmnusd,netincdis,netincnci,netmargin,opex,opinc,payables,payoutratio,pb,pe,pe1,ppnenet,prefdivis,price,ps,ps1,receivables,retearn,revenue,revenueusd,rnd,roa,roe,roic,ros,sbcomp,sgna,sharefactor,sharesbas,shareswa,shareswadil,sps,tangibles,taxassets,taxexp,taxliabilities,tbvps,workingcapital
VRNT,MRY,2011-12-31,2012-01-31,2012-01-31,2018-03-29,-47736000,1499595000,1437472750,400690000,1098905000,0.544,3.637,-16479000,163525000,163525000,268361000,40625000,1.046,7.564,597379000,6228000,591151000,597379000,182759000,53040000,0,0.0,0.0,74883000,127923000,0.163,127923000,74883000,42525000,0.58,0.56,0.58,141425000,118360000,141425000,1577393236,21,12.331,90019000,2.343,1.0,514287000,0.657,1018834000,32358000,531467000,550728250,14414000,0,0,0,1069758000,383148000,686610000,1098921236,-19244000,-109780000,10819000,-5689000,0,2078000,-126848000,-589000,106498000,-972000,36993000,22203000,22203000,0,3632000,0.028,427809000,86478000,49441000,0.0,7.77,49.494,48.759,28289000,14790000,28.28,1.404,1.388,154753000,-357764000,782648000,782648000,111001000,0.015,0.188,0.136,0.096,20934000,293906000,1.0,38858601,38419000,39499000,20.371,480761000,22596000,5532000,11340000,12.363,17542000
VRNT,MRY,2012-12-31,2013-01-31,2013-01-31,2018-03-29,-44225000,1564269000,1515133000,501653000,1062616000,0.554,5.602,-19961000,221101000,221101000,282004000,58804000,1.273,4.667,576689000,5867000,570822000,576689000,176814000,57097000,0,0.0,0.0,93996000,151093000,0.18,151093000,93996000,62962000,0.97,0.96,0.97,224802000,187252750,224802000,1744275195,18,11.544,103424000,2.602,1.0,557538000,0.664,980513000,31034000,545134000,527306250,15014000,13593000,13593000,0,1049051000,394210000,654841000,1355237195,59311000,-660000,1990000,-21868000,0,-29306000,-35696000,-15075000,123385000,928000,54002000,38530000,38530000,0,4802000,0.046,457985000,99553000,47355000,0.0,6.029,35.174,34.845,38161000,15472000,33.8,1.614,1.6,168415000,-303762000,839542000,839542000,115906000,0.025,0.206,0.178,0.112,20865000,317637000,1.0,40095775,39748000,40312000,21.122,583756000,20789000,8960000,11025000,14.548,107443000
VRNT,MRY,2013-12-31,2014-01-31,2014-01-31,2018-03-29,-39725000,1772907000,1712456750,694391000,1078516000,0.53,11.714,-22393000,385041000,385041000,306420000,58776000,1.679,1.818,642385000,6555000,635830000,642385000,175785000,55968000,0,0.0,0.0,88076000,144044000,0.159,144044000,88076000,58296000,1.01,0.99,1.01,626974000,569689500,626974000,2827293058,32,19.628,155891000,2.943,1.0,600872000,0.662,994719000,29780000,622049000,707896750,10693000,32049000,32049000,0,1139789000,413483000,726306000,2429010058,168645000,-32767000,10896000,60624000,0,54534000,-64196000,-11611000,178284000,23000,53757000,53583000,53583000,0,5019000,0.059,478586000,122286000,65656000,0.0,3.874,45.332,44.99,40145000,174000,45.44,2.677,2.653,194312000,-250005000,907292000,907292000,126539000,0.031,0.094,0.124,0.097,30109000,327385000,1.0,53455327,52967000,53878000,17.129,778188000,18785000,4539000,13832000,14.539,280908000
VRNT,MRY,2014-12-31,2015-01-31,2015-01-31,2018-03-29,-94335000,2340452000,2326114250,710192000,1630260000,0.485,16.434,-29217000,321992000,321992000,415148000,36402000,1.486,1.338,726258000,23000,726235000,726258000,201803000,99464000,0,0.0,0.0,52593000,152057000,0.135,152057000,52593000,15932000,0.53,0.52,0.53,997856000,929371000,997856000,3743019003,71,24.616,164508000,2.832,1.0,713288000,0.632,1522823000,36661000,744007000,831924750,17505000,35751000,35751000,0,1335549000,477888000,857661000,3240932003,-93546000,-605279000,335119000,104098000,0,395713000,-676835000,-39955000,193725000,-6149000,30931000,30931000,30931000,0,5471000,0.027,634177000,79111000,72885000,0.0,3.248,104.779,100.717,62490000,0,53.38,2.872,2.748,262092000,-219074000,1128436000,1128436000,173748000,0.013,0.033,0.063,0.047,54016000,415266000,1.0,60714350,58096000,59374000,19.424,817629000,21954000,-14999000,32772000,13.466,232304000
VRNT,MRY,2015-12-31,2016-01-31,2016-01-31,2018-03-29,-116194000,2355735000,2375695750,754112000,1601623000,0.476,17.029,-30292000,363925000,363925000,428906000,22228000,1.704,1.215,738087000,2104000,735983000,738087000,188400000,106300000,0,0.0,0.0,52475000,158775000,0.14,158775000,52475000,18590000,0.29,0.28,0.29,1060137000,1048582500,1060137000,2732251849,52,17.208,126611000,2.048,1.0,701360000,0.621,1465850000,33885000,821617000,826618500,18312000,55982000,55982000,0,1287571000,442430000,845141000,2279110849,67033000,-31358000,232000,-309000,0,-10204000,-75600000,-9452000,156903000,-4066000,17638000,17638000,17638000,0,4590000,0.016,633508000,67852000,65447000,0.0,2.15,129.216,126.241,68904000,0,36.61,2.016,2.002,256419000,-201436000,1130266000,1130266000,177650000,0.007,0.017,0.063,0.046,63864000,412728000,1.0,62253779,61813000,62921000,18.285,889885000,17528000,952000,27042000,14.294,311682000
VRNT,MRY,2016-12-31,2017-01-31,2017-01-31,2018-03-29,-154856000,2362784000,2337915000,672054000,1690730000,0.454,16.088,-29878000,316561000,316561000,422629000,-26246000,1.453,1.339,748871000,4611000,744260000,748871000,203427000,114257000,0,0.0,0.0,8354000,122611000,0.115,122611000,8354000,-26608000,-0.47,-0.47,-0.47,1006580000,1018633500,1006580000,2772695002,331,22.614,142537000,2.277,1.0,639477000,0.602,1509586000,34962000,823109000,825649000,17537000,3184000,3184000,0,1347744000,462399000,885345000,2341085002,-44742000,-141803000,-46889000,-3308000,0,-56919000,-156028000,15653000,172415000,-4210000,-29380000,-29380000,-29380000,0,3134000,-0.028,622111000,17366000,62049000,0.0,2.326,-79.683,-79.468,77551000,0,37.35,2.204,2.201,266590000,-230816000,1062106000,1062106000,171070000,-0.013,-0.029,0.01,0.008,65415000,406952000,1.0,62679652,62593000,62593000,16.968,853198000,21510000,2772000,25814000,13.637,209655000
VRNT,MRY,2017-12-31,2018-01-31,2018-01-31,2018-03-29,-103460000,2580620000,2461247250,782192000,1798428000,0.461,17.566,-38656000,371245000,371245000,446787000,-3454000,1.547,1.292,772984000,4500000,768484000,772984000,220626000,105730000,0,0.0,0.0,51686000,157416000,0.139,157416000,51686000,15727000,-0.1,-0.1,-0.1,1120592000,1059114750,1120592000,3052879559,59,19.394,137671000,2.174,1.0,688442000,0.606,1623620000,35959000,853228000,827627500,19871000,6566000,6566000,0,1448284000,505511000,942773000,2662865559,30579000,-102978000,0,12453000,0,-5503000,-144481000,-2637000,176327000,4236000,-6627000,-6627000,-6627000,0,3173000,-0.006,639812000,48630000,84639000,0.0,2.376,-401.821,-417.5,89089000,0,41.75,2.346,2.328,296324000,-238312000,1135229000,1135229000,190643000,-0.003,-0.006,0.062,0.046,69296000,414960000,1.0,63781211,63312000,63312000,17.931,957000000,30878000,22354000,35305000,15.002,276681000
