ticker,dimension,calendardate,datekey,reportperiod,lastupdated,accoci,assets,assetsavg,assetsc,assetsnc,assetturnover,bvps,capex,cashneq,cashnequsd,cor,consolinc,currentratio,de,debt,debtc,debtnc,debtusd,deferredrev,depamor,deposits,divyield,dps,ebit,ebitda,ebitdamargin,ebitdausd,ebitusd,ebt,eps,epsdil,epsusd,equity,equityavg,equityusd,ev,evebit,evebitda,fcf,fcfps,fxusd,gp,grossmargin,intangibles,intexp,invcap,invcapavg,inventory,investments,investmentsc,investmentsnc,liabilities,liabilitiesc,liabilitiesnc,marketcap,ncf,ncfbus,ncfcommon,ncfdebt,ncfdiv,ncff,ncfi,ncfinv,ncfo,ncfx,netinc,netinccmn,netinccmnusd,netincdis,netincnci,netmargin,opex,opinc,payables,payoutratio,pb,pe,pe1,ppnenet,prefdivis,price,ps,ps1,receivables,retearn,revenue,revenueusd,rnd,roa,roe,roic,ros,sbcomp,sgna,sharefactor,sharesbas,shareswa,shareswadil,sps,tangibles,taxassets,taxexp,taxliabilities,tbvps,workingcapital
VSAT,MRY,2011-12-31,2011-04-01,2011-04-01,2018-02-09,2277000,1405748000,1341771750,370880000,1034868000,0.598,20.186,-208285000,40490000,40490000,550568000,36424000,1.823,0.668,335370000,1128000,334242000,335370000,0,103053000,0,0.0,0.0,39267000,142320000,0.177,142320000,39267000,36113000,0.88,0.84,0.88,840125000,806774750,840125000,1908145090,48,13.407,-38668000,-0.946,1.0,251638000,0.314,165421000,3154000,1331784000,1262124000,98555000,0,0,0,561507000,203423000,358084000,1628586090,-49141000,-13456000,20518000,-2775000,0,18610000,-237727000,0,169617000,359000,36115000,36115000,36115000,0,309000,0.045,212385000,39253000,71712000,0.0,1.939,45.094,44.489,766139000,0,39.15,2.03,1.994,191889000,254722000,802206000,802206000,28711000,0.027,0.045,0.031,0.049,17440000,164265000,1.0,41598623,40858000,43059000,19.634,1240327000,18805000,-2000,0,29.801,167457000
VSAT,MRY,2012-12-31,2012-03-30,2012-03-30,2018-02-09,1439000,1727153000,1561657000,563152000,1164001000,0.553,20.697,-204973000,172583000,172583000,635981000,7598000,2.386,0.94,549805000,1240000,548565000,549805000,0,125511000,0,0.0,0.0,2152000,127663000,0.148,127663000,2152000,-6155000,0.18,0.17,0.18,887975000,873818500,887975000,2464390352,1145,19.304,-63524000,-1.501,1.0,227646000,0.264,146502000,8307000,1721831000,1584618000,127646000,0,0,0,834960000,236042000,598918000,2065250352,132093000,0,11890000,209294000,0,219798000,-229022000,0,141449000,-132000,7496000,7496000,7496000,0,102000,0.009,225452000,2194000,75040000,0.0,2.326,275.514,267.833,880704000,0,48.21,2.391,2.363,211690000,262218000,863627000,863627000,24992000,0.005,0.009,0.001,0.002,21382000,181728000,1.0,42838630,42325000,44226000,20.405,1580651000,20316000,-13651000,0,36.842,327110000
VSAT,MRY,2013-12-31,2013-03-29,2013-03-29,2018-02-09,606000,1794072000,1751998250,544873000,1249199000,0.639,20.184,-176295000,105738000,105738000,848161000,-40629000,2.205,0.981,588679000,2230000,586449000,588679000,0,157171000,0,0.0,0.0,-47233000,109938000,0.098,109938000,-47233000,-91226000,-0.94,-0.94,-0.94,903001000,893330250,903001000,2631653832,-55,23.938,-84497000,-1.923,1.0,271529000,0.243,130170000,43993000,1899695000,1831517250,106281000,0,0,0,886237000,247148000,639089000,2157966832,-66845000,0,31001000,20359000,0,42948000,-201565000,0,91798000,-26000,-41172000,-41172000,-41172000,0,543000,-0.037,291891000,-20362000,83009000,0.0,2.39,-52.413,-51.532,913781000,0,48.44,1.927,1.901,266970000,221046000,1119690000,1119690000,35448000,-0.024,-0.046,-0.026,-0.042,27035000,240859000,1.0,44549274,43931000,43931000,25.487,1663902000,25065000,-50054000,0,37.192,297725000
VSAT,MRY,2014-12-31,2014-04-04,2014-04-04,2018-02-09,2313000,1960115000,1906586750,531621000,1428494000,0.709,20.347,-307625000,58347000,58347000,991280000,-8657000,1.934,1.077,689761000,0,689761000,689761000,0,185064000,0,0.0,0.0,2545000,187609000,0.139,187609000,2545000,-35393000,-0.21,-0.21,-0.21,941012000,934239750,941012000,3638055248,1429,19.392,-102485000,-2.24,1.0,360182000,0.267,119024000,37938000,2197679000,2089732500,119601000,0,0,0,1013480000,274826000,738654000,3007834248,-47391000,-2400000,3029000,102488000,0,101827000,-354486000,0,205140000,128000,-9446000,-9446000,-9446000,0,789000,-0.007,356883000,3299000,98852000,0.0,3.196,-318.424,-310.762,1052502000,0,65.26,2.226,2.209,271891000,211600000,1351462000,1351462000,60736000,-0.005,-0.01,0.001,0.002,33639000,281533000,1.0,46090013,45744000,45744000,29.544,1841091000,37712000,-25947000,0,39.809,256795000
VSAT,MRY,2015-12-31,2015-04-03,2015-04-03,2018-02-09,147000,2158378000,2095686500,491671000,1666707000,0.66,21.729,-366492000,52263000,52263000,963914000,39891000,1.833,1.073,806393000,0,806393000,806393000,0,221433000,0,0.0,0.0,85638000,307071000,0.222,307071000,85638000,54190000,0.86,0.84,0.86,1038582000,1004109750,1038582000,3579011394,41,11.655,-16976000,-0.36,1.0,418621000,0.303,159581000,31448000,2484670000,2392320500,128367000,0,0,0,1114645000,268257000,846388000,2857837394,-6084000,-57376000,8414000,116157000,0,121464000,-476554000,0,349516000,-510000,40363000,40363000,40363000,0,-472000,0.029,335477000,83144000,76931000,0.0,2.752,70.803,69.756,1180243000,0,59.99,2.067,2.045,266339000,251963000,1382535000,1382535000,46670000,0.019,0.04,0.036,0.062,39353000,270841000,1.0,47638563,47139000,48285000,29.329,1998797000,0,13827000,0,41.819,223414000
VSAT,MRY,2016-12-31,2016-03-31,2016-03-31,2018-02-09,7000,2397312000,2295541250,521556000,1875756000,0.617,23.028,-377894000,42088000,42088000,984345000,21770000,1.863,1.118,945528000,0,945528000,945528000,0,242076000,0,0.0,0.0,43316000,285392000,0.201,285392000,43316000,17568000,0.45,0.44,0.45,1129103000,1099988250,1129103000,4464151878,103,15.642,-80957000,-1.67,1.0,433086000,0.306,150644000,25748000,2870119000,2739122250,145161000,0,0,0,1262888000,279989000,982899000,3591056878,-10175000,-5660000,5912000,144994000,0,149122000,-456285000,0,296937000,51000,21741000,21741000,21741000,0,29000,0.015,391967000,41119000,95645000,0.0,3.18,165.174,163.289,1385107000,0,73.48,2.533,2.512,286724000,273704000,1417431000,1417431000,77184000,0.009,0.02,0.016,0.031,47510000,298345000,1.0,48871215,48464000,49445000,29.247,2246668000,0,-4173000,0,45.821,241567000
VSAT,MRY,2017-12-31,2017-03-31,2017-03-31,2018-02-09,-2504000,2954653000,2728054250,614856000,2339797000,0.572,30.091,-487133000,130098000,130098000,1048975000,21767000,1.889,0.701,848771000,288000,848483000,848771000,0,245922000,0,0.0,0.0,39467000,285389000,0.183,285389000,39467000,27384000,0.45,0.45,0.45,1734618000,1450634250,1734618000,4237532894,107,14.848,-75835000,-1.45,1.0,510362000,0.327,161553000,12083000,3186256000,3107764000,163201000,0,0,0,1216722000,325517000,891205000,3675331894,88010000,-156906000,503794000,-109208000,0,392784000,-715005000,0,411298000,-1067000,23767000,23767000,23767000,0,-2000000,0.015,473903000,36459000,100270000,0.0,2.119,154.64,141.822,1648878000,0,63.82,2.357,2.141,263721000,297471000,1559337000,1559337000,129647000,0.009,0.016,0.013,0.025,55775000,333468000,1.0,57589030,52318000,53396000,29.805,2793100000,0,3617000,0,48.453,289339000
