ticker,dimension,calendardate,datekey,reportperiod,lastupdated,accoci,assets,assetsavg,assetsc,assetsnc,assetturnover,bvps,capex,cashneq,cashnequsd,cor,consolinc,currentratio,de,debt,debtc,debtnc,debtusd,deferredrev,depamor,deposits,divyield,dps,ebit,ebitda,ebitdamargin,ebitdausd,ebitusd,ebt,eps,epsdil,epsusd,equity,equityavg,equityusd,ev,evebit,evebitda,fcf,fcfps,fxusd,gp,grossmargin,intangibles,intexp,invcap,invcapavg,inventory,investments,investmentsc,investmentsnc,liabilities,liabilitiesc,liabilitiesnc,marketcap,ncf,ncfbus,ncfcommon,ncfdebt,ncfdiv,ncff,ncfi,ncfinv,ncfo,ncfx,netinc,netinccmn,netinccmnusd,netincdis,netincnci,netmargin,opex,opinc,payables,payoutratio,pb,pe,pe1,ppnenet,prefdivis,price,ps,ps1,receivables,retearn,revenue,revenueusd,rnd,roa,roe,roic,ros,sbcomp,sgna,sharefactor,sharesbas,shareswa,shareswadil,sps,tangibles,taxassets,taxexp,taxliabilities,tbvps,workingcapital
VSI,MRY,2011-12-31,2011-12-31,2011-12-31,2018-05-09,0,487830000,478010500,150241000,337589000,1.792,12.276,-25046000,10754000,10754000,563627000,44864000,1.857,0.371,956000,956000,0,956000,18859000,20300000,0,0.0,0.0,76199000,96499000,0.113,96499000,76199000,73874000,1.56,1.52,1.56,355803000,336394750,355803000,1159687364,15,12.018,52087000,1.808,1.0,292959000,0.342,246100000,2325000,151034000,161492000,121494000,0,0,0,132027000,80898000,51129000,1164348364,-15214000,0,7004000,-74838000,0,-67301000,-25046000,0,77133000,0,44864000,44864000,44864000,0,0,0.052,216125000,76834000,21416000,0.0,3.272,25.953,25.564,88677000,0,39.88,1.359,1.341,0,98716000,856586000,856586000,0,0.094,0.133,0.472,0.089,4058000,216125000,1.0,29196298,28802103,29556024,29.74,241730000,2863000,29010000,13725000,8.34,69343000
VSI,MRY,2012-12-31,2012-12-29,2012-12-29,2018-05-09,1000,586285000,546378500,241337000,344948000,1.74,14.967,-30775000,81168000,81168000,617920000,60825000,2.746,0.31,0,0,0,0,20912000,23076000,0,0.0,0.0,99372000,122448000,0.129,122448000,99372000,98713000,2.06,2.02,2.06,447418000,416687750,447418000,1612843160,16,13.172,47575000,1.614,1.0,332982000,0.35,246364000,659000,170869000,167902500,137693000,0,0,0,138867000,87884000,50983000,1688690160,70414000,0,11957000,-1052000,0,23237000,-31174000,0,78350000,1000,60825000,60825000,60825000,0,0,0.064,233610000,99372000,22445000,0.0,3.774,27.763,27.175,95401000,0,55.98,1.776,1.735,0,159541000,950902000,950902000,0,0.111,0.146,0.592,0.105,-5832000,233610000,1.0,30165955,29473711,30110237,32.263,339921000,7904000,37888000,13011000,11.371,153453000
VSI,MRY,2013-12-31,2013-12-28,2013-12-28,2018-05-09,-86000,682064000,645082000,275185000,406879000,1.686,17.571,-42782000,74036000,74036000,709823000,66546000,2.676,0.291,0,0,0,0,21712000,28026000,0,0.0,0.0,110292000,138318000,0.127,138318000,110292000,109797000,2.22,2.18,2.22,528340000,501409750,528340000,1510116354,13,10.918,38340000,1.278,1.0,377646000,0.347,281897000,495000,223287000,220068750,163921000,0,0,0,153724000,102844000,50880000,1564317354,-7132000,-50542000,4056000,-135000,0,5463000,-93650000,0,81122000,-67000,66546000,66546000,66546000,0,0,0.061,267354000,110292000,39106000,0.0,2.961,23.507,23.171,120142000,0,51.44,1.438,1.419,0,226087000,1087469000,1087469000,0,0.103,0.133,0.501,0.101,6259000,267354000,1.0,30410524,29992620,30541057,36.258,400167000,5936000,43251000,11588000,13.308,172341000
VSI,MRY,2014-12-31,2014-12-27,2014-12-27,2018-05-09,-83000,722391000,723077500,246598000,475793000,1.678,18.414,-42957000,12166000,12166000,808787000,61241000,2.034,0.309,8000000,8000000,0,8000000,22499000,34219000,0,0.0,0.0,102656000,136875000,0.113,136875000,102656000,102161000,2.03,2.0,2.03,551934000,566907500,551934000,1424259778,13,10.406,57190000,1.891,1.0,404259000,0.333,332294000,495000,264715000,265529500,187027000,0,0,0,170457000,121216000,49241000,1456420778,-61870000,-81538000,-49914000,7848000,0,-36877000,-125184000,0,100147000,44000,61241000,61241000,61241000,0,0,0.05,301603000,102656000,37396000,0.0,2.639,23.782,23.236,140596000,0,47.17,1.201,1.176,10376000,287328000,1213046000,1213046000,0,0.085,0.108,0.387,0.085,6901000,301603000,1.0,30875997,30239183,30664105,40.115,390097000,7449000,40920000,9151000,13.015,125382000
VSI,MRY,2015-12-31,2015-12-26,2015-12-26,2018-05-09,-60000,748691000,737045000,274565000,474126000,1.718,16.913,-39403000,15104000,15104000,847634000,53171000,2.337,0.575,123410000,8000000,115410000,123410000,20483000,38495000,0,0.0,0.0,88993000,127488000,0.101,127488000,88993000,87888000,1.84,1.82,1.84,475301000,539997750,475301000,981848865,11,7.702,21264000,0.734,1.0,418915000,0.331,330539000,1105000,408982000,322647500,226830000,0,0,0,273390000,117476000,155914000,975829865,2938000,487000,-133428000,150643000,0,-18428000,-39430000,0,60667000,129000,53171000,53171000,53171000,0,0,0.042,329922000,88993000,41217000,0.0,2.053,18.353,18.212,140158000,0,33.51,0.77,0.766,7437000,340499000,1266549000,1266549000,0,0.072,0.098,0.276,0.07,5491000,328745000,1.0,29120557,28954804,29203429,43.742,418152000,0,34717000,0,14.879,157089000
VSI,MRY,2016-12-31,2016-12-31,2016-12-31,2018-05-09,0,734184000,736953000,285653000,448531000,1.749,18.837,-40068000,2833000,2833000,862887000,24964000,2.13,0.669,131874000,11000000,120874000,131874000,5209000,38780000,0,0.0,0.0,45577000,84357000,0.065,84357000,45577000,36054000,1.05,1.04,1.05,439996000,450385250,439996000,689032302,15,8.168,53305000,2.233,1.0,426356000,0.331,290122000,9523000,438998000,415347000,241736000,0,0,0,294188000,134105000,160083000,565642302,-12271000,0,-66303000,1752000,0,-65304000,-40359000,0,93373000,19000,24964000,24964000,24964000,0,0,0.019,380779000,45577000,65606000,0.0,1.286,22.658,22.619,139132000,0,23.75,0.439,0.44,7367000,365463000,1289243000,1289243000,0,0.034,0.055,0.11,0.035,6292000,340752000,1.0,23816518,23875540,24067686,53.998,444062000,16847000,11090000,0,19.011,151548000
VSI,MRY,2017-12-31,2017-12-30,2017-12-30,2018-05-09,0,491433000,581223500,282132000,209301000,2.028,8.371,-55020000,1947000,1947000,821137000,-252151000,2.223,1.515,138415000,12000000,126415000,138415000,0,39204000,0,0.0,0.0,-262813000,-223609000,-0.19,-223609000,-262813000,-272514000,-10.9,-10.9,-10.9,195367000,288229500,195367000,240609375,0,-1.076,1207000,0.052,1.0,357557000,0.303,11040000,9701000,489958000,472461500,218087000,0,0,0,296066000,126903000,169163000,105500375,-848000,0,1400000,-2716000,0,-1662000,-55448000,0,56227000,35000,-252151000,-252151000,-252151000,0,0,-0.214,620370000,-262813000,46921000,0.0,0.54,-0.418,-0.404,141520000,0,4.4,0.09,0.086,0,113312000,1178694000,1178694000,0,-0.434,-0.875,-0.556,-0.223,7139000,345494000,1.0,23977358,23137977,23137977,50.942,480393000,37278000,-20363000,0,20.583,155229000
