ticker,dimension,calendardate,datekey,reportperiod,lastupdated,accoci,assets,assetsavg,assetsc,assetsnc,assetturnover,bvps,capex,cashneq,cashnequsd,cor,consolinc,currentratio,de,debt,debtc,debtnc,debtusd,deferredrev,depamor,deposits,divyield,dps,ebit,ebitda,ebitdamargin,ebitdausd,ebitusd,ebt,eps,epsdil,epsusd,equity,equityavg,equityusd,ev,evebit,evebitda,fcf,fcfps,fxusd,gp,grossmargin,intangibles,intexp,invcap,invcapavg,inventory,investments,investmentsc,investmentsnc,liabilities,liabilitiesc,liabilitiesnc,marketcap,ncf,ncfbus,ncfcommon,ncfdebt,ncfdiv,ncff,ncfi,ncfinv,ncfo,ncfx,netinc,netinccmn,netinccmnusd,netincdis,netincnci,netmargin,opex,opinc,payables,payoutratio,pb,pe,pe1,ppnenet,prefdivis,price,ps,ps1,receivables,retearn,revenue,revenueusd,rnd,roa,roe,roic,ros,sbcomp,sgna,sharefactor,sharesbas,shareswa,shareswadil,sps,tangibles,taxassets,taxexp,taxliabilities,tbvps,workingcapital
VTSS,MRY,2011-12-31,2011-09-30,2011-09-30,2017-08-18,0,60994000,73930000,50209000,10785000,1.907,-1.163,-3337000,17318000,17318000,53674000,-14812000,2.132,-3.143,56180000,0,56180000,56180000,3878000,3628000,0,0.0,0.0,-6975000,-3347000,-0.024,-3347000,-6975000,-15431000,-0.61,-0.61,-0.61,-28459000,-28302250,-28459000,109304025,-15,-32.657,-10548000,-0.434,1.0,87293000,0.619,1781000,8456000,74525000,80733500,20857000,0,0,0,89453000,23550000,65903000,72142025,-20809000,0,0,-9560000,0,-10141000,-3457000,0,-7211000,0,-14812000,-14812000,-14812000,0,0,-0.105,102724000,-15431000,5198000,0.0,-2.535,-4.871,-4.836,5934000,0,2.95,0.512,0.509,9591000,-1853138000,140967000,140967000,52990000,-0.2,0.523,-0.086,-0.049,3152000,41233000,1.0,24454924,24315000,24315000,5.798,59213000,0,-619000,0,2.421,26659000
VTSS,MRY,2012-12-31,2012-09-30,2012-09-30,2017-08-18,0,56616000,57734750,47479000,9137000,2.07,-0.937,-735000,23891000,23891000,46407000,-1112000,2.527,-3.358,58373000,0,58373000,58373000,871000,2963000,0,0.0,0.0,6492000,9455000,0.079,9455000,6492000,-1286000,-0.04,-0.04,-0.04,-24015000,-28176750,-24015000,100099559,15,10.587,6337000,0.252,1.0,73076000,0.612,1175000,7778000,71138000,71513500,12060000,0,0,0,80631000,18785000,61846000,62960559,6573000,0,0,0,0,1103000,-1602000,0,7072000,0,-1112000,-1112000,-1112000,0,0,-0.009,74362000,-1286000,5726000,0.0,-2.622,-56.619,-61.0,3832000,0,2.44,0.527,0.513,9403000,-1854250000,119483000,119483000,42713000,-0.019,0.039,0.091,0.054,4442000,29822000,1.0,25803508,25121000,25121000,4.756,55441000,0,-174000,0,2.163,28694000
VTSS,MRY,2013-12-31,2013-09-30,2013-09-30,2017-08-18,0,98961000,85776500,91259000,7702000,1.21,0.395,-1150000,68964000,68964000,46763000,-22078000,4.168,5.221,60750000,0,60750000,60750000,2215000,2375000,0,0.0,0.0,-14710000,-12335000,-0.119,-12335000,-14710000,-22626000,-0.55,-0.55,-0.55,15908000,3654500,15908000,163697268,-11,-13.271,-10269000,-0.255,1.0,57010000,0.549,1170000,7916000,67681000,65057250,10692000,0,0,0,83053000,21896000,61157000,174899268,44972000,0,54520000,0,0,55583000,-1492000,0,-9119000,0,-22078000,-22078000,-22078000,0,0,-0.213,79636000,-22626000,7436000,0.0,10.994,-7.922,-5.527,3107000,0,3.04,1.685,1.181,9807000,-1876328000,103773000,103773000,41927000,-0.257,-6.041,-0.226,-0.142,4396000,30210000,1.0,57532654,40311000,40311000,2.574,97791000,0,-548000,0,2.426,69363000
VTSS,MRY,2014-12-31,2014-09-30,2014-09-30,2017-08-18,0,104824000,92838000,97386000,7438000,1.169,0.462,-1301000,72697000,72697000,44480000,-18075000,1.711,2.354,49144000,32727000,16417000,49144000,4902000,2041000,0,0.0,0.0,-11507000,-9466000,-0.087,-9466000,-11507000,-17734000,-0.3,-0.3,-0.3,31258000,20341000,31258000,220809126,-19,-23.327,-8247000,-0.135,1.0,64017000,0.59,1476000,6227000,22880000,23873500,12792000,0,0,0,73566000,56915000,16651000,243711126,3040000,0,26656000,-14606000,0,11797000,-1811000,0,-6946000,0,-18075000,-18075000,-18075000,0,0,-0.167,81751000,-17734000,6814000,0.0,7.797,-13.483,-12.0,2858000,0,3.6,2.246,2.02,10850000,-1894403000,108497000,108497000,42450000,-0.195,-0.889,-0.482,-0.106,6075000,30981000,1.0,67697535,60887000,60887000,1.782,103348000,0,341000,0,1.528,40471000
