ticker,dimension,calendardate,datekey,reportperiod,lastupdated,accoci,assets,assetsavg,assetsc,assetsnc,assetturnover,bvps,capex,cashneq,cashnequsd,cor,consolinc,currentratio,de,debt,debtc,debtnc,debtusd,deferredrev,depamor,deposits,divyield,dps,ebit,ebitda,ebitdamargin,ebitdausd,ebitusd,ebt,eps,epsdil,epsusd,equity,equityavg,equityusd,ev,evebit,evebitda,fcf,fcfps,fxusd,gp,grossmargin,intangibles,intexp,invcap,invcapavg,inventory,investments,investmentsc,investmentsnc,liabilities,liabilitiesc,liabilitiesnc,marketcap,ncf,ncfbus,ncfcommon,ncfdebt,ncfdiv,ncff,ncfi,ncfinv,ncfo,ncfx,netinc,netinccmn,netinccmnusd,netincdis,netincnci,netmargin,opex,opinc,payables,payoutratio,pb,pe,pe1,ppnenet,prefdivis,price,ps,ps1,receivables,retearn,revenue,revenueusd,rnd,roa,roe,roic,ros,sbcomp,sgna,sharefactor,sharesbas,shareswa,shareswadil,sps,tangibles,taxassets,taxexp,taxliabilities,tbvps,workingcapital
WAIR,MRY,2011-12-31,2011-09-30,2011-09-30,2018-05-04,-7972000,1301385000,1290198500,676905000,624480000,0.551,6.907,-5119000,45525000,45525000,435490000,75598000,9.032,1.071,558781000,2069000,556712000,558781000,0,9558000,0,0.0,0.0,162615000,172173000,0.242,172173000,162615000,128124000,0.83,0.81,0.83,628471000,587105000,628471000,1486633782,9,8.635,81198000,0.895,1.0,275396000,0.387,591003000,34491000,1148692000,1164931500,483062000,0,0,0,672914000,74946000,597968000,935277782,6062000,0,2612000,-66141000,0,-75126000,-5119000,0,86317000,-10000,75598000,75598000,75598000,0,0,0.106,113786000,161610000,53069000,0.0,1.488,12.372,13.169,20952000,0,10.93,1.316,1.394,97289000,299359000,710886000,710886000,0,0.059,0.129,0.14,0.229,2111000,113786000,1.0,85569788,90697000,93182000,7.838,710382000,45113000,52526000,42400000,7.807,601959000
WAIR,MRY,2012-12-31,2012-09-30,2012-09-30,2018-05-04,-5730000,1537416000,1410292500,836151000,701265000,0.55,8.119,-4528000,60856000,60856000,492636000,92175000,8.166,1.041,626798000,593000,626205000,626798000,0,9963000,0,0.0,0.0,158308000,168271000,0.217,168271000,158308000,133662000,1.0,0.96,1.0,753367000,696455250,753367000,1653024169,10,9.824,50041000,0.544,1.0,283570000,0.365,670704000,24646000,1330255000,1213167250,558466000,0,0,0,784049000,102399000,681650000,1189842169,15331000,-131894000,7377000,68016000,0,96869000,-136422000,0,54569000,315000,92175000,92175000,92175000,0,0,0.119,124738000,158832000,79940000,0.0,1.579,12.909,13.66,20769000,0,13.66,1.533,1.62,130013000,391534000,776206000,776206000,0,0.065,0.132,0.13,0.204,-19850000,124738000,1.0,87104112,92058000,95712000,8.432,866712000,78133000,41487000,57523000,9.341,733752000
WAIR,MRY,2013-12-31,2013-09-30,2013-09-30,2018-05-04,-10189000,1631152000,1578723250,932909000,698243000,0.571,9.188,-7882000,78716000,78716000,583960000,104812000,7.516,0.885,570598000,1184000,569414000,570598000,0,11380000,0,0.0,0.0,182805000,194185000,0.215,194185000,182805000,157627000,1.12,1.09,1.12,865436000,813089250,865436000,2489929272,13,12.822,76947000,0.825,1.0,317648000,0.352,662134000,25178000,1336782000,1329461250,630264000,0,0,0,765716000,124118000,641598000,1970925272,17860000,0,9895000,-59146000,0,-58098000,-7882000,0,84829000,-989000,104812000,104812000,104812000,0,0,0.116,136846000,180802000,98934000,0.0,2.277,18.804,18.688,26794000,0,20.93,2.186,2.166,155944000,496346000,901608000,901608000,0,0.066,0.129,0.138,0.203,-3485000,136846000,1.0,94167476,93285490,95843749,9.665,969018000,55790000,52815000,75137000,10.288,808791000
WAIR,MRY,2014-12-31,2014-09-30,2014-09-30,2018-05-04,-10822000,2412274000,2207056250,1238046000,1174228000,0.614,10.253,-10517000,104775000,104775000,952877000,102102000,5.574,1.431,1106840000,25015000,1081825000,1106840000,0,21402000,0,0.0,0.0,186133000,207535000,0.153,207535000,186133000,156908000,1.06,1.05,1.06,992290000,946268500,992290000,2738543951,14,13.196,43172000,0.45,1.0,403000000,0.297,1096520000,29225000,2095716000,1940863250,754400000,0,0,0,1419984000,222103000,1197881000,1686867951,26059000,-560986000,9643000,533318000,0,543035000,-571503000,0,53689000,838000,102102000,102102000,102102000,0,0,0.075,219066000,183934000,159608000,0.0,1.7,16.521,16.415,49264000,0,17.4,1.244,1.231,301668000,598448000,1355877000,1355877000,0,0.046,0.108,0.096,0.137,-4728000,219066000,1.0,96946434,95950994,97605783,14.131,1315754000,65774000,54806000,119102000,13.595,1015943000
WAIR,MRY,2015-12-31,2015-09-30,2015-09-30,2018-05-04,-38721000,2020973000,2302378500,1137341000,883632000,0.65,8.425,-9614000,82866000,82866000,1173120000,-154744000,5.39,1.472,955774000,1044000,954730000,955774000,0,27726000,0,0.0,0.0,-204524000,-176798000,-0.118,-176798000,-204524000,-241616000,-1.6,-1.6,-1.6,817573000,971554750,817573000,2115310027,-10,-11.965,131558000,1.357,1.0,324495000,0.217,805976000,37092000,1876908000,1996405250,701535000,0,0,0,1203400000,210997000,992403000,1191369027,-21909000,-250000,823000,-151261000,0,-150696000,-9864000,0,141172000,-2521000,-154744000,-154744000,-154744000,0,0,-0.103,530860000,-206365000,149615000,0.0,1.457,-7.699,-7.625,46976000,0,12.2,0.796,0.79,253348000,443704000,1497615000,1497615000,0,-0.067,-0.159,-0.102,-0.137,7448000,267089000,1.0,97653199,96955043,96955043,15.446,1214997000,96432000,-86872000,52135000,12.52,926344000
WAIR,MRY,2016-12-31,2016-09-30,2016-09-30,2018-05-04,-79561000,1948578000,2001837000,1051389000,897189000,0.738,9.009,-13992000,77061000,77061000,1083674000,91378000,4.859,1.207,837460000,1471000,835989000,837460000,0,27980000,0,0.0,0.0,162491000,190471000,0.129,190471000,162491000,125590000,0.94,0.93,0.94,882915000,859039750,882915000,2138428995,13,11.227,103463000,1.06,1.0,393692000,0.266,773979000,36901000,1718621000,1828356000,713470000,0,0,0,1065663000,216377000,849286000,1324289995,-5805000,0,6073000,-114435000,0,-108121000,-11992000,0,117455000,-3147000,91378000,91378000,91378000,0,0,0.062,234942000,158750000,181700000,0.0,1.5,14.492,14.287,50525000,0,13.43,0.896,0.888,249195000,535082000,1477366000,1477366000,0,0.046,0.106,0.089,0.11,7392000,234942000,1.0,98606850,97634155,98165856,15.132,1174599000,59631000,34212000,10874000,11.985,835012000
WAIR,MRY,2017-12-31,2017-09-30,2017-09-30,2018-05-04,-84626000,1754107000,1871555000,1163146000,590961000,0.764,6.554,-8923000,61625000,61625000,1067522000,-237346000,3.866,1.7,868803000,77952000,790851000,868803000,0,28352000,0,0.0,0.0,-208426000,-180074000,-0.126,-180074000,-208426000,-248247000,-2.4,-2.4,-2.4,649731000,785826750,649731000,1745271012,-8,-9.692,-35851000,-0.363,1.0,361907000,0.253,444936000,39821000,1815505000,1791228000,827870000,0,0,0,1104376000,300844000,803532000,936046012,-15436000,0,2964000,18753000,0,20645000,-8923000,0,-26928000,-230000,-237346000,-237346000,-237346000,0,0,-0.166,570702000,-208795000,184273000,0.0,1.441,-3.944,-3.917,50355000,0,9.4,0.655,0.649,256301000,297736000,1429429000,1429429000,0,-0.127,-0.302,-0.116,-0.146,7335000,259588000,1.0,99579363,98700879,98700879,14.482,1309171000,79655000,-10901000,6487000,13.207,862302000
