ticker,dimension,calendardate,datekey,reportperiod,lastupdated,accoci,assets,assetsavg,assetsc,assetsnc,assetturnover,bvps,capex,cashneq,cashnequsd,cor,consolinc,currentratio,de,debt,debtc,debtnc,debtusd,deferredrev,depamor,deposits,divyield,dps,ebit,ebitda,ebitdamargin,ebitdausd,ebitusd,ebt,eps,epsdil,epsusd,equity,equityavg,equityusd,ev,evebit,evebitda,fcf,fcfps,fxusd,gp,grossmargin,intangibles,intexp,invcap,invcapavg,inventory,investments,investmentsc,investmentsnc,liabilities,liabilitiesc,liabilitiesnc,marketcap,ncf,ncfbus,ncfcommon,ncfdebt,ncfdiv,ncff,ncfi,ncfinv,ncfo,ncfx,netinc,netinccmn,netinccmnusd,netincdis,netincnci,netmargin,opex,opinc,payables,payoutratio,pb,pe,pe1,ppnenet,prefdivis,price,ps,ps1,receivables,retearn,revenue,revenueusd,rnd,roa,roe,roic,ros,sbcomp,sgna,sharefactor,sharesbas,shareswa,shareswadil,sps,tangibles,taxassets,taxexp,taxliabilities,tbvps,workingcapital
WBK,MRY,2011-12-31,2011-09-30,2011-09-30,2018-02-13,0,670228000000,644252500000,,,0.026,13.992,-387000000,16258000000,15791073740,0,7059000000,,14.977,174104000000,,,169103770607,0,0,370278000000,0.081,1.555,8446000000,8446000000,0.499,8203432698,8203432698,8446000000,2.33,2.236,2.263,41826000000,40007500000,40624766285,211506554788,25,25.783,7482000000,2.503,1.03,16913000000,1.0,11779000000,0,816295000000,789603500000,0,575270000000,,,626420000000,,,57428654855,10797000000,0,94000000,14328000000,-3746000000,9190000000,-6262000000,-5133000000,7869000000,997000000,6991000000,6991000000,6790219985,0,68000000,0.413,8399000000,8514000000,14512000000,0.687,1.414,8.458,8.489,1158000000,0,19.212,3.496,3.496,8551000000,16059000000,16913000000,16427262281,0,0.011,0.175,0.011,0.499,0,7406000000,1.0,2989207519,2989207519,,5.496,658449000000,2651000000,1455000000,592000000,220.275,
WBK,MRY,2012-12-31,2012-09-30,2012-09-30,2018-02-13,0,674965000000,672596500000,,,0.027,14.603,-245000000,12523000000,12986299210,0,6002000000,,14.209,157384000000,,,163206557132,0,0,394991000000,0.065,1.668,8748000000,8748000000,0.486,9071639822,9071639822,8748000000,1.947,1.894,2.019,44249000000,43037500000,45886030006,238918576027,26,26.337,15300000000,5.049,0.964,17983000000,1.0,12134000000,0,807692000000,811993500000,0,596317000000,,,628746000000,,,77773780926,-3269000000,-270000000,20000000,-9955000000,-4050000000,-12564000000,-6250000000,-5132000000,15545000000,-466000000,5936000000,5936000000,6155607451,0,66000000,0.33,9169000000,8814000000,7564000000,0.826,1.695,12.635,12.712,1137000000,0,25.666,4.171,4.171,10228000000,17128000000,17983000000,18648296630,0,0.009,0.138,0.011,0.486,0,7957000000,1.0,3030226016,3030226016,,6.154,662831000000,2176000000,2812000000,1055000000,218.74,
WBK,MRY,2013-12-31,2013-09-30,2013-09-30,2018-02-13,0,701097000000,688031000000,,,0.027,15.153,-297000000,11699000000,10900149820,0,6825000000,,14.003,153463000000,,,142983989386,0,0,424482000000,0.061,1.861,9698000000,9698000000,0.522,9035785362,9035785362,9698000000,2.183,2.135,2.034,46674000000,45461500000,43486929882,245533033001,27,27.173,25283000000,8.208,1.073,18595000000,1.0,12341000000,0,830520000000,819106000000,0,629984000000,,,653560000000,,,94469516059,-2499000000,0,-111000000,-14810000000,-5028000000,-20285000000,-7794000000,-6759000000,25580000000,1675000000,6751000000,6751000000,6290017218,0,74000000,0.363,8823000000,9772000000,8836000000,0.915,2.172,15.019,15.079,1174000000,0,30.67,5.453,5.453,11210000000,18953000000,18595000000,17325265911,0,0.01,0.148,0.012,0.522,0,7976000000,1.0,3080192894,3080192894,,5.625,688756000000,1773000000,2947000000,917000000,223.608,
WBK,MRY,2014-12-31,2014-09-30,2014-09-30,2018-02-13,0,770842000000,735969500000,,,0.027,15.585,-498000000,25760000000,22459664587,0,7625000000,,14.89,163109000000,,,142211701520,0,0,460822000000,0.063,1.766,10676000000,10676000000,0.535,9308205711,9308205711,10676000000,2.425,2.376,2.114,48456000000,47565000000,42247884597,220107080677,23,23.647,27873000000,8.965,1.147,19937000000,1.0,12606000000,0,895585000000,863052500000,0,674811000000,,,721505000000,,,87395347966,12824000000,-7744000000,-142000000,3678000000,-5837000000,-966000000,-14581000000,-5675000000,28371000000,1237000000,7561000000,7561000000,6592295184,0,64000000,0.379,9197000000,10740000000,18636000000,0.835,2.069,13.257,13.295,1452000000,0,28.11,5.028,5.028,7424000000,20641000000,19937000000,17382699257,0,0.01,0.159,0.012,0.535,0,8547000000,1.0,3109048309,3109048309,,5.591,758236000000,1397000000,3115000000,717000000,243.88,
WBK,MRY,2015-12-31,2015-09-30,2015-09-30,2018-02-13,0,812156000000,791499000000,,,0.027,17.079,-653000000,14770000000,10361000548,0,8068000000,,14.28,184894000000,,,129701207544,0,0,475328000000,0.073,1.532,11360000000,11360000000,0.525,7968921207,7968921207,11360000000,2.55,2.482,1.789,53098000000,50777000000,37247691748,185159619344,23,23.235,-1194000000,-0.384,1.426,21642000000,1.0,11574000000,0,970706000000,933145500000,0,720793000000,,,758241000000,,,65476557387,-13743000000,648000000,-165000000,6826000000,-4340000000,5513000000,-18715000000,-18080000000,-541000000,2753000000,8012000000,8012000000,5620334217,0,56000000,0.37,10226000000,11416000000,18731000000,0.856,1.758,11.65,11.773,1592000000,0,21.06,4.313,4.313,9583000000,23172000000,21642000000,15181636687,0,0.01,0.158,0.012,0.525,0,9473000000,1.0,3109048309,3109048309,,4.883,800582000000,1377000000,3348000000,594000000,257.501,
WBK,MRY,2016-12-31,2016-09-30,2016-09-30,2018-02-13,0,839202000000,825679000000,,,0.025,18.254,-489000000,17015000000,13031324193,0,7460000000,,13.438,185707000000,,,142227923719,0,0,513071000000,0.067,1.52,10629000000,10629000000,0.507,8140461055,8140461055,10629000000,2.246,2.178,1.72,58120000000,55609000000,44512522018,192013875181,23,23.588,5008000000,1.573,1.306,20985000000,1.0,11721000000,0,996173000000,983439500000,0,760067000000,,,781021000000,,,72402063053,2825000000,-104000000,3391000000,4450000000,-5402000000,4573000000,-7245000000,-5945000000,5497000000,-580000000,7445000000,7445000000,5701922340,0,15000000,0.355,10341000000,10644000000,18209000000,0.884,1.627,12.698,13.22,1737000000,0,22.74,4.505,4.505,9951000000,24379000000,20985000000,16071838860,0,0.009,0.134,0.011,0.507,0,9217000000,1.0,3183907786,3183907786,,5.048,827481000000,1351000000,3184000000,421000000,259.895,
WBK,MRY,2017-12-31,2017-09-30,2017-09-30,2018-02-13,0,851875000000,845538500000,,,0.026,18.316,-199000000,18397000000,14401910130,0,7997000000,,12.899,186022000000,,,145625489275,0,0,533591000000,0.056,1.411,11508000000,11508000000,0.528,9008924377,9008924377,11508000000,2.38,2.293,1.863,61288000000,59704000000,47978706748,212420079095,23,23.579,2621000000,0.783,1.277,21802000000,1.0,11652000000,0,1007848000000,1002010500000,0,782704000000,,,790533000000,,,84390328032,1674000000,578000000,-94000000,3249000000,-4839000000,552000000,-1698000000,-1311000000,2820000000,-292000000,7990000000,7990000000,6254892750,0,7000000,0.366,10287000000,11515000000,21907000000,0.757,1.759,13.492,13.536,1487000000,0,25.22,4.945,4.945,7128000000,26100000000,21802000000,17067480820,0,0.009,0.134,0.011,0.528,0,9434000000,1.0,3346166853,3346166853,,5.101,840223000000,1112000000,3518000000,318000000,251.1,
