ticker,dimension,calendardate,datekey,reportperiod,lastupdated,accoci,assets,assetsavg,assetsc,assetsnc,assetturnover,bvps,capex,cashneq,cashnequsd,cor,consolinc,currentratio,de,debt,debtc,debtnc,debtusd,deferredrev,depamor,deposits,divyield,dps,ebit,ebitda,ebitdamargin,ebitdausd,ebitusd,ebt,eps,epsdil,epsusd,equity,equityavg,equityusd,ev,evebit,evebitda,fcf,fcfps,fxusd,gp,grossmargin,intangibles,intexp,invcap,invcapavg,inventory,investments,investmentsc,investmentsnc,liabilities,liabilitiesc,liabilitiesnc,marketcap,ncf,ncfbus,ncfcommon,ncfdebt,ncfdiv,ncff,ncfi,ncfinv,ncfo,ncfx,netinc,netinccmn,netinccmnusd,netincdis,netincnci,netmargin,opex,opinc,payables,payoutratio,pb,pe,pe1,ppnenet,prefdivis,price,ps,ps1,receivables,retearn,revenue,revenueusd,rnd,roa,roe,roic,ros,sbcomp,sgna,sharefactor,sharesbas,shareswa,shareswadil,sps,tangibles,taxassets,taxexp,taxliabilities,tbvps,workingcapital
WDC,MRY,2011-12-31,2011-07-01,2011-07-01,2018-05-08,-5000000,8118000000,7863750000,5487000000,2631000000,1.211,23.758,-778000000,3490000000,3490000000,7735000000,726000000,2.529,0.479,294000000,144000000,150000000,294000000,0,602000000,0,0.0,0.0,790000000,1392000000,0.146,1392000000,790000000,780000000,3.14,3.09,3.14,5488000000,5218500000,5488000000,5610191033,7,4.03,877000000,3.797,1.0,1791000000,0.188,222000000,10000000,2530000000,2679250000,577000000,0,0,0,2630000000,2170000000,460000000,8515191033,756000000,-15000000,8000000,-106000000,0,-106000000,-793000000,0,1655000000,0,726000000,726000000,726000000,0,0,0.076,1010000000,781000000,1545000000,0.0,1.552,11.729,11.669,2224000000,0,36.64,0.894,0.888,1206000000,4400000000,9526000000,9526000000,703000000,0.092,0.139,0.295,0.083,69000000,282000000,1.0,232401502,231000000,235000000,41.238,7896000000,0,54000000,0,34.182,3317000000
WDC,MRY,2012-12-31,2012-06-29,2012-06-29,2018-05-08,-15000000,14206000000,11247500000,7141000000,7065000000,1.109,29.957,-641000000,3208000000,3208000000,8840000000,1612000000,1.771,0.852,2185000000,230000000,1955000000,2185000000,0,825000000,0,0.0,0.0,1783000000,2608000000,0.209,2608000000,1783000000,1757000000,6.69,6.58,6.69,7669000000,6682750000,7669000000,7291605952,4,2.796,2426000000,10.066,1.0,3638000000,0.292,2774000000,26000000,6377000000,4464500000,1210000000,0,0,0,6537000000,4032000000,2505000000,7925605952,-282000000,-3526000000,-530000000,1282000000,0,819000000,-4167000000,0,3067000000,-1000000,1612000000,1612000000,1612000000,0,0,0.129,1867000000,1771000000,2773000000,0.0,1.033,4.917,4.556,4067000000,0,30.48,0.635,0.589,2364000000,6012000000,12478000000,12478000000,1055000000,0.143,0.241,0.399,0.143,92000000,518000000,1.0,260026442,241000000,245000000,51.776,11432000000,0,145000000,0,44.656,3109000000
WDC,MRY,2013-12-31,2013-06-28,2013-06-28,2018-05-08,-35000000,14036000000,14016000000,7598000000,6438000000,1.095,33.164,-952000000,4309000000,4309000000,10988000000,980000000,1.912,0.778,1955000000,230000000,1725000000,1955000000,0,1233000000,0,0.016,1.0,1277000000,2510000000,0.164,2510000000,1277000000,1222000000,4.07,3.98,4.07,7893000000,8150000000,7893000000,12630031459,9,5.032,2167000000,8.992,1.0,4363000000,0.284,2559000000,55000000,5150000000,5967750000,1188000000,0,0,0,6143000000,3973000000,2170000000,14677031459,1101000000,-1000000,-657000000,-230000000,-181000000,-1048000000,-970000000,-17000000,3119000000,0,980000000,980000000,980000000,0,0,0.064,3097000000,1266000000,1990000000,0.246,1.859,14.977,15.256,3700000000,0,62.09,0.956,0.975,1793000000,6749000000,15351000000,15351000000,1572000000,0.07,0.12,0.214,0.083,137000000,706000000,1.0,236383177,241000000,246000000,63.697,11477000000,0,242000000,0,48.223,3625000000
WDC,MRY,2014-12-31,2014-06-27,2014-06-27,2018-05-08,12000000,15499000000,15229750000,8720000000,6779000000,0.993,38.112,-628000000,4804000000,4804000000,10770000000,1617000000,2.268,0.753,2438000000,125000000,2313000000,2438000000,0,1244000000,0,0.013,1.25,1808000000,3052000000,0.202,3052000000,1808000000,1752000000,6.88,6.68,6.88,8842000000,8610500000,8842000000,19737871825,10,6.467,2188000000,9.311,1.0,4360000000,0.288,3013000000,56000000,6275000000,5772250000,1226000000,284000000,284000000,0,6657000000,3845000000,2812000000,21837871825,495000000,-819000000,-629000000,475000000,-259000000,-385000000,-1936000000,-489000000,2816000000,0,1617000000,1617000000,1617000000,0,0,0.107,2569000000,1791000000,1971000000,0.182,2.47,13.505,13.503,3293000000,0,92.9,1.443,1.443,1989000000,8066000000,15130000000,15130000000,1661000000,0.106,0.188,0.313,0.119,156000000,813000000,1.0,235068588,235000000,242000000,64.383,12486000000,0,135000000,0,53.819,4875000000
WDC,MRY,2015-12-31,2015-07-03,2015-07-03,2018-05-08,-20000000,15170000000,15284250000,8513000000,6657000000,0.953,40.258,-612000000,5024000000,5024000000,10351000000,1465000000,2.629,0.646,2556000000,407000000,2149000000,2556000000,0,1114000000,0,0.022,1.8,1626000000,2740000000,0.188,2740000000,1626000000,1577000000,6.31,6.18,6.31,9219000000,9122500000,9219000000,16205858292,9,5.915,1630000000,7.026,1.0,4221000000,0.29,3098000000,49000000,6366000000,6281250000,1368000000,262000000,262000000,0,5951000000,3238000000,2713000000,18673858292,220000000,-252000000,-758000000,130000000,-396000000,-1069000000,-953000000,-89000000,2242000000,0,1465000000,1465000000,1465000000,0,0,0.101,2610000000,1611000000,1881000000,0.285,2.026,12.747,12.816,2965000000,0,80.87,1.281,1.288,1532000000,9107000000,14572000000,14572000000,1646000000,0.096,0.161,0.259,0.112,162000000,788000000,1.0,230912060,232000000,237000000,62.81,12072000000,0,112000000,0,52.716,5275000000
WDC,MRY,2016-12-31,2016-07-01,2016-07-01,2018-05-08,103000000,32862000000,19634000000,12584000000,20278000000,0.662,42.865,-584000000,8151000000,8151000000,9559000000,242000000,1.811,1.949,16994000000,3334000000,13660000000,16994000000,0,1154000000,0,0.043,2.0,419000000,1573000000,0.121,1573000000,419000000,153000000,1.01,1.0,1.01,11145000000,9911750000,11145000000,7143357346,17,4.541,1399000000,5.854,1.0,3435000000,0.264,14985000000,266000000,19771000000,9481000000,2129000000,1398000000,227000000,1171000000,21717000000,6949000000,14768000000,10827357346,3127000000,-10001000000,57000000,11405000000,-464000000,10751000000,-9608000000,977000000,1983000000,1000000,242000000,242000000,242000000,0,0,0.019,2969000000,466000000,2056000000,1.98,0.971,44.741,46.01,3503000000,0,46.47,0.833,0.855,1461000000,8848000000,12994000000,12994000000,1627000000,0.012,0.024,0.044,0.032,191000000,997000000,1.0,232996715,239000000,242000000,54.368,17877000000,0,-89000000,0,68.758,5635000000
WDC,MRY,2017-12-31,2017-06-30,2017-06-30,2018-05-08,-58000000,29860000000,29323250000,11056000000,18804000000,0.651,39.237,-557000000,6354000000,6354000000,13021000000,397000000,2.545,1.615,13151000000,233000000,12918000000,13151000000,0,2128000000,0,0.023,2.0,1616000000,3744000000,0.196,3744000000,1616000000,769000000,1.38,1.34,1.38,11418000000,10989000000,11418000000,33240076108,20,8.878,2880000000,10.0,1.0,6072000000,0.318,13837000000,847000000,18476000000,18707500000,2341000000,1364000000,24000000,1340000000,18442000000,4344000000,14098000000,25804076108,-1797000000,-309000000,235000000,-4291000000,-574000000,-4595000000,-636000000,230000000,3437000000,-3000000,397000000,397000000,397000000,0,0,0.021,4118000000,1954000000,2350000000,1.449,2.26,64.998,64.203,3033000000,0,88.6,1.351,1.336,1948000000,8633000000,19093000000,19093000000,2441000000,0.014,0.036,0.086,0.085,394000000,1445000000,1.0,291242394,288000000,296000000,66.295,16023000000,0,372000000,0,55.062,6712000000
