ticker,dimension,calendardate,datekey,reportperiod,lastupdated,accoci,assets,assetsavg,assetsc,assetsnc,assetturnover,bvps,capex,cashneq,cashnequsd,cor,consolinc,currentratio,de,debt,debtc,debtnc,debtusd,deferredrev,depamor,deposits,divyield,dps,ebit,ebitda,ebitdamargin,ebitdausd,ebitusd,ebt,eps,epsdil,epsusd,equity,equityavg,equityusd,ev,evebit,evebitda,fcf,fcfps,fxusd,gp,grossmargin,intangibles,intexp,invcap,invcapavg,inventory,investments,investmentsc,investmentsnc,liabilities,liabilitiesc,liabilitiesnc,marketcap,ncf,ncfbus,ncfcommon,ncfdebt,ncfdiv,ncff,ncfi,ncfinv,ncfo,ncfx,netinc,netinccmn,netinccmnusd,netincdis,netincnci,netmargin,opex,opinc,payables,payoutratio,pb,pe,pe1,ppnenet,prefdivis,price,ps,ps1,receivables,retearn,revenue,revenueusd,rnd,roa,roe,roic,ros,sbcomp,sgna,sharefactor,sharesbas,shareswa,shareswadil,sps,tangibles,taxassets,taxexp,taxliabilities,tbvps,workingcapital
WF,MRY,2011-12-31,2011-12-31,2011-12-31,2018-04-30,0,314221690000000,,,,,,-71349000000,6417964000000,5537421391,0,2451315000000,,16.64,82957238000000,,,71575531467,0,273607000000,197378565000000,0.0,0.0,2712837000000,2986444000000,0.492,2576704837,2340636630,2712837000000,9547.175,9547.175,8.237,17555085000000,,15146532950,,,,-1142470000000,,1159.017,6070645000000,1.0,447891000000,0,390313073000000,,0,303651041000000,,,292117182000000,,,,1517913000000,-144104000000,0,368003000000,-201503000000,175351000000,2413683000000,2728476000000,-1071121000000,28101000000,2153826000000,2153826000000,1858321761,-668480000000,297489000000,0.355,3162940000000,2907705000000,0,0.0,,,3.532,3134472000000,0,29.094,,,0,12477156000000,6070645000000,5237754446,0,,,,0.447,0,3162940000000,0.333,,,,,313773799000000,137017000000,559011000000,544290000000,,
WF,MRY,2012-12-31,2012-12-31,2012-12-31,2018-04-30,0,327101814000000,320661752000000,,,0.019,27646.657,-239649000000,5778390000000,5428167901,0,1847679000000,,16.264,86984095000000,,,81712081125,0,291033000000,204209580000000,0.0,0.0,1990181000000,2281214000000,0.378,2142952035,1869558237,1990181000000,5979.06,5979.06,5.617,18695919000000,18125502000000,17562779149,,,,-383686000000,-567.377,1064.519,6037250000000,1.0,433407000000,0,407874112000000,399093592500000,0,317012175000000,,,304068738000000,,,8960091221,-468354000000,43052000000,0,-2498561000000,-201503000000,-2676439000000,2352122000000,2558293000000,-144037000000,-171220000000,1633341000000,1633341000000,1534345931,-566599000000,214338000000,0.271,4757060000000,1280190000000,0,0.0,0.51,5.84,7.077,3185543000000,0,39.75,1.58,4.74,0,13881378000000,6037250000000,5671338671,0,0.005,0.09,0.005,0.33,0,2958031000000,0.333,676245192,676245192,,8.387,326668407000000,194106000000,356840000000,313272000000,483062.077,
WF,MRY,2013-12-31,2013-12-31,2013-12-31,2018-04-30,0,340690382000000,333896098000000,,,0.016,26392.251,-134889000000,5477649000000,5202933991,0,-713435000000,,17.807,59824132000000,,,56823832615,0,300453000000,175323644000000,0.0,0.0,-502592000000,-202139000000,-0.037,-192001326,-477386010,-502592000000,-2112.021,-2112.021,-2.006,17847633000000,18271776000000,16952538653,83612982120,-175,-435.481,-3132838000000,-4632.695,1052.8,5418523000000,1.0,268926000000,0,394767939000000,401321025500000,0,246932438000000,,,317813613000000,,,10298060792,789062000000,-38206000000,0,3531194000000,-201503000000,4179978000000,-392967000000,-183417000000,-2997949000000,-94993000000,-537688000000,-537688000000,-510721875,0,175747000000,-0.099,5305255000000,113268000000,0,0.0,0.607,-20.164,-22.773,2536441000000,0,45.685,2.001,6.003,0,13112690000000,5418523000000,5146773278,0,-0.002,-0.029,-0.001,-0.093,0,3027995000000,0.333,676245192,676245192,,7.611,340421456000000,298357000000,35096000000,59085000000,503399.447,
WF,MRY,2014-12-31,2014-12-31,2014-12-31,2018-04-30,0,270157219000000,305423800500000,,,0.018,26593.167,-104293000000,5962861000000,5449085032,0,1207969000000,,14.016,59393186000000,,,54275711080,0,247216000000,188516465000000,0.0,0.0,1502175000000,1749391000000,0.323,1598658817,1372743605,1502175000000,4863.049,4863.049,4.444,17983501000000,17915567000000,16433994709,58763367514,42,36.758,176951000000,261.667,1094.287,5410033000000,1.0,295728000000,0,323291816000000,359029877500000,0,260981655000000,,,252063794000000,,,6142499070,-548341000000,1443031000000,-37583000000,1852678000000,0,311427000000,-1141012000000,-2496741000000,281244000000,38743000000,1213980000000,1213980000000,1109380253,0,-6011000000,0.224,4730125000000,679908000000,0,0.0,0.374,5.537,6.132,2501102000000,0,27.25,1.242,3.727,0,14165358000000,5410033000000,4943890163,0,0.004,0.068,0.004,0.278,0,3633185000000,0.333,676245192,676245192,,7.311,269861491000000,262703000000,288195000000,320519000000,399058.646,
WF,MRY,2015-12-31,2015-12-31,2015-12-31,2018-04-30,0,291859072000000,281008145500000,,,0.02,28500.359,-110854000000,6644055000000,5654266351,0,1075392000000,,14.204,58896982000000,,,50122887832,0,240764000000,209141826000000,0.0,0.0,1435711000000,1676475000000,0.292,1426724520,1221827994,1435711000000,3903.039,3903.039,3.322,19188472000000,18585986500000,16329896661,54523157502,44,38.216,-494760000000,-734.86,1175.052,5738696000000,1.0,419806000000,0,343692193000000,333492004500000,0,281945436000000,,,272549157000000,,,5071925856,408824000000,35966000000,0,-594846000000,-504952000000,-481414000000,1274144000000,1387747000000,-383906000000,272370000000,1059157000000,1059157000000,901370591,0,16235000000,0.185,4727094000000,1011602000000,0,0.0,0.311,5.627,6.804,2471206000000,0,22.6,1.039,3.116,0,13726122000000,5738696000000,4883781921,0,0.004,0.057,0.004,0.25,0,3760448000000,0.333,673271227,673271227,,7.254,291439266000000,217379000000,376554000000,128322000000,432870.52,
WF,MRY,2016-12-31,2016-12-31,2016-12-31,2018-04-30,0,310682727000000,301270899500000,,,0.02,30279.268,-135374000000,7591324000000,6292308393,0,1277533000000,,14.232,64320050000000,,,53313702655,0,252031000000,221020411000000,0.025,0.8,1537122000000,1789153000000,0.3,1482995909,1274092063,1537122000000,4701.047,4701.047,3.897,20386160000000,19787316000000,16897711872,52917025098,41,35.683,4769911000000,7084.68,1206.445,5956675000000,1.0,483739000000,0,366927714000000,355309953500000,0,299709277000000,,,290136774000000,,,7181487928,1012734000000,-78447000000,0,464089000000,-168317000000,333062000000,-4225613000000,-3805135000000,4905285000000,-65465000000,1261266000000,1261266000000,1045440115,0,16267000000,0.212,4680331000000,1276344000000,0,0.205,0.425,6.869,8.212,2458025000000,0,32.0,1.455,4.364,0,14611566000000,5956675000000,4937377999,0,0.004,0.064,0.004,0.258,0,3846255000000,0.333,673271226,673271226,,7.333,310198988000000,238236000000,275856000000,193215000000,460734.064,
WF,MRY,2017-12-31,2017-12-31,2017-12-31,2018-04-30,0,316295461000000,313489094000000,,,0.02,30249.164,-164271000000,6908286000000,6481176470,0,1530088000000,,14.521,56546818000000,,,53050772117,0,235795000000,234695084000000,0.0,0.0,1931566000000,2167361000000,0.345,2033362416,1812145604,1931566000000,5997.06,5997.06,5.626,20365892000000,20376026000000,19106756731,60319037173,33,29.665,-2143276000000,-3183.377,1065.9,6291116000000,1.0,518599000000,0,365415394000000,366171554000000,0,305899151000000,,,295730561000000,,,10029396735,-156393000000,-72778000000,0,1182817000000,-336636000000,-61097000000,1883709000000,2304433000000,-1979005000000,-526645000000,1512148000000,1512148000000,1418658410,0,17940000000,0.24,4347247000000,1943869000000,0,0.0,0.525,7.07,7.943,2477545000000,0,44.69,1.699,5.098,0,15620006000000,6291116000000,5902163429,0,0.005,0.074,0.005,0.307,0,3562114000000,0.333,673271226,673271226,,8.766,315776862000000,284852000000,419418000000,255281000000,469018.799,
