ticker,dimension,calendardate,datekey,reportperiod,lastupdated,accoci,assets,assetsavg,assetsc,assetsnc,assetturnover,bvps,capex,cashneq,cashnequsd,cor,consolinc,currentratio,de,debt,debtc,debtnc,debtusd,deferredrev,depamor,deposits,divyield,dps,ebit,ebitda,ebitdamargin,ebitdausd,ebitusd,ebt,eps,epsdil,epsusd,equity,equityavg,equityusd,ev,evebit,evebitda,fcf,fcfps,fxusd,gp,grossmargin,intangibles,intexp,invcap,invcapavg,inventory,investments,investmentsc,investmentsnc,liabilities,liabilitiesc,liabilitiesnc,marketcap,ncf,ncfbus,ncfcommon,ncfdebt,ncfdiv,ncff,ncfi,ncfinv,ncfo,ncfx,netinc,netinccmn,netinccmnusd,netincdis,netincnci,netmargin,opex,opinc,payables,payoutratio,pb,pe,pe1,ppnenet,prefdivis,price,ps,ps1,receivables,retearn,revenue,revenueusd,rnd,roa,roe,roic,ros,sbcomp,sgna,sharefactor,sharesbas,shareswa,shareswadil,sps,tangibles,taxassets,taxexp,taxliabilities,tbvps,workingcapital
WFM,MRY,2011-12-31,2011-09-25,2011-09-25,2017-11-17,-164000,4292075000,4165806000,1453144000,2838931000,2.426,8.42,-365000000,303960000,303960000,6571000000,343000000,1.652,0.435,17905000,466000,17439000,17905000,0,287000000,0,0.006,0.2,556000000,843000000,0.083,843000000,556000000,552000000,0.98,0.97,0.98,2991305000,2763435250,2991305000,11726195153,21,13.91,390000000,1.113,1.0,3537000000,0.35,730172000,4000000,2396487000,2453788000,336799000,495135000,442320000,52815000,1300770000,879361000,421409000,12084080153,80000000,-2000000,297000000,-490000000,-53000000,-223000000,-451000000,-73000000,755000000,-1000000,343000000,343000000,343000000,0,0,0.034,2989000000,548000000,236913000,0.204,4.04,35.231,34.796,1997212000,0,34.1,1.195,1.182,175310000,870497000,10108000000,10108000000,0,0.082,0.124,0.227,0.055,4000000,2940000000,1.0,354371852,350500000,354600000,28.839,3561903000,171324000,209000000,0,10.026,573783000
WFM,MRY,2012-12-31,2012-09-30,2012-09-30,2017-11-17,5000000,5294000000,4946311500,2103000000,3191000000,2.365,10.278,-456000000,192000000,192000000,7543000000,466000000,2.153,0.392,24000000,1000000,23000000,24000000,0,311000000,0,0.006,0.28,752000000,1063000000,0.091,1063000000,752000000,752000000,1.28,1.26,1.28,3802000000,3520252500,3802000000,17765933760,23,16.713,464000000,1.272,1.0,4156000000,0.355,725000000,0,3424000000,2959905250,374000000,1352000000,1131000000,221000000,1492000000,977000000,515000000,17986604760,-123000000,0,342000000,0,-95000000,297000000,-1341000000,-871000000,920000000,1000000,466000000,466000000,466000000,0,0,0.04,3412000000,744000000,247000000,0.219,4.731,38.598,38.047,2193000000,0,48.7,1.537,1.519,197000000,1233000000,11699000000,11699000000,0,0.094,0.132,0.254,0.064,-8000000,3355000000,1.0,369334800,364800000,368900000,32.07,4569000000,175000000,286000000,0,12.352,1126000000
WFM,MRY,2013-12-31,2013-09-29,2013-09-29,2017-11-17,1000000,5538000000,5298000000,1980000000,3558000000,2.438,10.422,-538000000,401000000,401000000,8288000000,551000000,1.82,0.428,27000000,1000000,26000000,27000000,0,339000000,0,0.024,1.4,894000000,1233000000,0.095,1233000000,894000000,894000000,1.48,1.47,1.48,3878000000,3709500000,3878000000,21334676057,23,17.303,471000000,1.269,1.0,4629000000,0.358,744000000,0,3332000000,3191750000,414000000,1035000000,733000000,302000000,1660000000,1088000000,572000000,21728676057,201000000,-22000000,-44000000,0,-508000000,-517000000,-289000000,282000000,1009000000,-2000000,551000000,551000000,551000000,0,0,0.043,3746000000,883000000,247000000,0.946,5.603,39.435,39.412,2428000000,0,58.33,1.682,1.676,188000000,1265000000,12917000000,12917000000,0,0.104,0.149,0.28,0.069,20000000,3682000000,1.0,372512876,371200000,374500000,34.798,4794000000,223000000,343000000,0,12.884,892000000
WFM,MRY,2014-12-31,2014-09-28,2014-09-28,2017-11-17,-7000000,5744000000,5773000000,1756000000,3988000000,2.459,10.548,-730000000,299000000,299000000,9150000000,579000000,1.397,0.506,62000000,2000000,60000000,62000000,0,377000000,0,0.013,0.48,946000000,1323000000,0.093,1323000000,946000000,946000000,1.57,1.56,1.57,3813000000,3906250000,3813000000,13297107776,14,10.051,358000000,0.973,1.0,5044000000,0.355,789000000,0,3461000000,3456000000,441000000,673000000,553000000,120000000,1931000000,1257000000,674000000,13608107776,-100000000,-73000000,-536000000,-1000000,-170000000,-698000000,-484000000,334000000,1088000000,-6000000,579000000,579000000,579000000,0,0,0.041,4110000000,934000000,276000000,0.306,3.569,23.503,23.994,2923000000,0,37.67,0.959,0.976,198000000,1668000000,14194000000,14194000000,0,0.1,0.148,0.274,0.067,59000000,4032000000,1.0,361245229,367800000,370500000,38.592,4955000000,300000000,367000000,0,13.707,499000000
WFM,MRY,2015-12-31,2015-09-27,2015-09-27,2017-11-17,-28000000,5741000000,5945500000,1544000000,4197000000,2.588,10.611,-854000000,364000000,364000000,9973000000,536000000,1.233,0.523,65000000,3000000,62000000,65000000,0,439000000,0,0.013,0.39,878000000,1317000000,0.086,1317000000,878000000,878000000,1.49,1.48,1.49,3769000000,3949250000,3769000000,10807384235,12,8.206,275000000,0.767,1.0,5416000000,0.352,789000000,0,3401000000,3528500000,500000000,218000000,155000000,63000000,1972000000,1252000000,720000000,11129384235,47000000,-4000000,-447000000,-1000000,-184000000,-622000000,-455000000,434000000,1129000000,-5000000,536000000,536000000,536000000,0,0,0.035,4555000000,861000000,295000000,0.262,2.953,20.764,20.872,3163000000,0,31.1,0.723,0.725,218000000,2017000000,15389000000,15389000000,0,0.09,0.136,0.249,0.057,53000000,4472000000,1.0,357858014,358500000,360800000,42.926,4952000000,343000000,342000000,0,13.941,292000000
WFM,MRY,2016-12-31,2016-09-25,2016-09-25,2017-11-17,-32000000,6341000000,6303500000,1975000000,4366000000,2.494,10.1,-718000000,473000000,473000000,10313000000,507000000,1.473,0.967,1051000000,3000000,1048000000,1051000000,0,498000000,0,0.019,0.54,868000000,1366000000,0.087,1366000000,868000000,827000000,1.55,1.55,1.55,3224000000,3239000000,3224000000,9549303912,11,6.991,398000000,1.22,1.0,5411000000,0.344,784000000,41000000,4794000000,4560750000,517000000,379000000,379000000,0,3117000000,1341000000,1776000000,9092303912,114000000,-11000000,-925000000,993000000,-177000000,-113000000,-895000000,-162000000,1116000000,6000000,507000000,507000000,507000000,0,0,0.032,4554000000,857000000,307000000,0.348,2.82,17.934,18.4,3442000000,0,28.52,0.578,0.591,242000000,2349000000,15724000000,15724000000,0,0.08,0.157,0.19,0.055,45000000,4477000000,1.0,318804485,326100000,326900000,48.218,5557000000,297000000,320000000,0,17.409,634000000
