ticker,dimension,calendardate,datekey,reportperiod,lastupdated,accoci,assets,assetsavg,assetsc,assetsnc,assetturnover,bvps,capex,cashneq,cashnequsd,cor,consolinc,currentratio,de,debt,debtc,debtnc,debtusd,deferredrev,depamor,deposits,divyield,dps,ebit,ebitda,ebitdamargin,ebitdausd,ebitusd,ebt,eps,epsdil,epsusd,equity,equityavg,equityusd,ev,evebit,evebitda,fcf,fcfps,fxusd,gp,grossmargin,intangibles,intexp,invcap,invcapavg,inventory,investments,investmentsc,investmentsnc,liabilities,liabilitiesc,liabilitiesnc,marketcap,ncf,ncfbus,ncfcommon,ncfdebt,ncfdiv,ncff,ncfi,ncfinv,ncfo,ncfx,netinc,netinccmn,netinccmnusd,netincdis,netincnci,netmargin,opex,opinc,payables,payoutratio,pb,pe,pe1,ppnenet,prefdivis,price,ps,ps1,receivables,retearn,revenue,revenueusd,rnd,roa,roe,roic,ros,sbcomp,sgna,sharefactor,sharesbas,shareswa,shareswadil,sps,tangibles,taxassets,taxexp,taxliabilities,tbvps,workingcapital
WMAR,MRY,2011-12-31,2011-12-31,2011-12-31,2017-09-27,-727000,335657000,349004750,264022000,71635000,1.844,11.159,-17157000,43966000,43966000,449770000,32753000,3.995,0.313,0,0,0,0,0,14019000,0,0.0,0.0,22789000,36808000,0.057,36808000,22789000,21871000,1.44,1.41,1.44,255643000,247517750,255643000,221234263,9,6.01,19583000,0.86,1.0,193673000,0.301,0,918000,225599000,247728000,193375000,0,0,0,80014000,66092000,13922000,265338263,21947000,0,669000,0,0,2355000,-17157000,0,36740000,9000,32753000,32753000,32753000,0,0,0.051,170884000,22789000,25085000,0.0,1.038,8.101,8.076,60746000,0,11.63,0.412,0.411,5771000,70643000,643443000,643443000,0,0.094,0.132,0.092,0.035,2047000,170884000,1.0,22814984,22762000,23286000,28.268,335657000,14918000,-10882000,0,14.652,197930000
WMAR,MRY,2012-12-31,2012-12-29,2012-12-29,2017-09-27,-791000,350979000,369812750,279547000,71432000,1.826,11.664,-17831000,56542000,56542000,467733000,14719000,4.524,0.275,0,0,0,0,0,15302000,0,0.0,0.0,25298000,40600000,0.06,40600000,25298000,24457000,0.63,0.62,0.63,275306000,272037750,275306000,182724090,7,4.501,8210000,0.352,1.0,207518000,0.307,0,841000,232640000,245185750,189339000,0,0,0,75673000,61797000,13876000,251007090,12576000,0,698000,0,0,4380000,-17831000,0,26041000,-14000,14719000,14719000,14719000,0,0,0.022,182220000,25298000,21075000,0.0,0.912,17.053,16.968,59532000,0,10.69,0.372,0.369,6723000,83070000,675251000,675251000,0,0.04,0.054,0.103,0.037,2748000,182220000,1.0,23480551,23312000,23771000,28.966,350979000,13051000,9738000,0,14.87,217750000
WMAR,MRY,2013-12-31,2013-12-28,2013-12-28,2017-09-27,-565000,364243000,382705250,282257000,81986000,1.733,11.8,-24181000,48408000,48408000,471528000,7837000,4.762,0.262,0,0,0,0,0,14960000,0,0.0,0.0,15743000,30703000,0.046,30703000,15743000,15309000,0.32,0.32,0.32,288584000,288011750,288584000,274580147,17,8.943,-10629000,-0.438,1.0,191646000,0.289,0,434000,256558000,257277000,203036000,0,0,0,75659000,59277000,16382000,344515147,-8134000,0,-3239000,0,0,2441000,-24181000,0,13552000,54000,7837000,7837000,7837000,0,0,0.012,175903000,15743000,21986000,0.0,1.194,43.96,44.188,72848000,0,14.14,0.519,0.517,6441000,90907000,663174000,663174000,0,0.02,0.027,0.061,0.024,1967000,175903000,1.0,24364579,24259000,24601000,27.337,364243000,10696000,7472000,0,14.893,222980000
WMAR,MRY,2014-12-31,2015-01-03,2015-01-03,2017-09-27,-564000,385501000,392895500,298192000,87309000,1.72,11.941,-24516000,45675000,45675000,482564000,1948000,4.021,0.325,0,0,0,0,0,18234000,0,0.0,0.0,4432000,22666000,0.034,22666000,4432000,4004000,0.08,0.08,0.08,291008000,290069500,291008000,240311187,54,10.602,-558000,-0.023,1.0,193187000,0.286,0,428000,265660000,267403500,214298000,0,0,0,94493000,74166000,20327000,303914187,-2733000,0,-4112000,0,0,-2244000,-24516000,0,23958000,69000,1948000,1948000,1948000,0,0,0.003,188755000,4432000,33244000,0.0,1.044,156.013,156.25,79447000,0,12.5,0.45,0.448,6843000,92855000,675751000,675751000,0,0.005,0.007,0.017,0.007,2892000,188755000,1.0,24313135,24244000,24408000,27.873,385501000,9578000,2056000,0,15.819,224026000
WMAR,MRY,2015-12-31,2016-01-02,2016-01-02,2017-09-27,-319000,391815000,409494000,301724000,90091000,1.721,12.115,-22546000,48159000,48159000,502780000,4520000,4.022,0.308,0,0,0,0,0,20687000,0,0.0,0.0,7746000,28433000,0.04,28433000,7746000,7294000,0.18,0.18,0.18,299459000,298797000,299459000,149187055,19,5.247,760000,0.031,1.0,202045000,0.287,0,452000,268630000,278613500,222853000,0,0,0,92356000,75026000,17330000,209673055,2484000,0,476000,0,0,1617000,-22546000,0,23306000,107000,4520000,4520000,4520000,0,0,0.006,194299000,7746000,26275000,0.0,0.7,46.388,47.167,81561000,0,8.49,0.297,0.297,7141000,97375000,704825000,704825000,0,0.011,0.015,0.028,0.011,2787000,194299000,1.0,24696473,24629000,24734000,28.618,391815000,4321000,2774000,0,15.851,226698000
WMAR,MRY,2016-12-31,2016-12-31,2016-12-31,2017-09-27,-534000,406102000,431466750,315228000,90874000,1.63,12.359,-21795000,76141000,76141000,497711000,6535000,4.035,0.315,0,0,0,0,0,22166000,0,0.0,0.0,12036000,34202000,0.049,34202000,12036000,11604000,0.26,0.26,0.26,308731000,307451750,308731000,167258552,13,4.89,27550000,1.107,1.0,205660000,0.292,0,432000,251843000,255318000,212106000,0,0,0,97371000,78118000,19253000,261179552,27982000,0,433000,0,0,434000,-21795000,0,49345000,-2000,6535000,6535000,6535000,0,0,0.009,193624000,12036000,32999000,0.0,0.846,39.966,40.269,82517000,0,10.47,0.371,0.371,6413000,103910000,703371000,703371000,0,0.015,0.021,0.047,0.017,2779000,193624000,1.0,24945516,24893000,24988000,28.256,406102000,3862000,5069000,0,16.257,237110000
