ticker,dimension,calendardate,datekey,reportperiod,lastupdated,accoci,assets,assetsavg,assetsc,assetsnc,assetturnover,bvps,capex,cashneq,cashnequsd,cor,consolinc,currentratio,de,debt,debtc,debtnc,debtusd,deferredrev,depamor,deposits,divyield,dps,ebit,ebitda,ebitdamargin,ebitdausd,ebitusd,ebt,eps,epsdil,epsusd,equity,equityavg,equityusd,ev,evebit,evebitda,fcf,fcfps,fxusd,gp,grossmargin,intangibles,intexp,invcap,invcapavg,inventory,investments,investmentsc,investmentsnc,liabilities,liabilitiesc,liabilitiesnc,marketcap,ncf,ncfbus,ncfcommon,ncfdebt,ncfdiv,ncff,ncfi,ncfinv,ncfo,ncfx,netinc,netinccmn,netinccmnusd,netincdis,netincnci,netmargin,opex,opinc,payables,payoutratio,pb,pe,pe1,ppnenet,prefdivis,price,ps,ps1,receivables,retearn,revenue,revenueusd,rnd,roa,roe,roic,ros,sbcomp,sgna,sharefactor,sharesbas,shareswa,shareswadil,sps,tangibles,taxassets,taxexp,taxliabilities,tbvps,workingcapital
WOR,MRY,2011-12-31,2011-05-31,2011-05-31,2018-04-09,3975000,1667249000,1582541250,891635000,775614000,1.543,9.413,-22025000,56167000,56167000,2086467000,124034000,1.698,1.343,383210000,132956000,250254000,383210000,0,61058000,0,0.018,0.4,192318000,253376000,0.104,253376000,192318000,173562000,1.54,1.54,1.54,689910000,678232500,689910000,1902585843,9,7.509,49870000,0.667,1.0,356157000,0.146,113591000,18756000,1355699000,1321314500,370830000,232149000,0,232149000,926546000,525002000,401544000,1621283843,-2849000,-37866000,-127937000,132956000,-30168000,-35467000,-39277000,0,71895000,0,115066000,115066000,115066000,0,8968000,0.047,242237000,113920000,253404000,0.26,2.35,14.09,14.175,405334000,0,21.83,0.664,0.669,388550000,504410000,2442624000,2442624000,0,0.073,0.17,0.146,0.079,5499000,235198000,1.0,74268614,74803000,75409000,32.654,1553658000,29653000,58496000,91113000,21.198,366633000
WOR,MRY,2012-12-31,2012-05-31,2012-05-31,2018-04-09,-20387000,1877797000,1748053000,914239000,963558000,1.45,10.141,-31713000,41028000,41028000,2201833000,125353000,1.389,1.621,533714000,276252000,257462000,533714000,0,55873000,0,0.028,0.46,186996000,242869000,0.096,242869000,186996000,167499000,1.66,1.66,1.66,697174000,683381000,697174000,1640139293,8,6.753,141936000,2.038,1.0,332868000,0.131,257014000,19497000,1455206000,1430586000,401940000,240882000,0,240882000,1130360000,658263000,472097000,1136510293,-15139000,-239851000,-62302000,103164000,-32138000,-192000,-188596000,0,173649000,0,115595000,115595000,115595000,0,9758000,0.046,231408000,101460000,252334000,0.277,1.63,9.832,9.789,443077000,0,16.25,0.448,0.447,400869000,525223000,2534701000,2534701000,0,0.066,0.169,0.131,0.074,11164000,225069000,1.0,69939095,69651000,70252000,36.391,1620783000,21798000,51904000,84796000,23.576,255976000
WOR,MRY,2013-12-31,2013-05-31,2013-05-31,2018-04-09,-12036000,1950857000,1865595000,866883000,1083974000,1.4,11.833,-44588000,51385000,51385000,2215601000,136835000,1.931,1.298,521056000,114820000,406236000,521056000,0,66469000,0,0.019,0.64,224825000,291294000,0.112,291294000,224825000,200907000,1.97,1.97,1.97,830822000,791237000,830822000,2845335251,12,9.768,228389000,3.296,1.0,396643000,0.152,361002000,23918000,1610612000,1598248000,356768000,246125000,0,246125000,1078620000,448914000,629706000,2444472251,10357000,-174362000,7497000,-19926000,-44144000,-60644000,-201976000,0,272977000,0,136442000,136442000,136442000,0,393000,0.052,268105000,128538000,222696000,0.325,2.942,17.916,17.452,459430000,0,34.38,0.936,0.912,394327000,597994000,2612244000,2612244000,0,0.073,0.172,0.141,0.086,8087000,258324000,1.0,71101578,69301000,71314000,37.694,1589855000,22652000,64465000,95669000,22.644,417969000
WOR,MRY,2014-12-31,2014-05-31,2014-05-31,2018-04-09,-3581000,2296381000,2139187250,1198922000,1097459000,1.462,12.517,-71338000,190079000,190079000,2633907000,160152000,2.033,1.588,666325000,111535000,554790000,666325000,0,79730000,0,0.011,0.45,235320000,315050000,0.101,315050000,235320000,208649000,2.19,2.19,2.19,850812000,858302250,850812000,3185731926,13,10.112,157708000,2.287,1.0,492519000,0.158,397086000,26671000,1785878000,1605758000,410002000,179113000,0,179113000,1351499000,589663000,761836000,2796777926,138694000,-11517000,-123600000,142729000,-31198000,-44158000,-46194000,0,229046000,0,151300000,151300000,151300000,0,8852000,0.048,356766000,135753000,333744000,0.205,3.287,18.485,18.402,498861000,0,40.3,0.895,0.889,493127000,591783000,3126426000,3126426000,0,0.071,0.176,0.147,0.075,13137000,300396000,1.0,69398956,68944000,71664000,45.347,1899295000,29710000,57349000,76286000,27.942,609259000
WOR,MRY,2015-12-31,2015-05-31,2015-05-31,2018-04-09,-50704000,2085142000,2242157500,992193000,1092949000,1.509,11.669,-96255000,31067000,31067000,2920701000,87256000,1.892,1.662,670743000,91391000,579352000,670743000,0,85089000,0,0.032,0.87,138357000,223446000,0.066,223446000,138357000,102557000,1.16,1.16,1.16,749112000,812055750,749112000,2435961970,17,10.902,118120000,1.781,1.0,463533000,0.137,358116000,35800000,1842310000,1849631000,374975000,196776000,0,196776000,1245093000,524392000,720701000,1778572970,-159012000,-113521000,-124450000,6767000,-46434000,-170318000,-203069000,-7300000,214375000,0,76785000,76785000,76785000,0,10471000,0.023,402976000,60557000,294129000,0.75,2.374,23.163,23.457,513190000,0,27.21,0.526,0.533,474292000,510738000,3384234000,3384234000,0,0.034,0.095,0.075,0.041,10738000,295920000,1.0,65364681,66309000,68483000,51.037,1727026000,34153000,25772000,24340000,26.902,467801000
WOR,MRY,2016-12-31,2016-05-31,2016-05-31,2018-04-09,-28565000,2061264000,2007026750,915115000,1146149000,1.405,12.912,-97036000,84188000,84188000,2367121000,157628000,2.128,1.439,581004000,3513000,577491000,581004000,0,84699000,0,0.02,0.75,234372000,319071000,0.113,319071000,234372000,202702000,2.3,2.3,2.3,793371000,744009250,793371000,2918849095,12,9.148,316348000,5.064,1.0,452593000,0.161,342231000,31670000,1785771000,1782029750,319335000,191826000,0,191826000,1141418000,430078000,711340000,2333143095,53121000,-39801000,-91140000,-85784000,-47193000,-233223000,-127040000,0,413384000,0,143715000,143715000,143715000,0,13913000,0.051,330541000,122052000,290432000,0.326,2.941,16.235,16.243,582838000,0,37.36,0.827,0.828,439688000,522952000,2819714000,2819714000,0,0.072,0.193,0.132,0.083,15836000,297402000,1.0,62450297,62469000,64755000,45.138,1719033000,10535000,58987000,19880000,27.976,485037000
WOR,MRY,2017-12-31,2017-05-31,2017-05-31,2018-04-09,0,2325344000,2224299000,1190969000,1134375000,1.355,15.154,-68386000,278081000,278081000,2478203000,217937000,2.287,1.315,578610000,6814000,571796000,578610000,0,86793000,0,0.019,0.79,313501000,400294000,0.133,400294000,313501000,283705000,3.28,3.28,3.28,951635000,897751250,951635000,3022439690,9,7.551,267286000,4.28,1.0,535905000,0.178,330454000,29796000,1774636000,1781229500,353934000,208591000,0,208591000,1251415000,520783000,730632000,2672673690,193893000,0,-9075000,-3402000,-50716000,-78815000,-62964000,0,335672000,0,204515000,204515000,204515000,0,13422000,0.068,322784000,213121000,368071000,0.241,2.809,13.068,12.796,570489000,0,41.97,0.887,0.869,486730000,676019000,3014108000,3014108000,0,0.092,0.228,0.176,0.104,14349000,316373000,1.0,63680574,62443000,64874000,48.27,1994890000,7164000,79190000,38748000,31.767,670186000
