ticker,dimension,calendardate,datekey,reportperiod,lastupdated,accoci,assets,assetsavg,assetsc,assetsnc,assetturnover,bvps,capex,cashneq,cashnequsd,cor,consolinc,currentratio,de,debt,debtc,debtnc,debtusd,deferredrev,depamor,deposits,divyield,dps,ebit,ebitda,ebitdamargin,ebitdausd,ebitusd,ebt,eps,epsdil,epsusd,equity,equityavg,equityusd,ev,evebit,evebitda,fcf,fcfps,fxusd,gp,grossmargin,intangibles,intexp,invcap,invcapavg,inventory,investments,investmentsc,investmentsnc,liabilities,liabilitiesc,liabilitiesnc,marketcap,ncf,ncfbus,ncfcommon,ncfdebt,ncfdiv,ncff,ncfi,ncfinv,ncfo,ncfx,netinc,netinccmn,netinccmnusd,netincdis,netincnci,netmargin,opex,opinc,payables,payoutratio,pb,pe,pe1,ppnenet,prefdivis,price,ps,ps1,receivables,retearn,revenue,revenueusd,rnd,roa,roe,roic,ros,sbcomp,sgna,sharefactor,sharesbas,shareswa,shareswadil,sps,tangibles,taxassets,taxexp,taxliabilities,tbvps,workingcapital
WPRT,MRY,2011-12-31,2011-03-31,2011-03-31,2018-03-26,25641000,273374000,213532000,236310000,37064000,0.172,4.633,-3171000,148462000,148462000,23993000,-42142000,4.346,0.395,25430000,15418000,10012000,25430000,8973000,3375000,0,0.0,0.0,-37952000,-34577000,-0.94,-34577000,-37952000,-41721000,-1.0,-1.0,-1.0,196007000,146359000,196007000,791047560,-20,-22.878,-41614000,-0.984,1.0,12782000,0.348,15061000,3769000,80906000,75054500,16805000,51663000,46041000,5622000,77367000,54375000,22992000,846108560,77513000,-7016000,134563000,-3323000,0,125171000,-13373000,-3186000,-38443000,4158000,-42142000,-42142000,-42142000,0,0,-1.146,57010000,-44228000,24765000,0.0,4.317,-20.078,-21.98,12083000,0,21.98,23.008,25.286,15934000,-284509000,36775000,36775000,24620000,-0.197,-0.288,-0.506,-1.032,4923000,29015000,1.0,38494475,42305889,42305889,0.869,258313000,9598000,421000,0,6.106,181935000
WPRT,MRY,2012-12-31,2012-12-31,2012-12-31,2018-03-26,17016000,490077000,407919500,318819000,171258000,0.382,6.215,-30363000,188958000,188958000,102486000,-98774000,3.962,0.458,80722000,28566000,52156000,80722000,6469000,11395000,0,0.0,0.0,-90945000,-79550000,-0.511,-79550000,-90945000,-97036000,-1.83,-1.83,-1.83,336081000,244335500,336081000,1310096102,-14,-16.469,-114910000,-2.125,1.0,53140000,0.341,92094000,6091000,209281000,197011500,44946000,46020000,26902000,19118000,153996000,80466000,73530000,1294249102,125673000,21475000,274525000,-5598000,0,260801000,-49293000,-39416000,-84547000,-1288000,-98774000,-98774000,-98774000,0,0,-0.635,159516000,-106376000,48509000,0.0,3.851,-13.103,-14.596,58194000,0,26.71,8.316,9.28,44189000,-429932000,155626000,155626000,73198000,-0.242,-0.404,-0.462,-0.584,12468000,74923000,1.0,48455601,54072513,54072513,2.878,397983000,7183000,1738000,9310000,7.36,238353000
WPRT,MRY,2013-12-31,2013-12-31,2013-12-31,2018-03-26,-292000,491671000,490874000,319726000,171945000,0.334,5.603,-26450000,178513000,178513000,148690000,-185410000,2.558,0.523,66013000,53025000,12988000,66013000,11307000,16288000,0,0.0,0.0,-179153000,-162865000,-0.993,-162865000,-179153000,-184537000,-3.22,-3.22,-3.22,322902000,329491500,322902000,976081124,-5,-5.993,-143239000,-2.485,1.0,15342000,0.094,79844000,5384000,174360000,191820500,40626000,54219000,32091000,22128000,168769000,124967000,43802000,1084317124,-10445000,9465000,153081000,-13678000,0,134338000,-22756000,-5771000,-116789000,-5238000,-185410000,-185410000,-185410000,0,0,-1.13,224125000,-208783000,54792000,0.0,3.358,-5.848,-6.09,67349000,0,19.61,6.61,6.89,59315000,-615342000,164032000,164032000,91132000,-0.378,-0.563,-0.934,-1.092,14283000,75182000,1.0,55294091,57633190,57633190,2.846,411827000,3488000,873000,5371000,7.146,194759000
WPRT,MRY,2014-12-31,2014-12-31,2014-12-31,2018-03-26,-15493000,335849000,413760000,187319000,148530000,0.316,2.661,-10249000,93282000,93282000,101053000,-147978000,2.18,0.999,76696000,18955000,57741000,76696000,5577000,18666000,0,0.0,0.0,-142822000,-124156000,-0.951,-124156000,-142822000,-148557000,-2.34,-2.34,-2.34,168008000,245455000,168008000,122124269,0,-0.984,-117007000,-1.853,1.0,29516000,0.226,51272000,5735000,182056000,178208000,41824000,34047000,723000,33324000,167841000,85935000,81906000,234624269,-85231000,147000,242000,8257000,0,6466000,21267000,31369000,-106758000,-6206000,-147978000,-147978000,-147978000,0,0,-1.133,191634000,-162118000,55502000,0.0,1.397,-1.586,-1.598,58134000,0,3.74,1.797,1.808,46849000,-764960000,130569000,130569000,76580000,-0.358,-0.603,-0.801,-1.094,9683000,65808000,1.0,62733762,63130022,63130022,2.068,284577000,3827000,-579000,5352000,4.508,101384000
WPRT,MRY,2015-12-31,2015-12-31,2015-12-31,2018-03-26,-32382000,213683000,274766000,105298000,108385000,0.376,1.117,-4845000,27143000,27143000,85232000,-99154000,1.442,1.983,62447000,8257000,54190000,62447000,3292000,13654000,0,0.0,0.0,-92708000,-79054000,-0.765,-79054000,-92708000,-98423000,-1.55,-1.55,-1.55,71627000,119817500,71627000,112856251,-1,-1.428,-73913000,-1.153,1.0,18072000,0.175,25315000,5715000,150628000,166342000,35660000,35838000,696000,35142000,142056000,73044000,69012000,127596251,-66166000,21251000,0,-2876000,0,-2876000,16379000,0,-69068000,-10601000,-99154000,-99154000,-99154000,0,0,-0.96,139932000,-121860000,57454000,0.0,1.781,-1.287,-1.297,42527000,0,2.01,1.235,1.247,38324000,-859317000,103304000,103304000,52777000,-0.361,-0.828,-0.557,-0.897,14871000,52697000,1.0,63480722,64109703,64109703,1.611,188368000,2538000,731000,3570000,2.938,32254000
WPRT,MRY,2016-12-31,2016-12-31,2016-12-31,2018-03-26,-31087000,331460000,272571500,213762000,117698000,0.651,0.939,-8654000,60905000,60905000,141030000,-97573000,1.338,2.88,79032000,48097000,30935000,79032000,4134000,15363000,0,0.0,0.0,-81194000,-65831000,-0.371,-65831000,-81194000,-93623000,-1.07,-1.07,-1.07,85438000,78532500,85438000,108054325,-1,-1.641,-87975000,-0.966,1.0,36364000,0.205,24755000,12429000,165092000,157860000,53300000,13422000,0,13422000,246022000,159740000,86282000,72750325,33066000,58742000,0,31395000,0,31395000,76422000,0,-79321000,4570000,-97573000,-97573000,-97573000,-1822000,0,-0.55,154461000,-118097000,79943000,0.0,0.851,-0.746,-1.056,54576000,0,1.13,0.41,0.58,66660000,-956890000,177394000,177394000,55938000,-0.358,-1.242,-0.514,-0.458,10450000,63436000,1.0,64380819,91028504,91028504,1.949,306705000,1640000,3950000,5909000,3.369,54022000
WPRT,MRY,2017-12-31,2017-12-31,2017-12-31,2018-03-26,-19705000,313622000,322541000,200635000,112987000,0.766,0.987,-25288000,71842000,71842000,182916000,-9979000,1.67,1.657,54422000,8993000,45429000,54422000,2214000,14983000,0,0.0,0.0,-1293000,13690000,0.055,13690000,-1293000,-14403000,-0.08,-0.08,-0.08,118032000,101735000,118032000,432985185,-334,31.628,-66821000,-0.559,1.0,64147000,0.26,24267000,13110000,151813000,158452500,50743000,9302000,0,9302000,195590000,120122000,75468000,414010185,16861000,16633000,25953000,-28746000,0,-14260000,68408000,0,-41533000,4246000,-9979000,-9979000,-9979000,-51127000,0,-0.04,128519000,-64372000,87150000,0.0,3.508,-41.488,-47.0,70366000,0,3.76,1.676,1.82,67160000,-966869000,247063000,247063000,51057000,-0.031,-0.098,-0.008,-0.005,6961000,64404000,1.0,110109092,119558566,119558566,2.066,289355000,1848000,-4424000,4616000,2.42,80513000
