ticker,dimension,calendardate,datekey,reportperiod,lastupdated,accoci,assets,assetsavg,assetsc,assetsnc,assetturnover,bvps,capex,cashneq,cashnequsd,cor,consolinc,currentratio,de,debt,debtc,debtnc,debtusd,deferredrev,depamor,deposits,divyield,dps,ebit,ebitda,ebitdamargin,ebitdausd,ebitusd,ebt,eps,epsdil,epsusd,equity,equityavg,equityusd,ev,evebit,evebitda,fcf,fcfps,fxusd,gp,grossmargin,intangibles,intexp,invcap,invcapavg,inventory,investments,investmentsc,investmentsnc,liabilities,liabilitiesc,liabilitiesnc,marketcap,ncf,ncfbus,ncfcommon,ncfdebt,ncfdiv,ncff,ncfi,ncfinv,ncfo,ncfx,netinc,netinccmn,netinccmnusd,netincdis,netincnci,netmargin,opex,opinc,payables,payoutratio,pb,pe,pe1,ppnenet,prefdivis,price,ps,ps1,receivables,retearn,revenue,revenueusd,rnd,roa,roe,roic,ros,sbcomp,sgna,sharefactor,sharesbas,shareswa,shareswadil,sps,tangibles,taxassets,taxexp,taxliabilities,tbvps,workingcapital
WRLD,MRY,2011-12-31,2011-03-31,2011-03-31,2018-02-06,136199,666396955,673107479,,,0.73,27.921,-6394287,8030580,8030580,0,91249180,,0.506,187430400,,,187430400,0,8122191,0,0.0,0.0,158021806,166143997,0.338,166143997,158021806,143249112,5.76,5.63,5.76,442575169,405106282,442575169,1302558854,8,7.84,193441583,12.217,1.0,491445103,1.0,11999476,14772694,833797299,884324380,0,597716554,,,223821786,,,1032581528,2469348,-3724395,-41459884,13100000,0,-25972355,-171394167,-161275485,199835870,116064,91249180,91249180,91249180,0,0,0.186,237514934,253930169,23293967,0.0,2.333,11.316,11.319,23366207,0,65.2,2.101,2.101,0,395086232,491445103,491445103,0,0.136,0.225,0.179,0.322,5340707,237514934,1.0,15837140,15833983,16210233,31.037,654397479,14480025,51999932,13097419,41.284,
WRLD,MRY,2012-12-31,2012-03-31,2012-03-31,2018-02-06,-2736434,735003099,760183924,,,0.711,28.913,-6855688,10768176,10768176,0,100694443,,0.755,279250000,,,279250000,0,8192058,0,0.0,0.0,173771989,181964047,0.337,181964047,173771989,159873341,6.75,6.59,6.75,418875013,422767478,418875013,1225309883,7,6.734,212545614,14.258,1.0,540161682,1.0,11170424,13898648,992314499,1021227118,0,660577646,,,316128086,,,910660406,2928651,-4252610,-130211821,90000000,0,-38139791,-178332860,-167224562,219401302,-191055,100694443,100694443,100694443,0,0,0.186,260684157,279477525,25349850,0.0,2.174,9.044,9.074,23485435,0,61.25,1.686,1.69,0,355980694,540161682,540161682,0,0.132,0.238,0.17,0.322,6617827,260684157,1.0,14867925,14906662,15289111,36.236,723832675,18473998,59178898,11528236,49.963,
WRLD,MRY,2013-12-31,2013-03-31,2013-03-31,2018-02-06,-418317,809324965,819337708,,,0.688,31.913,-6884296,11625365,11625365,0,104089748,,1.209,400250000,,,400250000,0,7807765,0,0.0,0.0,183684794,191492559,0.34,191492559,183684794,166290831,8.18,8.0,8.18,366396259,376288520,366396259,1535096014,8,8.016,225159793,17.69,1.0,563636086,1.0,10521120,17393963,1187428480,1203348794,0,722114726,,,442928706,,,1059570367,857189,-2667815,-173101054,121000000,0,-50036946,-181537866,-171985755,232044089,387912,104089748,104089748,104089748,0,0,0.185,265628767,298007319,28737074,0.0,2.892,10.179,10.498,23935439,0,85.87,1.88,1.939,0,277024787,563636086,563636086,0,0.127,0.277,0.153,0.326,11165327,265628767,1.0,12339238,12728360,13003136,44.282,798803845,29415996,62201083,13941632,69.576,
WRLD,MRY,2014-12-31,2014-03-31,2014-03-31,2018-02-06,-4106126,850027561,877820265,,,0.683,29.937,-7384059,19569683,19569683,0,106607932,,1.766,505500000,,,505500000,0,7339875,0,0.0,0.0,191439575,198779450,0.332,198779450,191439575,170244205,9.8,9.6,9.8,307355321,335705531,307355321,1384895381,7,6.967,238579525,21.935,1.0,599263399,1.0,9744937,21195370,1326212941,1357644096,0,750664875,,,542672240,,,821033135,7944318,-1055985,-179741886,105250000,0,-71828265,-165589908,-157149864,245963584,-601093,106607932,106607932,106607932,0,0,0.178,281248432,318014967,27650955,0.0,2.671,7.701,7.661,24826238,0,75.08,1.37,1.363,0,193095944,599263399,599263399,0,0.121,0.318,0.141,0.319,14913204,281248432,1.0,10935444,10876557,11105710,55.097,840282624,33514189,63636273,9521285,81.845,
WRLD,MRY,2015-12-31,2015-03-31,2015-03-31,2018-02-06,-14902350,866130719,893330519,,,0.683,35.424,-8187657,38338935,38338935,0,110833458,,1.745,501150000,,,501150000,0,7261709,0,0.0,0.0,199331494,206593203,0.339,206593203,199331494,176030338,12.12,11.9,12.12,315567719,301634918,315567719,1270207402,6,6.148,233699117,25.552,1.0,610212876,1.0,9485211,23301156,1319456573,1412568924,0,742304690,,,550563000,,,695034938,18769252,-1979494,-108783249,-4350000,0,-112480973,-108208330,-98041179,241886774,-2428219,110833458,110833458,110833458,0,0,0.182,292051519,318161357,31208814,0.0,2.202,6.271,6.017,25906507,0,72.92,1.139,1.093,0,188605305,610212876,610212876,0,0.124,0.367,0.141,0.327,15968637,292051519,1.0,9531472,9146003,9316629,66.719,856645508,37345605,65196880,18204186,96.162,
WRLD,MRY,2016-12-31,2016-03-31,2016-03-31,2018-02-06,-22934345,806218863,862121163,,,0.647,45.196,-7764858,12377024,12377024,0,87395557,,1.057,374685000,,,374685000,0,7032308,0,0.0,0.0,164737714,171770022,0.308,171770022,164737714,137888464,10.12,10.05,10.12,391901581,359466614,391901581,829369444,5,4.828,198305501,22.962,1.0,557475707,1.0,9037995,26849250,1159488844,1303429588,0,706739376,,,414317282,,,338376844,-25961911,-173628,3248685,-126465000,0,-128637933,-101892779,-93954293,206070359,-1501558,87395557,87395557,87395557,0,0,0.157,269139675,288336032,31373640,0.0,0.863,3.872,3.747,25296913,0,37.92,0.607,0.587,0,276000862,557475707,557475707,0,0.101,0.243,0.126,0.296,-6356767,269139675,1.0,8923440,8636269,8692191,64.551,797180868,38130982,50492907,8258642,91.934,
WRLD,MRY,2017-12-31,2017-03-31,2017-03-31,2018-02-06,-27782875,800588775,822338419,,,0.647,53.168,-6011785,15200410,15200410,0,73600294,,0.736,295136200,,,295136200,0,7408361,0,0.0,0.0,135501339,142909700,0.269,142909700,135501339,113997131,8.45,8.38,8.45,461063577,426411688,461063577,836744481,6,5.855,213350962,24.507,1.0,531734724,1.0,12681402,21504208,1067843163,1151694664,0,695700589,,,339525198,,,454793940,2823386,-20836698,-3835304,-79548800,0,-84150466,-131613502,-104765019,219362747,-775393,73600294,73600294,73600294,0,0,0.138,267661223,264073501,31869581,0.0,0.986,6.179,6.128,24184207,0,51.78,0.855,0.848,0,344605347,531734724,531734724,0,0.09,0.173,0.118,0.255,4810698,267661223,1.0,8783197,8705658,8778044,61.079,787907373,39025069,40396837,12519417,90.859,
