ticker,dimension,calendardate,datekey,reportperiod,lastupdated,accoci,assets,assetsavg,assetsc,assetsnc,assetturnover,bvps,capex,cashneq,cashnequsd,cor,consolinc,currentratio,de,debt,debtc,debtnc,debtusd,deferredrev,depamor,deposits,divyield,dps,ebit,ebitda,ebitdamargin,ebitdausd,ebitusd,ebt,eps,epsdil,epsusd,equity,equityavg,equityusd,ev,evebit,evebitda,fcf,fcfps,fxusd,gp,grossmargin,intangibles,intexp,invcap,invcapavg,inventory,investments,investmentsc,investmentsnc,liabilities,liabilitiesc,liabilitiesnc,marketcap,ncf,ncfbus,ncfcommon,ncfdebt,ncfdiv,ncff,ncfi,ncfinv,ncfo,ncfx,netinc,netinccmn,netinccmnusd,netincdis,netincnci,netmargin,opex,opinc,payables,payoutratio,pb,pe,pe1,ppnenet,prefdivis,price,ps,ps1,receivables,retearn,revenue,revenueusd,rnd,roa,roe,roic,ros,sbcomp,sgna,sharefactor,sharesbas,shareswa,shareswadil,sps,tangibles,taxassets,taxexp,taxliabilities,tbvps,workingcapital
WSM,MRY,2011-12-31,2012-01-29,2012-01-29,2018-03-29,12590000,2060838000,2029719250,1276366000,784472000,1.833,12.113,-130353000,517489000,517489000,2261039000,236931000,2.232,0.642,7273000,1795000,5478000,7273000,0,130553000,190417000,0.021,0.73,381732000,512285000,0.138,512285000,381732000,381830000,2.27,2.22,2.27,1255262000,1250986250,1255262000,3225987350,8,6.297,160981000,1.543,1.0,1459856000,0.392,0,-98000,978823000,1046756750,553461000,0,0,0,805576000,571799000,233777000,3612797350,-125646000,-25363000,-184815000,-1626000,-68877000,-259039000,-157704000,0,291334000,-237000,236931000,236931000,236931000,0,0,0.064,1078124000,381732000,218329000,0.322,2.878,15.248,15.471,734672000,0,35.12,0.971,0.985,45961000,762947000,3720895000,3720895000,0,0.117,0.189,0.365,0.103,24830000,1078124000,1.0,102870084,104352000,106582000,35.657,2060838000,104126000,144899000,22435000,19.886,704567000
WSM,MRY,2012-12-31,2013-02-03,2013-02-03,2018-03-29,13633000,2187679000,2042637750,1316772000,870907000,1.979,13.293,-205404000,440610000,440610000,2450394000,256730000,2.004,0.671,5477000,1724000,3753000,5477000,0,134453000,207415000,0.02,0.88,409163000,543616000,0.134,543616000,409163000,409956000,2.59,2.54,2.59,1309138000,1238424000,1309138000,4141018660,10,7.618,158723000,1.599,1.0,1592476000,0.394,0,-793000,1095419000,1108945750,640024000,0,0,0,878541000,657127000,221414000,4414043660,-78202000,0,-140443000,-1796000,-87847000,-236445000,-206815000,0,364127000,931000,256730000,256730000,256730000,0,0,0.064,1183313000,409163000,259162000,0.34,3.372,17.193,17.382,812037000,0,45.02,1.092,1.105,62985000,790912000,4042870000,4042870000,0,0.126,0.207,0.369,0.101,31084000,1183313000,1.0,98046283,99266000,101051000,40.728,2187679000,112162000,153226000,41849000,22.214,659645000
WSM,MRY,2013-12-31,2014-02-02,2014-02-02,2018-03-29,6524000,2336734000,2187643250,1419103000,917631000,2.006,13.161,-193953000,344410000,344410000,2683673000,278902000,1.648,0.86,3753000,1785000,1968000,3753000,0,149795000,228193000,0.023,1.24,452098000,601893000,0.137,601893000,452098000,452682000,2.89,2.82,2.89,1256002000,1231910000,1256002000,5001762762,11,8.31,259816000,2.688,1.0,1704216000,0.388,0,-584000,1134981000,1214419500,813160000,0,0,0,1080732000,861096000,219636000,5141043762,-94434000,0,-232660000,-1724000,-111581000,-355376000,-190624000,0,453769000,-2203000,278902000,278902000,278902000,0,0,0.064,1252118000,452098000,404791000,0.429,4.093,18.433,18.865,849293000,0,54.52,1.172,1.201,60330000,729043000,4387889000,4387889000,0,0.127,0.226,0.372,0.103,38862000,1252118000,1.0,94296474,96669000,98765000,45.391,2336734000,135310000,173780000,49365000,24.485,558007000
WSM,MRY,2014-12-31,2015-02-01,2015-02-01,2018-03-29,-2548000,2330277000,2241468000,1391923000,938354000,2.096,13.176,-204800000,222927000,222927000,2898215000,308854000,1.589,0.903,1968000,1968000,0,1968000,0,162273000,261679000,0.017,1.32,502265000,664538000,0.141,664538000,502265000,502203000,3.3,3.24,3.3,1224706000,1186945500,1224706000,7190237857,14,10.82,256897000,2.744,1.0,1800504000,0.383,0,62000,1233370000,1309428750,887701000,0,0,0,1105571000,875948000,229623000,7205972857,-107194000,0,-220300000,-1785000,-125758000,-379020000,-188600000,0,461697000,-1271000,308854000,308854000,308854000,0,0,0.066,1298239000,502265000,397037000,0.4,5.884,23.331,23.712,883012000,0,78.25,1.534,1.559,67465000,701214000,4698719000,4698719000,0,0.138,0.26,0.384,0.107,45024000,1298239000,1.0,92089110,93634000,95200000,50.182,2330277000,134883000,193349000,32488000,25.07,515975000
WSM,MRY,2015-12-31,2016-01-31,2016-01-31,2018-03-29,-10616000,2417427000,2375040750,1336100000,1081327000,2.095,13.349,-202935000,193647000,193647000,3131876000,310068000,1.341,1.018,0,0,0,0,0,167760000,296827000,0.027,1.4,488634000,656394000,0.132,656394000,488634000,488007000,3.42,3.37,3.42,1198226000,1160691750,1198226000,4769065829,9,7.266,341091000,3.757,1.0,1844214000,0.371,0,627000,1227353000,1376064750,978138000,0,0,0,1219201000,996427000,222774000,4641329829,-29280000,0,-222348000,-1968000,-127636000,-369383000,-202166000,0,544026000,-1757000,310068000,310068000,310068000,0,0,0.062,1355580000,488634000,447412000,0.409,3.874,14.969,15.105,886813000,0,51.66,0.933,0.943,79304000,668545000,4976090000,4976090000,0,0.131,0.267,0.355,0.098,41455000,1355580000,1.0,89843783,90787000,92102000,54.811,2417427000,141784000,177939000,67052000,26.932,339673000
WSM,MRY,2016-12-31,2017-01-29,2017-01-29,2018-03-29,-9903000,2476879000,2398535750,1367180000,1109699000,2.12,14.24,-197414000,213713000,213713000,3200502000,305387000,1.422,0.984,0,0,0,0,0,173195000,294276000,0.031,1.48,472599000,645794000,0.127,645794000,472599000,471911000,3.45,3.41,3.45,1248220000,1181342500,1248220000,4222291555,8,6.538,327295000,3.694,1.0,1883310000,0.37,0,688000,1301910000,1405602500,977505000,0,0,0,1228659000,961256000,267403000,4172672555,20066000,0,-151272000,0,-133539000,-305806000,-196975000,0,524709000,-1862000,305387000,305387000,305387000,0,0,0.06,1410711000,472599000,453710000,0.429,3.343,13.664,13.768,923283000,0,47.5,0.821,0.828,88803000,701702000,5083812000,5083812000,0,0.127,0.259,0.336,0.093,49452000,1410711000,1.0,87845738,88594000,89462000,57.383,2476879000,135238000,166524000,23245000,28.256,405924000
WSM,MRY,2017-12-31,2018-01-28,2018-01-28,2018-03-29,-6782000,2785749000,2559292500,1636445000,1149304000,2.068,14.322,-189712000,390136000,390136000,3360648000,259545000,1.624,1.315,299422000,0,299422000,299422000,0,183077000,292460000,0.029,1.56,453811000,636888000,0.12,636888000,453811000,452439000,3.03,3.02,3.03,1203566000,1193603750,1203566000,4575017363,10,7.183,309992000,3.622,1.0,1931711000,0.365,0,1372000,1687212000,1527621000,1061593000,0,0,0,1582183000,1007823000,574360000,4495796363,176423000,-80528000,-196179000,298809000,-135010000,-51707000,-269760000,0,499704000,-1814000,259545000,259545000,259545000,0,0,0.049,1477900000,453811000,459378000,0.515,3.735,17.322,17.627,932283000,0,53.41,0.849,0.864,90119000,647422000,5292359000,5292359000,0,0.101,0.217,0.297,0.086,42988000,1477900000,1.0,84175180,85592000,86080000,61.832,2785749000,67306000,192894000,56783000,33.15,628622000
