ticker,dimension,calendardate,datekey,reportperiod,lastupdated,accoci,assets,assetsavg,assetsc,assetsnc,assetturnover,bvps,capex,cashneq,cashnequsd,cor,consolinc,currentratio,de,debt,debtc,debtnc,debtusd,deferredrev,depamor,deposits,divyield,dps,ebit,ebitda,ebitdamargin,ebitdausd,ebitusd,ebt,eps,epsdil,epsusd,equity,equityavg,equityusd,ev,evebit,evebitda,fcf,fcfps,fxusd,gp,grossmargin,intangibles,intexp,invcap,invcapavg,inventory,investments,investmentsc,investmentsnc,liabilities,liabilitiesc,liabilitiesnc,marketcap,ncf,ncfbus,ncfcommon,ncfdebt,ncfdiv,ncff,ncfi,ncfinv,ncfo,ncfx,netinc,netinccmn,netinccmnusd,netincdis,netincnci,netmargin,opex,opinc,payables,payoutratio,pb,pe,pe1,ppnenet,prefdivis,price,ps,ps1,receivables,retearn,revenue,revenueusd,rnd,roa,roe,roic,ros,sbcomp,sgna,sharefactor,sharesbas,shareswa,shareswadil,sps,tangibles,taxassets,taxexp,taxliabilities,tbvps,workingcapital
WSTL,MRY,2011-12-31,2011-03-31,2011-03-31,2018-02-09,965000,201387000,150885500,150742000,50645000,0.98,9.295,-785000,86408000,86408000,106297000,67936000,4.384,0.264,0,0,0,0,0,2700000,0,0.0,0.0,14632000,17332000,0.117,17332000,14632000,14632000,4.0,3.92,4.0,159281000,113093500,159281000,154713458,10,8.926,23450000,1.383,1.0,41552000,0.281,5670000,0,74922000,39272000,12955000,490000,490000,0,42106000,34387000,7719000,240404458,25093000,0,2055000,0,0,2019000,-1275000,-490000,24235000,114000,67936000,67936000,67936000,-4815000,0,0.459,31755000,9797000,23664000,0.0,1.509,3.539,3.5,3250000,0,14.0,1.626,1.606,24252000,-240854000,147849000,147849000,11774000,0.45,0.601,0.373,0.099,1021000,19436000,1.0,17171747,16962000,17369250,8.716,195717000,60167000,-53304000,0,11.421,116355000
WSTL,MRY,2012-12-31,2012-03-31,2012-03-31,2018-02-09,619000,197426000,201957250,161669000,35757000,0.216,11.565,-819000,128283000,128283000,26457000,41982000,24.987,0.059,0,0,0,0,0,2053000,0,0.0,0.0,41296000,43349000,0.994,43349000,41296000,41296000,2.52,2.52,2.52,186364000,183023500,186364000,25650446,0,0.592,-5775000,-0.347,1.0,17172000,0.394,3529000,0,59144000,70423000,9906000,14455000,14455000,0,11062000,6470000,4592000,154351446,34424000,77060000,-15701000,0,0,-15673000,55150000,-13965000,-4956000,-97000,41982000,41982000,41982000,-42912000,0,0.962,19119000,-1947000,3142000,0.0,0.828,3.677,3.698,1197000,0,9.32,3.538,3.56,5710000,-198872000,43629000,43629000,5460000,0.208,0.229,0.586,0.947,1205000,12839000,1.0,16561314,16664250,16664250,2.618,193897000,32599000,-686000,3483000,12.032,155199000
WSTL,MRY,2013-12-31,2013-03-31,2013-03-31,2018-02-09,608000,142437000,176899000,135798000,6639000,0.219,9.016,-379000,90733000,90733000,26192000,-44038000,16.809,0.087,0,0,0,0,0,1381000,0,0.0,0.0,-14646000,-13265000,-0.342,-13265000,-14646000,-14646000,-2.92,-2.92,-2.92,131077000,163313000,131077000,24440653,-1,-1.842,-12504000,-0.834,1.0,12616000,0.325,5063000,0,38562000,61193250,12223000,24349000,24349000,0,11360000,8079000,3281000,118367653,-32599000,-2524000,-12646000,0,0,-12646000,-7831000,-9894000,-12125000,3000,-44038000,-44038000,-44038000,1496000,0,-1.135,25941000,-13325000,4126000,0.0,0.903,-2.688,-2.753,1081000,0,8.04,3.05,3.105,6689000,-242910000,38808000,38808000,5928000,-0.249,-0.27,-0.239,-0.377,1407000,16093000,1.0,14722345,14986000,14986000,2.59,137374000,0,29392000,305000,9.449,127719000
WSTL,MRY,2014-12-31,2014-03-31,2014-03-31,2018-02-09,608000,160874000,152113000,94379000,66495000,0.671,9.419,-443000,35793000,35793000,61612000,4376000,5.041,0.156,0,0,0,0,2561000,5511000,0,0.0,0.0,-3534000,1977000,0.019,1977000,-3534000,-3534000,0.28,0.28,0.28,139192000,132807000,139192000,149465989,-42,75.602,1154000,0.079,1.0,40461000,0.396,63421000,0,42939000,40347250,24056000,15584000,15584000,0,21682000,18721000,2961000,219114989,-52440000,-66170000,1318000,0,0,1318000,-55348000,8765000,1597000,-7000,4376000,4376000,4376000,45000,0,0.043,43894000,-3433000,7508000,0.0,1.574,50.072,52.714,2945000,0,14.76,2.147,2.125,15831000,-237984000,102073000,102073000,11339000,0.029,0.033,-0.088,-0.035,1871000,27331000,1.0,14845189,14696500,15012000,6.945,97453000,899000,-7910000,1072000,6.595,75658000
WSTL,MRY,2015-12-31,2015-03-31,2015-03-31,2018-02-09,608000,99334000,125618250,69531000,29803000,0.67,5.424,-2137000,14026000,14026000,57317000,-58902000,4.846,0.215,0,0,0,0,3166000,7416000,0,0.0,0.0,-59103000,-51687000,-0.614,-51687000,-59103000,-59103000,-3.92,-3.92,-3.92,81739000,109046000,81739000,61154930,-1,-1.183,-11424000,-0.762,1.0,26810000,0.319,25942000,0,45019000,47510250,16205000,23906000,23906000,0,17595000,14347000,3248000,78853930,-21767000,-304000,-606000,0,0,-1710000,-10763000,-8322000,-9287000,-7000,-58902000,-58902000,-58902000,-139000,0,-0.7,86050000,-59240000,4011000,0.0,0.965,-1.339,-1.337,3867000,0,5.24,0.937,0.934,11845000,-297436000,84127000,84127000,17348000,-0.469,-0.54,-1.244,-0.703,2605000,27085000,1.0,15048460,14996250,14996250,5.61,73392000,0,-201000,46000,4.87,55184000
WSTL,MRY,2016-12-31,2016-03-31,2016-03-31,2018-02-09,608000,86031000,93015250,61483000,24548000,0.948,4.384,-1932000,19169000,19169000,53687000,-16212000,3.567,0.29,0,0,0,0,2837000,7098000,0,0.0,0.0,-16314000,-9216000,-0.104,-9216000,-16314000,-16314000,-1.08,-1.08,-1.08,66684000,73481250,66684000,37844883,-2,-4.106,-7539000,-0.496,1.0,34516000,0.391,20388000,0,29237000,27497000,13498000,10555000,10555000,0,19347000,17237000,2110000,71403883,5143000,0,-108000,0,0,-916000,11683000,13351000,-5607000,-17000,-16212000,-16212000,-16212000,-273000,0,-0.184,51272000,-16756000,7856000,0.0,1.071,-4.404,-4.333,3977000,0,4.68,0.81,0.806,16361000,-313735000,88203000,88203000,19317000,-0.174,-0.221,-0.593,-0.185,1265000,25653000,1.0,15257240,15196500,15196500,5.804,65643000,0,-102000,10000,4.315,44246000
WSTL,MRY,2017-12-31,2017-03-31,2017-03-31,2018-02-09,608000,65541000,69442250,47773000,17768000,0.907,3.381,-596000,21778000,21778000,39216000,-15941000,3.992,0.256,0,0,0,0,3461000,6144000,0,0.0,0.0,-15883000,-9739000,-0.155,-9739000,-15883000,-15883000,-1.04,-1.04,-1.04,52174000,54492000,52174000,19354549,-1,-1.987,-7607000,-0.496,1.0,23749000,0.377,15624000,0,16173000,18384250,12511000,0,0,0,13367000,11966000,1401000,43196549,2609000,0,-163000,0,0,-338000,9959000,10555000,-7011000,-1000,-15941000,-15941000,-15941000,0,0,-0.253,39802000,-16053000,4163000,0.0,0.828,-2.71,-2.692,1984000,0,2.8,0.686,0.682,12075000,-329676000,62965000,62965000,12367000,-0.23,-0.293,-0.864,-0.252,1594000,18335000,1.0,15427339,15344000,15344000,4.104,49917000,0,58000,0,3.235,35807000
