ticker,dimension,calendardate,datekey,reportperiod,lastupdated,accoci,assets,assetsavg,assetsc,assetsnc,assetturnover,bvps,capex,cashneq,cashnequsd,cor,consolinc,currentratio,de,debt,debtc,debtnc,debtusd,deferredrev,depamor,deposits,divyield,dps,ebit,ebitda,ebitdamargin,ebitdausd,ebitusd,ebt,eps,epsdil,epsusd,equity,equityavg,equityusd,ev,evebit,evebitda,fcf,fcfps,fxusd,gp,grossmargin,intangibles,intexp,invcap,invcapavg,inventory,investments,investmentsc,investmentsnc,liabilities,liabilitiesc,liabilitiesnc,marketcap,ncf,ncfbus,ncfcommon,ncfdebt,ncfdiv,ncff,ncfi,ncfinv,ncfo,ncfx,netinc,netinccmn,netinccmnusd,netincdis,netincnci,netmargin,opex,opinc,payables,payoutratio,pb,pe,pe1,ppnenet,prefdivis,price,ps,ps1,receivables,retearn,revenue,revenueusd,rnd,roa,roe,roic,ros,sbcomp,sgna,sharefactor,sharesbas,shareswa,shareswadil,sps,tangibles,taxassets,taxexp,taxliabilities,tbvps,workingcapital
WVFC,MRY,2011-12-31,2011-06-30,2011-06-30,2018-05-11,-1827000,228888000,266797000,,,0.021,14.033,-9000,5628000,5628000,0,1226000,,6.926,54559000,,,54559000,0,100000,143766000,0.03,0.28,1688000,1788000,0.323,1788000,1688000,1688000,0.6,0.6,0.6,28878000,28169000,28878000,47694749,28,26.675,3305000,1.606,1.0,5534000,1.0,0,0,277819000,321298250,0,219282000,,,200010000,,,19138749,-238000,0,0,-67451000,-576000,-126183000,122631000,122640000,3314000,0,1226000,1226000,1226000,0,0,0.222,3757000,1777000,0,0.467,0.663,15.611,15.5,823000,0,9.3,3.458,3.458,0,35920000,5534000,5534000,0,0.005,0.044,0.005,0.305,0,2526000,1.0,2057930,2057930,2057930,2.689,228888000,1298000,462000,0,111.222,
WVFC,MRY,2012-12-31,2012-06-30,2012-06-30,2018-05-11,-1385000,273341000,263941000,,,0.023,14.778,-79000,3352000,3352000,0,1402000,,7.988,96770000,,,96770000,0,84000,142173000,0.022,0.16,2304000,2388000,0.401,2388000,2304000,2304000,0.68,0.68,0.68,30413000,29722000,30413000,133950785,58,56.093,1869000,0.908,1.0,5962000,1.0,0,0,366759000,345434000,0,266134000,,,242928000,,,15125785,546000,0,0,42211000,-330000,40288000,-41690000,-41611000,1948000,0,1402000,1402000,1402000,0,0,0.235,3597000,2365000,0,0.235,0.497,10.789,10.809,583000,0,7.35,2.537,2.537,0,36992000,5962000,5962000,0,0.005,0.047,0.007,0.386,0,2525000,1.0,2057930,2057930,2057930,2.897,273341000,1047000,902000,0,132.823,
WVFC,MRY,2013-12-31,2013-06-30,2013-06-30,2018-05-11,-742000,287576000,276965750,,,0.019,15.466,-121000,2525000,2525000,0,1080000,,8.035,114212000,,,114212000,0,90000,140524000,0.014,0.16,1622000,1712000,0.33,1712000,1622000,1622000,0.52,0.52,0.52,31828000,31564500,31828000,116825402,72,68.239,3985000,1.936,1.0,5193000,1.0,0,0,399263000,378142500,0,280087000,,,255748000,,,23460402,-579000,0,0,17442000,-328000,15465000,-20150000,-18249000,4106000,0,1080000,1080000,1080000,0,0,0.208,3522000,1671000,0,0.308,0.737,21.723,21.923,614000,0,11.4,4.518,4.518,0,37744000,5193000,5193000,0,0.004,0.034,0.004,0.312,0,2551000,1.0,2057930,2057930,2057930,2.523,287576000,748000,542000,0,139.74,
WVFC,MRY,2014-12-31,2014-06-30,2014-06-30,2018-05-11,-420000,309940000,309284500,,,0.016,15.447,-101000,1958000,1958000,0,920000,,8.75,135322000,,,135322000,0,100000,141859000,0.015,0.16,1393000,1493000,0.295,1493000,1393000,1393000,0.45,0.45,0.45,31788000,32161250,31788000,162396278,116,108.772,3163000,1.537,1.0,5068000,1.0,0,0,443304000,441205750,0,301933000,,,278152000,,,22390278,-567000,0,-10000,21110000,-329000,21156000,-24987000,-22886000,3264000,0,920000,920000,920000,0,0,0.182,3631000,1437000,0,0.356,0.704,24.337,24.178,615000,0,10.88,4.418,4.418,0,38335000,5068000,5068000,0,0.003,0.029,0.003,0.275,0,2691000,1.0,2057930,2057920,2057920,2.463,309940000,512000,473000,0,150.611,
WVFC,MRY,2015-12-31,2015-06-30,2015-06-30,2018-05-11,-461000,329716000,315715000,,,0.018,16.692,-106000,3923000,3923000,0,1347000,,9.29,155635000,,,155635000,0,91000,138928000,0.014,0.16,2005000,2096000,0.367,2096000,2005000,2005000,0.69,0.69,0.69,32043000,31932000,32043000,168047552,83,80.175,1542000,0.794,1.0,5711000,1.0,0,0,481428000,454449500,0,318955000,,,297673000,,,24092552,2213000,0,-186000,20313000,-329000,16256000,-15691000,-15837000,1648000,0,1347000,1347000,1347000,0,0,0.236,3668000,2043000,0,0.232,0.752,17.886,17.029,630000,0,11.75,4.219,3.995,0,39353000,5711000,5711000,0,0.004,0.042,0.004,0.351,12000,2726000,1.0,2050430,1941872,1941872,2.941,329716000,524000,658000,0,171.753,
WVFC,MRY,2016-12-31,2016-06-30,2016-06-30,2018-05-11,-238000,335723000,334673250,,,0.018,17.3,-11000,2693000,2693000,0,1325000,,9.147,160136000,,,160136000,0,98000,141278000,0.022,0.24,2124000,2222000,0.377,2222000,2124000,2124000,0.69,0.69,0.69,33085000,32622000,33085000,185779897,87,83.609,3282000,1.718,1.0,5897000,1.0,0,0,493166000,493128250,0,325887000,,,302638000,,,22715897,-1230000,0,-19000,4501000,-489000,6296000,-10819000,-10808000,3293000,0,1325000,1325000,1325000,0,0,0.225,3735000,2162000,0,0.348,0.687,17.144,16.145,542000,0,11.14,3.852,3.609,0,40189000,5897000,5897000,0,0.004,0.041,0.004,0.36,52000,2792000,1.0,2039129,1910538,1910538,3.087,335723000,406000,799000,0,175.543,
WVFC,MRY,2017-12-31,2017-06-30,2017-06-30,2018-05-11,-188000,351609000,342942000,,,0.018,17.809,-9000,12652000,12652000,0,1637000,,9.641,173693000,,,173693000,0,97000,145289000,0.015,0.24,2485000,2582000,0.415,2582000,2485000,2485000,0.87,0.87,0.87,33043000,33268250,33043000,185540161,74,71.859,2889000,1.542,1.0,6224000,1.0,0,0,512650000,495728750,0,330965000,,,318566000,,,32829161,-71000,0,-359000,11772000,-482000,13838000,-16807000,-16798000,2898000,0,1637000,1637000,1637000,0,0,0.263,3701000,2523000,0,0.276,0.994,20.054,18.505,454000,0,16.1,5.275,4.847,0,41344000,6224000,6224000,0,0.005,0.049,0.005,0.399,221000,2809000,1.0,2039129,1873790,1873790,3.322,351609000,437000,848000,0,189.508,
