ticker,dimension,calendardate,datekey,reportperiod,lastupdated,accoci,assets,assetsavg,assetsc,assetsnc,assetturnover,bvps,capex,cashneq,cashnequsd,cor,consolinc,currentratio,de,debt,debtc,debtnc,debtusd,deferredrev,depamor,deposits,divyield,dps,ebit,ebitda,ebitdamargin,ebitdausd,ebitusd,ebt,eps,epsdil,epsusd,equity,equityavg,equityusd,ev,evebit,evebitda,fcf,fcfps,fxusd,gp,grossmargin,intangibles,intexp,invcap,invcapavg,inventory,investments,investmentsc,investmentsnc,liabilities,liabilitiesc,liabilitiesnc,marketcap,ncf,ncfbus,ncfcommon,ncfdebt,ncfdiv,ncff,ncfi,ncfinv,ncfo,ncfx,netinc,netinccmn,netinccmnusd,netincdis,netincnci,netmargin,opex,opinc,payables,payoutratio,pb,pe,pe1,ppnenet,prefdivis,price,ps,ps1,receivables,retearn,revenue,revenueusd,rnd,roa,roe,roic,ros,sbcomp,sgna,sharefactor,sharesbas,shareswa,shareswadil,sps,tangibles,taxassets,taxexp,taxliabilities,tbvps,workingcapital
WWD,MRY,2011-12-31,2011-09-30,2011-09-30,2018-04-25,3626000,1781434000,1708670750,817793000,963641000,1.002,13.353,-48255000,74539000,74539000,1198153000,132235000,2.912,0.938,425249000,18374000,406875000,425249000,0,75393000,0,0.01,0.27,212966000,288359000,0.168,288359000,212966000,187567000,1.92,1.89,1.92,919097000,873153250,919097000,2281583178,10,7.912,66368000,0.965,1.0,513549000,0.3,731179000,25399000,1120108000,1102415000,381555000,0,0,0,862337000,280857000,581480000,1885395178,-31040000,-47161000,-4355000,-36601000,-18581000,-55979000,-87140000,8217000,114623000,-2544000,132235000,132235000,132235000,0,0,0.077,301117000,212432000,123453000,0.141,2.051,14.258,14.271,206725000,0,27.4,1.101,1.101,297614000,949573000,1711702000,1711702000,115633000,0.077,0.151,0.193,0.124,3032000,148903000,1.0,68810043,68797000,70140000,24.88,1050255000,51192000,55332000,91425000,15.258,536936000
WWD,MRY,2012-12-31,2012-09-30,2012-09-30,2018-04-25,-11723000,1859964000,1801726000,903477000,956487000,1.035,14.695,-64900000,61829000,61829000,1303344000,141589000,3.228,0.845,392204000,7829000,384375000,392204000,0,68617000,0,0.009,0.31,223810000,292427000,0.157,292427000,223810000,197807000,2.06,2.01,2.06,1008115000,978746000,1008115000,2709276736,12,9.265,79213000,1.15,1.0,562283000,0.301,696937000,26003000,1213534000,1210488750,398229000,0,0,0,851849000,279868000,571981000,2335380736,-12710000,0,-37824000,-35276000,-21351000,-90461000,-64617000,0,144113000,-1745000,141589000,141589000,141589000,0,0,0.076,339015000,223268000,124914000,0.15,2.317,16.494,16.495,234505000,0,33.98,1.252,1.255,354386000,1069811000,1865627000,1865627000,143274000,0.079,0.145,0.185,0.12,4638000,164512000,1.0,68728097,68880000,70307000,27.085,1163027000,56891000,56218000,93104000,16.953,623609000
WWD,MRY,2013-12-31,2013-09-30,2013-09-30,2018-04-25,15115000,2218518000,2123312250,957113000,1261405000,0.912,16.79,-141600000,48556000,48556000,1376271000,145942000,2.301,0.942,550000000,100000000,450000000,550000000,0,74233000,0,0.008,0.32,226274000,300507000,0.155,300507000,226274000,199571000,2.13,2.1,2.13,1142545000,1078389000,1142545000,3302178769,14,10.989,80992000,1.184,1.0,559705000,0.289,850233000,26703000,1453799000,1398636250,431744000,0,0,0,1075973000,415930000,660043000,2778006769,-13273000,-198860000,-37384000,156062000,-21866000,102473000,-340042000,0,222592000,1704000,145942000,145942000,145942000,0,0,0.075,333704000,226001000,145541000,0.15,2.431,19.035,19.169,350048000,0,40.83,1.435,1.442,381065000,1193887000,1935976000,1935976000,130250000,0.069,0.135,0.162,0.117,4260000,168097000,1.0,68038373,68392000,69602000,28.307,1368285000,71024000,53629000,113181000,20.107,541183000
WWD,MRY,2014-12-31,2014-09-30,2014-09-30,2018-04-25,-3533000,2397202000,2289722000,1008644000,1388558000,0.874,17.719,-207106000,115287000,115287000,1425839000,165844000,2.966,1.065,710000000,0,710000000,710000000,0,77353000,0,0.007,0.32,250048000,327401000,0.164,327401000,250048000,227244000,2.5,2.45,2.5,1160944000,1138717750,1160944000,3687812419,14,11.264,66464000,1.0,1.0,575401000,0.288,814496000,22804000,1837403000,1709326000,451944000,0,0,0,1236258000,340016000,896242000,3118654419,66731000,0,-133452000,158705000,-21263000,3990000,-205829000,0,273570000,-5000000,165844000,165844000,165844000,0,0,0.083,325624000,249777000,160683000,0.128,2.686,18.805,19.048,513279000,0,47.62,1.558,1.581,346858000,1338468000,2001240000,2001240000,138005000,0.072,0.146,0.146,0.125,11241000,155339000,1.0,65490433,66432000,67776000,30.125,1582706000,53640000,61400000,91633000,24.156,668628000
WWD,MRY,2015-12-31,2015-09-30,2015-09-30,2018-04-25,-51458000,2512404000,2460861750,917419000,1594985000,0.828,18.167,-286612000,82202000,82202000,1462833000,181452000,2.713,1.179,850918000,2430000,848488000,850918000,0,75235000,0,0.009,0.38,265813000,341048000,0.167,341048000,265813000,240949000,2.81,2.75,2.81,1153104000,1159604000,1153104000,3378543205,12,9.906,9378000,0.145,1.0,575470000,0.282,782115000,24864000,2160797000,2043463750,447664000,0,0,0,1359300000,338208000,1021092000,2587741205,-33085000,0,-150362000,141002000,-24646000,-34006000,-284083000,0,295990000,-10986000,181452000,181452000,181452000,0,0,0.089,310444000,265026000,173287000,0.135,2.244,14.261,14.484,756100000,0,40.7,1.27,1.292,322215000,1495274000,2038303000,2038303000,134485000,0.074,0.156,0.13,0.13,14255000,177121000,1.0,63580865,64684000,66056000,31.512,1730289000,34943000,59497000,62969000,27.261,579211000
WWD,MRY,2016-12-31,2016-09-30,2016-09-30,2018-04-25,-65705000,2642362000,2593488750,944424000,1697938000,0.78,19.708,-175692000,81090000,81090000,1483960000,180838000,1.965,1.179,727153000,150000000,577153000,727153000,0,69036000,0,0.007,0.43,253262000,322298000,0.159,322298000,253262000,226486000,2.92,2.85,2.92,1212595000,1158271750,1212595000,4508227188,17,13.988,259687000,4.196,1.0,539118000,0.266,753334000,26776000,2054478000,2068346750,461683000,0,0,0,1429767000,480613000,949154000,3841346188,-1112000,0,-109649000,-124738000,-26606000,-260993000,-173946000,-4918000,435379000,-1552000,180838000,180838000,180838000,0,0,0.089,287881000,251237000,169439000,0.147,3.168,21.242,21.397,876350000,0,62.48,1.899,1.911,343768000,1649506000,2023078000,2023078000,126170000,0.07,0.156,0.122,0.125,15122000,174017000,1.0,61481213,61893000,63556000,32.687,1889028000,40552000,45648000,8324000,30.702,463811000
WWD,MRY,2017-12-31,2017-09-30,2017-09-30,2018-04-25,-53186000,2757109000,2654951750,1021189000,1735920000,0.79,22.371,-92336000,87552000,87552000,1526126000,200507000,2.39,1.01,612886000,32600000,580286000,612886000,0,80917000,0,0.006,0.485,280177000,361094000,0.172,361094000,280177000,252747000,3.27,3.16,3.27,1371383000,1289140500,1371383000,5360853911,19,14.846,215201000,3.507,1.0,572559000,0.273,728427000,27430000,2126782000,2088956500,473505000,0,0,0,1385726000,427234000,958492000,4758777911,6462000,0,-57556000,-124512000,-29745000,-211813000,-91866000,-3273000,307537000,2604000,200507000,200507000,200507000,0,0,0.096,294107000,278452000,232788000,0.148,3.47,23.734,23.734,922043000,0,77.61,2.268,2.269,402182000,1820268000,2098685000,2098685000,126519000,0.076,0.156,0.134,0.134,17282000,176633000,1.0,61316556,61366000,63512000,34.199,2028682000,39326000,52240000,40182000,33.093,593955000
