ticker,dimension,calendardate,datekey,reportperiod,lastupdated,accoci,assets,assetsavg,assetsc,assetsnc,assetturnover,bvps,capex,cashneq,cashnequsd,cor,consolinc,currentratio,de,debt,debtc,debtnc,debtusd,deferredrev,depamor,deposits,divyield,dps,ebit,ebitda,ebitdamargin,ebitdausd,ebitusd,ebt,eps,epsdil,epsusd,equity,equityavg,equityusd,ev,evebit,evebitda,fcf,fcfps,fxusd,gp,grossmargin,intangibles,intexp,invcap,invcapavg,inventory,investments,investmentsc,investmentsnc,liabilities,liabilitiesc,liabilitiesnc,marketcap,ncf,ncfbus,ncfcommon,ncfdebt,ncfdiv,ncff,ncfi,ncfinv,ncfo,ncfx,netinc,netinccmn,netinccmnusd,netincdis,netincnci,netmargin,opex,opinc,payables,payoutratio,pb,pe,pe1,ppnenet,prefdivis,price,ps,ps1,receivables,retearn,revenue,revenueusd,rnd,roa,roe,roic,ros,sbcomp,sgna,sharefactor,sharesbas,shareswa,shareswadil,sps,tangibles,taxassets,taxexp,taxliabilities,tbvps,workingcapital
XIN,MRY,2011-12-31,2011-12-31,2011-12-31,2018-04-30,79859172,1390613626,1247289476,1364650231,25963395,0.551,4.194,-1164086,487602499,487602499,487776799,103005129,2.173,1.189,285543159,172352612,113190547,285543159,0,2500832,69523639,0.079,0.138,160935359,163436191,0.238,163436191,160935359,160935359,1.36,1.36,1.36,634627210,576212356,634627210,134812868,0,0.825,211663647,1.399,1.0,199731397,0.291,0,0,560694237,600571884,768646532,241648,0,241648,754874922,627860049,127014873,134581664,92989620,0,-7958819,-23212336,-7661057,-118674027,-1164086,0,212827733,12902664,102297870,102297870,102297870,0,707259,0.149,43439424,156291973,235911354,0.101,0.212,1.316,1.287,21507040,0,1.75,0.196,0.385,47736262,19418841,687508196,687508196,0,0.082,0.178,0.268,0.234,1740861,43439424,0.5,153807616,151314945,151314945,4.544,1390613626,1306930,58637489,105908308,9.19,736790182
XIN,MRY,2012-12-31,2012-12-31,2012-12-31,2018-04-30,82000020,1566380606,1478497116,1526342704,40037902,0.619,5.418,-375256,641934614,641934614,634763270,158107859,2.076,1.004,314147321,279147321,35000000,314147321,0,2513268,50200608,0.034,0.12,231172222,233685490,0.255,233685490,231172222,231172222,2.18,2.16,2.18,781538498,708082854,781538498,59036640,0,0.253,182345638,1.264,1.0,280035282,0.306,0,0,503478063,532086150,725977820,241648,0,241648,784842108,735115250,49726858,261095980,175585111,0,-5609469,-2019298,-8769530,-6781779,-354004,0,182720894,1401530,156997595,156997595,156997595,0,1110264,0.172,56771422,223263860,241894286,0.055,0.334,1.663,1.642,35971172,0,3.58,0.285,0.565,41517499,151603798,914798552,914798552,0,0.106,0.222,0.434,0.253,2151844,56771422,0.5,145863676,144258862,144731014,6.341,1566380606,1598717,74174627,104215955,10.858,791227454
XIN,MRY,2013-12-31,2013-12-31,2013-12-31,2018-04-30,107910960,2382099592,1974240099,2244527950,137571642,0.455,6.537,-3481806,837216887,837216887,598740190,126356264,2.78,1.501,840393040,244000434,596392606,840393040,0,3777687,75285403,0.037,0.2,226878646,230656333,0.257,230656333,226878646,210016114,1.74,1.7,1.74,952635543,867087020,952635543,51897921,0,0.225,-216805949,-1.488,1.0,298997866,0.333,0,16862532,1577902434,1040690248,953778994,6187119,0,6187119,1429464049,807373311,622090738,379685214,80626950,-91342920,32085991,484405229,-14724740,393912695,-99961602,-5967905,-213324143,10287380,126356264,126356264,126356264,0,0,0.141,83683519,215314347,194403214,0.115,0.399,3.005,3.075,112640222,0,5.35,0.423,0.868,35256017,244310439,897738056,897738056,0,0.064,0.146,0.218,0.253,427989,85222487,0.5,141938398,145733028,149464556,6.16,2382099592,10191103,83659850,226298228,16.346,1437154639
XIN,MRY,2014-12-31,2014-12-31,2014-12-31,2018-04-30,104557008,3231526234,2806812913,3070458659,161067575,0.328,6.323,-5932847,509369212,509369212,677582117,48496365,1.928,2.364,1535301447,883301187,652000260,1535301447,0,8618817,107163398,0.083,0.197,107274115,115892932,0.126,115892932,107274115,79073348,0.64,0.58,0.64,960631133,956633338,960631133,170663462,1,1.473,-890247283,-5.859,1.0,242165556,0.263,0,28200767,2664825656,2121364045,1726884051,10475754,6008477,4467277,2270914541,1592632813,678281728,167487309,-445140443,-9997800,-23572982,684541517,-15288919,455065629,-15891636,0,-884314436,-1483929,48515730,48515730,48515730,0,-19365,0.053,141903455,100262101,351505821,0.308,0.174,3.452,3.688,116884690,0,2.36,0.182,0.39,305435965,273254963,919747673,919747673,0,0.017,0.051,0.051,0.117,2736313,145116061,0.5,141938398,151935765,177118235,6.054,3231526234,13641608,30557618,177461520,21.269,1477825846
XIN,MRY,2015-12-31,2015-12-31,2015-12-31,2018-04-30,30951837,3548883184,3390204709,3262963717,285919467,0.343,6.562,-2477039,750665302,750665302,891333892,66481585,1.976,2.792,1749600564,820126054,929474510,1749600564,0,11130431,64451511,0.053,0.194,139274841,150405272,0.129,150405272,139274841,118993425,0.94,0.9,0.94,935970421,948300777,935970421,1297183769,9,8.625,-7012114,-0.049,1.0,272990106,0.234,0,20281416,2896935878,2780880767,1911398360,38477025,1244646,37232379,2612931582,1650882568,962049014,271251534,266744030,0,-6560770,279909486,-14751703,306282098,-35002993,-32534946,-4535075,-19710692,66482107,66482107,66482107,0,-522,0.057,161509965,111480141,471175849,0.206,0.29,4.08,3.926,110455904,0,3.69,0.233,0.452,298855976,317765089,1164323998,1164323998,0,0.02,0.07,0.05,0.12,3774826,167455085,0.5,147019802,142625427,146487949,8.164,3548883184,15488557,52511318,177227004,24.883,1612081149
XIN,MRY,2016-12-31,2016-12-31,2016-12-31,2018-04-30,-34682888,4219558959,3884221071,3931445119,288113840,0.402,6.756,-2739578,906743437,906743437,1203636380,79462680,1.985,3.669,2112886468,887194627,1225691841,2112886468,0,16420422,150545253,0.06,0.3,189082255,205502677,0.132,205502677,189082255,159225423,1.1,1.06,1.1,900260465,918115443,900260465,1365590798,7,6.645,-162620878,-1.22,1.0,357988313,0.229,0,29856832,3444699413,3170817645,2196314416,47108154,39310595,7797559,3303406781,1981002577,1322404204,354151281,219816506,15055431,-32238627,335962436,-20545257,375230167,4467639,-8407244,-159881300,-29100220,72977548,72977548,72977548,0,6485132,0.047,174089120,183899193,790554255,0.273,0.393,4.853,4.509,193964030,0,4.96,0.227,0.423,109714914,354273848,1561624693,1561624693,0,0.019,0.079,0.06,0.121,7828255,178629347,0.5,142802936,133261510,137653029,11.718,4219558959,32803197,86247875,196793523,31.664,1950442542
XIN,MRY,2017-12-31,2017-12-31,2017-12-31,2018-04-30,29225736,6384434270,5301996614,5070212481,1314221789,0.373,7.712,-5565513,1461227177,1461227177,1517279018,80111405,1.38,5.367,3327712664,1900463935,1427248729,3327712664,0,19776728,438341713,0.057,0.388,242898117,262674845,0.133,262674845,242898117,176744677,0.98,0.96,0.98,992571849,946416157,992571849,1653651084,6,6.295,134147459,1.042,1.0,459628213,0.232,0,66153440,4576100259,4010399836,2836393846,887512708,57739558,829773150,5327421144,3674819498,1652601646,447508053,254688873,0,-7946368,1117100208,-26090734,942144670,-827168769,-822029106,139712972,61618229,63627551,63627551,63627551,0,16483854,0.032,210242448,249385765,1149053906,0.396,0.451,7.033,6.949,310319173,0,6.81,0.226,0.443,360806544,382123692,1976907231,1976907231,0,0.012,0.067,0.061,0.123,4894478,212568458,0.5,131426741,128704610,131605869,15.36,6384434270,82006132,113117126,334042916,49.605,1395392983
