ticker,dimension,calendardate,datekey,reportperiod,lastupdated,accoci,assets,assetsavg,assetsc,assetsnc,assetturnover,bvps,capex,cashneq,cashnequsd,cor,consolinc,currentratio,de,debt,debtc,debtnc,debtusd,deferredrev,depamor,deposits,divyield,dps,ebit,ebitda,ebitdamargin,ebitdausd,ebitusd,ebt,eps,epsdil,epsusd,equity,equityavg,equityusd,ev,evebit,evebitda,fcf,fcfps,fxusd,gp,grossmargin,intangibles,intexp,invcap,invcapavg,inventory,investments,investmentsc,investmentsnc,liabilities,liabilitiesc,liabilitiesnc,marketcap,ncf,ncfbus,ncfcommon,ncfdebt,ncfdiv,ncff,ncfi,ncfinv,ncfo,ncfx,netinc,netinccmn,netinccmnusd,netincdis,netincnci,netmargin,opex,opinc,payables,payoutratio,pb,pe,pe1,ppnenet,prefdivis,price,ps,ps1,receivables,retearn,revenue,revenueusd,rnd,roa,roe,roic,ros,sbcomp,sgna,sharefactor,sharesbas,shareswa,shareswadil,sps,tangibles,taxassets,taxexp,taxliabilities,tbvps,workingcapital
XLNX,MRY,2011-12-31,2011-04-02,2011-04-02,2018-05-15,10517000,4140850000,3797034500,2622786000,1518064000,0.624,9.247,-64979000,1222359000,1222359000,819558000,641875000,7.124,0.715,890980000,0,890980000,890980000,99763000,58892000,0,0.02,0.64,795399000,854291000,0.361,854291000,795399000,771080000,2.43,2.39,2.43,2414617000,2120644250,2414617000,8179235677,10,9.574,659173000,2.496,1.0,1549887000,0.654,160476000,24319000,3280855000,3167106250,264745000,1470506000,704054000,766452000,1726233000,368140000,1358093000,8393088677,190902000,0,-251682000,587644000,-169072000,92191000,-625441000,-526377000,724152000,0,641875000,641875000,641875000,0,0,0.271,754488000,795399000,99252000,0.263,3.476,13.076,13.23,380570000,0,32.15,3.542,3.583,286464000,1238044000,2369445000,2369445000,392482000,0.169,0.303,0.251,0.336,57713000,350626000,1.0,261060301,264094000,268061000,8.972,3980374000,88064000,129205000,449296000,15.243,2254646000
XLNX,MRY,2012-12-31,2012-03-31,2012-03-31,2018-05-15,7264000,4464122000,4352048250,2450309000,2013813000,0.515,10.312,-70071000,788822000,788822000,786078000,530079000,7.148,0.649,906569000,0,906569000,906569000,67002000,72348000,0,0.021,0.76,627773000,700121000,0.312,700121000,627773000,597051000,2.01,1.95,2.01,2707685000,2565285750,2707685000,9793461302,15,13.988,756668000,2.869,1.0,1454658000,0.649,185870000,30722000,4053223000,3929065500,204866000,2338033000,1128805000,1209228000,1756437000,342776000,1413661000,9551727302,-433537000,0,-110975000,0,-200361000,-299379000,-960897000,-852007000,826739000,0,530079000,530079000,530079000,0,0,0.237,826885000,627773000,78613000,0.378,3.528,18.019,18.149,394982000,0,36.48,4.263,4.294,214965000,1502327000,2240736000,2240736000,435276000,0.122,0.207,0.16,0.28,55461000,365272000,1.0,261834630,263783000,272157000,8.495,4278252000,64822000,66972000,477524000,16.293,2107533000
XLNX,MRY,2013-12-31,2013-03-30,2013-03-30,2018-05-15,8660000,4729451000,4596055750,2297639000,2431812000,0.472,11.335,-30265000,623558000,623558000,737206000,487536000,5.94,0.596,922666000,0,922666000,922666000,53358000,73560000,0,0.023,0.88,580732000,654292000,0.302,654292000,580732000,547006000,1.86,1.79,1.86,2963296000,2808798000,2963296000,10279555020,17,15.711,626272000,2.394,1.0,1431446000,0.66,195044000,33726000,4446727000,4370621000,201250000,2742220000,1091187000,1651033000,1766155000,386788000,1379367000,9983809020,-165264000,0,-89973000,0,-230469000,-310286000,-511515000,-396174000,656537000,0,487536000,487536000,487536000,0,0,0.225,850714000,580732000,72766000,0.473,3.369,20.478,20.522,365687000,0,38.17,4.604,4.605,229175000,1675722000,2168652000,2168652000,475522000,0.106,0.174,0.133,0.268,67706000,365684000,1.0,261561672,261652000,272573000,8.288,4534407000,60709000,59470000,513653000,17.344,1910851000
XLNX,MRY,2014-12-31,2014-03-29,2014-03-29,2018-05-15,-548000,5037349000,4950031250,3067147000,1970202000,0.481,10.29,-44865000,973677000,973677000,743253000,630388000,3.1,0.83,1558871000,565001000,993870000,1558871000,55099000,75272000,0,0.019,1.0,739079000,814351000,0.342,814351000,739079000,709526000,2.37,2.19,2.37,2752682000,2818433750,2752682000,14669976724,19,18.014,760052000,2.853,1.0,1639278000,0.688,188163000,29553000,4445020000,3849271000,233999000,2674419000,1483644000,1190775000,2284667000,989360000,1295307000,14367463724,350119000,0,-2918000,-243937000,-267343000,-483444000,28646000,57463000,804917000,0,630388000,630388000,630388000,0,0,0.265,890351000,748927000,149695000,0.422,5.219,22.791,22.717,355089000,0,53.84,6.03,6.021,267833000,1945471000,2382531000,2382531000,492447000,0.127,0.224,0.192,0.31,63560000,378607000,1.0,266854824,266431000,287396000,8.942,4849186000,56166000,79138000,277839000,18.126,2077787000
XLNX,MRY,2015-12-31,2015-03-28,2015-03-28,2018-05-15,-11149000,4898065000,4971197500,3935051000,963014000,0.478,9.929,-29619000,892572000,892572000,708823000,648216000,4.085,0.876,1570892000,576053000,994839000,1570892000,66071000,74914000,0,0.027,1.16,755078000,829992000,0.349,829992000,755078000,740076000,2.44,2.35,2.44,2611594000,2699099500,2611594000,11200889551,14,13.495,780823000,2.941,1.0,1668521000,0.702,172048000,15002000,4441131000,4496030250,231328000,2677391000,2410489000,266902000,2286471000,963206000,1323265000,11064027551,-81105000,0,-560047000,0,-306158000,-904503000,12956000,13279000,810442000,0,648216000,648216000,648216000,0,0,0.273,913443000,755078000,80113000,0.475,4.237,17.068,17.344,301038000,0,42.32,4.654,4.726,246615000,1966278000,2377344000,2377344000,525745000,0.13,0.24,0.168,0.318,99859000,353670000,1.0,261437324,265480000,276123000,8.955,4726017000,79519000,91860000,322806000,17.968,2971845000
XLNX,MRY,2016-12-31,2016-04-02,2016-04-02,2018-05-15,-6631000,4819269000,4880831250,3916658000,902611000,0.454,10.106,-34004000,503816000,503816000,671907000,550867000,4.147,0.861,1579056000,585417000,993639000,1579056000,51758000,68441000,0,0.026,1.24,636825000,705266000,0.319,705266000,636825000,636825000,2.14,2.05,2.14,2589893000,2602369000,2589893000,12850474561,20,18.221,712251000,2.769,1.0,1541974000,0.697,165498000,0,4784614000,4637063500,178550000,3054690000,2833883000,220807000,2229376000,944397000,1284979000,12168811561,-388756000,0,-357416000,0,-318988000,-711075000,-423936000,-379982000,746255000,0,550867000,550867000,550867000,0,0,0.249,872093000,669881000,101534000,0.579,4.699,22.09,22.252,283346000,0,47.62,5.497,5.532,307458000,1867066000,2213881000,2213881000,533891000,0.113,0.212,0.137,0.288,111984000,331652000,1.0,255539932,257184000,268667000,8.608,4653771000,0,85958000,283642000,18.16,2972261000
XLNX,MRY,2017-12-31,2017-04-01,2017-04-01,2018-05-15,-24681000,4740532000,4862253750,3880116000,860416000,0.483,10.0,-72051000,966695000,966695000,708216000,622512000,4.325,0.89,1451575000,456328000,995247000,1451575000,54567000,62626000,0,0.023,1.32,691080000,753706000,0.321,753706000,691080000,691080000,2.47,2.32,2.47,2507633000,2550513750,2507633000,15160923687,21,20.115,862080000,3.417,1.0,1641114000,0.699,164863000,0,4163353000,4490206000,227033000,2471050000,2354762000,116288000,2232899000,897196000,1335703000,14410835687,462879000,0,-453861000,-142082000,-332542000,-965202000,493950000,587380000,934131000,0,622512000,622512000,622512000,0,0,0.265,941720000,699394000,108293000,0.534,5.747,23.149,23.437,303825000,0,57.89,6.134,6.217,243915000,1726312000,2349330000,2349330000,601443000,0.128,0.244,0.154,0.294,122858000,335150000,1.0,248934802,252301000,268813000,9.312,4575669000,0,68568000,328451000,18.246,2982920000
XLNX,MRY,2018-12-31,2018-03-31,2018-03-31,2018-05-15,-34509000,5055687000,5073304500,4144486000,911201000,0.5,9.234,-49918000,2179328000,2179328000,756368000,512381000,4.422,1.17,1713626000,499186000,1214440000,1713626000,25166000,96754000,0,0.019,1.4,750411000,847165000,0.334,847165000,750411000,750411000,2.05,1.99,2.05,2330235000,2429804750,2330235000,19226601781,25,22.695,770109000,3.085,1.0,1782636000,0.702,166544000,0,3486238000,4767165750,236077000,1366138000,1268242000,97896000,2725452000,937203000,1788249000,18407851781,1212633000,0,-426800000,287257000,-353053000,-555637000,948243000,1024098000,820027000,0,512381000,512381000,512381000,0,0,0.202,1037582000,745054000,98999000,0.683,7.9,35.926,35.239,304117000,0,72.24,7.25,7.102,372144000,1483538000,2539004000,2539004000,639750000,0.101,0.211,0.157,0.296,153815000,362329000,1.0,254815224,249595000,257960000,10.172,4889143000,0,238030000,571652000,19.373,3207283000
