ticker,dimension,calendardate,datekey,reportperiod,lastupdated,accoci,assets,assetsavg,assetsc,assetsnc,assetturnover,bvps,capex,cashneq,cashnequsd,cor,consolinc,currentratio,de,debt,debtc,debtnc,debtusd,deferredrev,depamor,deposits,divyield,dps,ebit,ebitda,ebitdamargin,ebitdausd,ebitusd,ebt,eps,epsdil,epsusd,equity,equityavg,equityusd,ev,evebit,evebitda,fcf,fcfps,fxusd,gp,grossmargin,intangibles,intexp,invcap,invcapavg,inventory,investments,investmentsc,investmentsnc,liabilities,liabilitiesc,liabilitiesnc,marketcap,ncf,ncfbus,ncfcommon,ncfdebt,ncfdiv,ncff,ncfi,ncfinv,ncfo,ncfx,netinc,netinccmn,netinccmnusd,netincdis,netincnci,netmargin,opex,opinc,payables,payoutratio,pb,pe,pe1,ppnenet,prefdivis,price,ps,ps1,receivables,retearn,revenue,revenueusd,rnd,roa,roe,roic,ros,sbcomp,sgna,sharefactor,sharesbas,shareswa,shareswadil,sps,tangibles,taxassets,taxexp,taxliabilities,tbvps,workingcapital
ZEP,MRY,2011-12-31,2011-08-31,2011-08-31,2017-04-15,17012000,403769000,410510750,182112000,221657000,1.574,6.887,-7978000,7219000,7219000,343095000,17401000,1.55,1.708,119650000,15000000,104650000,119650000,0,14197000,0,0.009,0.16,33257000,47454000,0.073,47454000,33257000,26695000,0.8,0.78,0.8,149123000,139207000,149123000,520865669,15,10.976,29023000,1.347,1.0,302877000,0.469,149554000,6562000,249182000,278685000,61147000,0,0,0,254646000,117464000,137182000,387070669,-18038000,-76065000,1899000,27500000,-3483000,26785000,-84043000,0,37001000,2219000,17401000,17401000,17401000,0,0,0.027,269660000,33217000,56821000,0.2,2.596,22.244,22.038,67868000,0,17.63,0.599,0.588,95681000,38970000,645972000,645972000,0,0.042,0.125,0.119,0.051,-869000,268438000,1.0,21955228,21540000,22027000,29.989,254215000,9189000,9294000,6224000,11.74,64648000
ZEP,MRY,2012-12-31,2012-08-31,2012-08-31,2017-04-15,12851000,435287000,424304500,197521000,237766000,1.54,7.698,-18356000,3513000,3513000,352737000,21909000,1.737,1.592,139250000,15000000,124250000,139250000,0,14330000,0,0.011,0.16,39329000,53659000,0.082,53659000,39329000,33836000,1.0,0.98,1.0,167917000,157271000,167917000,454303969,11,8.467,4251000,0.195,1.0,300796000,0.46,150311000,5493000,306971000,290549000,71451000,0,0,0,267370000,113742000,153628000,320967969,-3706000,-11923000,738000,19600000,-3512000,16821000,-42779000,-12500000,22607000,-355000,21909000,21909000,21909000,0,0,0.034,262516000,38280000,53461000,0.16,1.911,14.65,14.47,80921000,0,14.47,0.491,0.482,93522000,57367000,653533000,653533000,0,0.052,0.139,0.135,0.06,5000,260806000,1.0,22181615,21768000,22166000,30.023,284976000,7681000,11927000,8574000,13.065,83779000
ZEP,MRY,2013-12-31,2013-08-31,2013-08-31,2017-04-15,12152000,547758000,555489250,196564000,351194000,1.241,8.344,-12047000,2402000,2402000,365034000,15192000,1.33,1.977,209908000,25000000,184908000,209908000,0,19931000,0,0.006,0.16,32045000,51976000,0.075,51976000,32045000,23087000,0.69,0.68,0.69,183969000,177668250,183969000,849059642,26,16.336,37969000,1.728,1.0,324542000,0.471,251031000,8958000,356474000,408499250,68633000,0,0,0,363789000,147759000,216030000,612393642,-1111000,-116692000,1207000,79962000,-3536000,77509000,-128739000,0,50016000,103000,15192000,15192000,15192000,0,0,0.022,291753000,32789000,56366000,0.232,3.329,40.31,39.13,82328000,0,27.0,0.888,0.86,104476000,69023000,689576000,689576000,0,0.027,0.086,0.078,0.046,124000,283075000,1.0,22681246,21969000,22435000,31.389,296727000,8002000,7895000,12782000,13.459,48805000
ZEP,MRY,2014-12-31,2014-08-31,2014-08-31,2017-04-15,11805000,556211000,548285000,228075000,328136000,1.27,8.64,-8272000,14303000,14303000,369697000,8400000,1.574,1.876,206886000,20006000,186880000,206886000,0,22122000,0,0.031,0.93,25917000,48039000,0.069,48039000,25917000,14098000,0.38,0.37,0.38,193379000,190495250,193379000,902584903,34,18.789,13999000,0.628,1.0,326792000,0.469,242648000,11819000,361217000,372809000,75950000,0,0,0,362832000,144929000,217903000,694050903,11901000,0,2234000,-6021000,-4505000,-7986000,-2394000,4650000,22271000,10000,8400000,8400000,8400000,0,0,0.012,293996000,32796000,65874000,2.447,3.589,82.625,79.474,75361000,0,30.2,0.996,0.967,121116000,72918000,696489000,696489000,0,0.015,0.044,0.07,0.037,-306000,293361000,1.0,22981818,22307000,22906000,31.223,313563000,10452000,5698000,13931000,14.01,83146000
