ticker,dimension,calendardate,datekey,reportperiod,lastupdated,accoci,assets,assetsavg,assetsc,assetsnc,assetturnover,bvps,capex,cashneq,cashnequsd,cor,consolinc,currentratio,de,debt,debtc,debtnc,debtusd,deferredrev,depamor,deposits,divyield,dps,ebit,ebitda,ebitdamargin,ebitdausd,ebitusd,ebt,eps,epsdil,epsusd,equity,equityavg,equityusd,ev,evebit,evebitda,fcf,fcfps,fxusd,gp,grossmargin,intangibles,intexp,invcap,invcapavg,inventory,investments,investmentsc,investmentsnc,liabilities,liabilitiesc,liabilitiesnc,marketcap,ncf,ncfbus,ncfcommon,ncfdebt,ncfdiv,ncff,ncfi,ncfinv,ncfo,ncfx,netinc,netinccmn,netinccmnusd,netincdis,netincnci,netmargin,opex,opinc,payables,payoutratio,pb,pe,pe1,ppnenet,prefdivis,price,ps,ps1,receivables,retearn,revenue,revenueusd,rnd,roa,roe,roic,ros,sbcomp,sgna,sharefactor,sharesbas,shareswa,shareswadil,sps,tangibles,taxassets,taxexp,taxliabilities,tbvps,workingcapital
ZQK,MRY,2011-12-31,2011-10-31,2011-10-31,2017-06-19,116127000,1764223000,1706771750,940291000,823932000,1.123,3.756,-76482000,109753000,109753000,916541000,-17870000,2.62,1.871,747686000,22963000,724723000,747686000,0,55072000,0,0.0,0.0,34091000,89163000,0.047,89163000,34091000,-39726000,-0.13,-0.13,-0.13,610098000,565744500,610098000,1174245287,34,13.17,-22333000,-0.137,1.0,999786000,0.522,406732000,73817000,1636494000,1527146750,347757000,0,0,0,1141601000,358930000,782671000,553292287,-10840000,-5578000,4129000,25421000,0,23159000,-82622000,0,54149000,-5526000,-21258000,-21258000,-21258000,-6163000,3388000,-0.011,968749000,31037000,203023000,0.0,0.907,-26.027,-25.769,238107000,0,3.35,0.289,0.284,420279000,-32565000,1916327000,1916327000,0,-0.012,-0.038,0.022,0.018,14414000,882376000,1.0,165161877,162430000,162430000,11.798,1357491000,160352000,-18468000,0,8.357,581361000
ZQK,MRY,2012-12-31,2012-10-31,2012-10-31,2017-06-19,86412000,1718240000,1714607500,905869000,812371000,1.133,3.551,-55145000,41823000,41823000,1000530000,-9743000,2.54,1.913,757969000,36794000,721175000,757969000,0,52418000,0,0.0,0.0,54033000,106451000,0.055,106451000,54033000,-6852000,-0.07,-0.07,-0.07,583310000,571662250,583310000,1232506744,22,11.578,-68684000,-0.418,1.0,941319000,0.485,392206000,60885000,1685564000,1637645000,326877000,0,0,0,1116004000,356616000,759388000,530965744,-67930000,0,2241000,29692000,0,20933000,-67000000,0,-13539000,-8324000,-10756000,-10756000,-10756000,-7502000,1013000,-0.006,895484000,45835000,194333000,0.0,0.91,-49.365,-45.714,235743000,0,3.2,0.273,0.271,441788000,-43321000,1941849000,1941849000,0,-0.006,-0.019,0.033,0.028,22552000,888250000,1.0,165926795,164245000,164245000,11.823,1326034000,141573000,3904000,1359000,8.074,549253000
ZQK,MRY,2013-12-31,2013-10-31,2013-10-31,2017-06-19,73918000,1620470000,1811046500,915256000,705214000,1.005,2.19,-51323000,57280000,57280000,943972000,-230384000,2.494,3.335,831300000,23488000,807812000,831300000,0,49958000,0,0.0,0.0,7845000,57803000,0.032,57803000,7845000,-63204000,-1.37,-1.37,-1.37,369706000,500052750,369706000,2188682981,278,37.865,-24131000,-0.144,1.0,875572000,0.481,396221000,71049000,1631229000,1693132250,337715000,0,0,0,1232812000,367040000,865772000,1400818981,15457000,0,9944000,54055000,0,49664000,-53893000,0,27192000,-7506000,-229424000,-229424000,-229424000,-5886000,-960000,-0.126,869884000,5688000,201675000,0.0,3.789,-6.106,-6.073,231261000,0,8.32,0.77,0.765,434944000,-275886000,1819544000,1819544000,0,-0.127,-0.459,0.005,0.004,21556000,857557000,1.0,168367666,167255000,167255000,10.879,1224249000,9997000,166220000,23808000,7.252,548216000
ZQK,MRY,2014-12-31,2014-10-31,2014-10-31,2017-06-19,57288000,1255982000,1431112500,741000000,514982000,1.098,0.315,-47765000,67865000,67865000,808244000,-317954000,2.115,22.269,828590000,35361000,793229000,828590000,0,51938000,0,0.0,0.0,-236429000,-184491000,-0.117,-184491000,-236429000,-312420000,-1.81,-1.81,-1.81,53876000,215822500,53876000,1032442367,-4,-5.596,-74700000,-0.438,1.0,763210000,0.486,216132000,75991000,1450188000,1539947500,284517000,0,0,0,1199748000,350387000,849361000,299551367,-10616000,0,5902000,7842000,0,13621000,6148000,0,-26935000,-3450000,-308063000,-308063000,-308063000,-9440000,-9891000,-0.196,1016312000,-253102000,168307000,0.0,5.56,-0.972,-0.967,213768000,0,1.75,0.191,0.19,351861000,-587407000,1571454000,1571454000,0,-0.215,-1.427,-0.154,-0.15,17260000,827181000,1.0,171172210,170492000,170492000,9.217,1039850000,21014000,-4357000,46225000,6.083,390613000
ZQK,MRY,2015-12-31,2015-10-31,2015-10-31,2017-06-19,14945000,922523000,1076252000,608106000,314417000,1.251,-1.685,-32477000,39632000,39632000,724560000,-306960000,1.063,-4.185,334298000,333395000,903000,334298000,0,42720000,0,0.0,0.0,-223806000,-181086000,-0.135,-181086000,-223806000,-290535000,-1.79,-1.79,-1.79,-289667000,-106517000,-289667000,755891854,-3,-4.174,-75064000,-0.438,1.0,621380000,0.462,114363000,66729000,530566000,954130250,295062000,0,0,0,1212190000,572260000,639930000,2185854,-10203000,0,629000,46317000,0,46046000,-3734000,0,-42587000,-9928000,-306172000,-306172000,-306172000,-6732000,-788000,-0.227,846598000,-225218000,143517000,0.0,-0.008,-0.007,-0.007,160379000,0,0.013,0.002,0.002,238682000,-893579000,1345940000,1345940000,0,-0.284,2.874,-0.235,-0.166,4342000,692824000,1.0,172114522,171494000,171494000,7.848,808160000,16053000,15637000,48260000,4.7,35846000
