ticker,dimension,calendardate,datekey,reportperiod,lastupdated,accoci,assets,assetsavg,assetsc,assetsnc,assetturnover,bvps,capex,cashneq,cashnequsd,cor,consolinc,currentratio,de,debt,debtc,debtnc,debtusd,deferredrev,depamor,deposits,divyield,dps,ebit,ebitda,ebitdamargin,ebitdausd,ebitusd,ebt,eps,epsdil,epsusd,equity,equityavg,equityusd,ev,evebit,evebitda,fcf,fcfps,fxusd,gp,grossmargin,intangibles,intexp,invcap,invcapavg,inventory,investments,investmentsc,investmentsnc,liabilities,liabilitiesc,liabilitiesnc,marketcap,ncf,ncfbus,ncfcommon,ncfdebt,ncfdiv,ncff,ncfi,ncfinv,ncfo,ncfx,netinc,netinccmn,netinccmnusd,netincdis,netincnci,netmargin,opex,opinc,payables,payoutratio,pb,pe,pe1,ppnenet,prefdivis,price,ps,ps1,receivables,retearn,revenue,revenueusd,rnd,roa,roe,roic,ros,sbcomp,sgna,sharefactor,sharesbas,shareswa,shareswadil,sps,tangibles,taxassets,taxexp,taxliabilities,tbvps,workingcapital
ZUMZ,MRY,2011-12-31,2012-01-28,2012-01-28,2018-03-19,135000,362157000,344423000,253503000,108654000,1.614,8.884,-25508000,14779000,14779000,354198000,37351000,4.561,0.33,1983000,0,1983000,1983000,0,19744000,0,0.0,0.0,61689000,81433000,0.146,81433000,61689000,61689000,1.22,1.2,1.22,272277000,247951750,272277000,867975749,14,10.659,42557000,1.394,1.0,201676000,0.363,13154000,0,280631000,254619000,65037000,158019000,158019000,0,89880000,55576000,34304000,881856749,3422000,0,1589000,0,0,3415000,-68074000,-42566000,68065000,16000,37351000,37351000,37351000,0,0,0.067,141444000,60232000,21743000,0.0,3.239,23.61,23.221,89478000,0,28.33,1.586,1.556,6284000,172730000,555874000,555874000,0,0.108,0.151,0.242,0.111,3477000,141444000,1.0,31128018,30527000,31119000,18.209,349003000,1477000,24338000,5835000,11.388,197927000
ZUMZ,MRY,2012-12-31,2013-02-02,2013-02-02,2018-03-19,6010000,409098000,411076250,203314000,205784000,1.628,10.009,-41070000,17579000,17579000,428109000,42164000,3.555,0.348,6006000,0,6006000,6006000,0,22957000,0,0.0,0.0,70279000,93236000,0.139,93236000,70279000,70279000,1.37,1.35,1.37,303421000,291659000,303421000,658047652,9,7.058,25155000,0.818,1.0,241284000,0.36,85056000,0,255270000,264059000,77598000,85593000,85593000,0,105677000,57199000,48478000,661854652,2800000,-70711000,-24355000,-258000,0,-22519000,-41079000,70702000,66225000,173000,42164000,42164000,42164000,0,0,0.063,172742000,68542000,16052000,0.0,2.181,15.697,15.409,115474000,0,21.11,0.989,0.969,9467000,189051000,669393000,669393000,0,0.103,0.145,0.266,0.105,3902000,172742000,1.0,31352660,30742000,31273000,21.775,324042000,3885000,28115000,12501000,10.689,146115000
ZUMZ,MRY,2013-12-31,2014-02-01,2014-02-01,2018-03-19,4710000,443403000,444281750,229846000,213557000,1.63,11.255,-35969000,19634000,19634000,462577000,45948000,3.745,0.321,4068000,0,4068000,4068000,0,26596000,0,0.0,0.0,71964000,98560000,0.136,98560000,71964000,71964000,1.54,1.52,1.54,335654000,317876000,335654000,654282891,9,6.638,30925000,1.037,1.0,261760000,0.361,82165000,0,284298000,277781750,87182000,97521000,97521000,0,107749000,61374000,46375000,651690891,2055000,0,-16159000,-306000,0,-15233000,-49619000,-13650000,66894000,13000,45948000,45948000,45948000,0,0,0.063,188918000,72842000,18343000,0.0,1.942,14.183,13.974,127343000,0,21.52,0.9,0.886,10294000,215961000,724337000,724337000,0,0.103,0.145,0.259,0.099,2862000,188918000,1.0,30283034,29810000,30206000,24.298,361238000,5194000,26016000,9345000,12.113,168472000
ZUMZ,MRY,2014-12-31,2015-01-31,2015-01-31,2018-03-19,-11278000,493705000,485947000,272798000,220907000,1.67,12.403,-35758000,20862000,20862000,524468000,43192000,3.349,0.373,0,0,0,0,0,29167000,0,0.0,0.0,71651000,100818000,0.124,100818000,71651000,71651000,1.5,1.47,1.5,359524000,340117250,359524000,1078642319,15,10.699,54179000,1.877,1.0,287083000,0.354,68914000,0,322482000,296474250,93850000,133782000,133782000,0,134181000,81447000,52734000,1089761319,1228000,0,-13222000,-2066000,0,-13933000,-73873000,-38115000,89937000,-903000,43192000,43192000,43192000,0,0,0.053,215512000,71571000,32094000,0.0,3.031,25.231,24.86,135642000,0,37.29,1.343,1.327,12653000,241708000,811551000,811551000,0,0.089,0.127,0.242,0.088,6165000,215512000,1.0,29223956,28871000,29288000,28.11,424791000,7734000,28459000,10389000,14.654,191351000
ZUMZ,MRY,2015-12-31,2016-01-30,2016-01-30,2018-03-19,-15247000,414695000,454666750,198897000,215798000,1.769,11.391,-34834000,43163000,43163000,535559000,28785000,2.877,0.396,0,0,0,0,0,30410000,0,0.0,0.0,45861000,76271000,0.095,76271000,45861000,45861000,1.05,1.04,1.05,296957000,316507750,296957000,478489245,10,6.274,14487000,0.527,1.0,268624000,0.334,66011000,0,236379000,281682750,98299000,32391000,32391000,0,117738000,69142000,48596000,483273245,22301000,0,-92235000,-82000,0,-91472000,64730000,99564000,49321000,-278000,28785000,28785000,28785000,0,0,0.036,222459000,46165000,21919000,0.0,1.627,16.789,17.248,137233000,0,18.11,0.601,0.619,12840000,177191000,804183000,804183000,0,0.063,0.091,0.163,0.057,4996000,222459000,1.0,26685436,27497000,27673000,29.246,348684000,4634000,17076000,4066000,13.375,129755000
ZUMZ,MRY,2016-12-31,2017-01-28,2017-01-28,2018-03-19,-16488000,426683000,433605000,211363000,215320000,1.929,12.526,-20400000,20247000,20247000,561266000,25904000,2.872,0.39,0,0,0,0,0,27916000,0,0.0,0.0,40224000,68140000,0.081,68140000,40224000,40224000,1.05,1.04,1.05,307051000,291507250,307051000,463098012,11,6.796,28058000,1.135,1.0,275002000,0.329,70611000,0,262228000,253986750,106924000,58579000,58579000,0,119632000,73597000,46035000,469312012,-22916000,-5395000,-21607000,650000,0,-20077000,-51515000,-25720000,48458000,218000,25904000,25904000,25904000,0,0,0.031,235259000,39743000,25529000,0.0,1.528,18.117,17.952,129651000,0,18.85,0.561,0.557,12538000,182555000,836268000,836268000,0,0.06,0.089,0.158,0.048,4578000,235259000,1.0,24897189,24727000,24908000,33.82,356072000,7041000,14320000,1866000,14.525,137766000
ZUMZ,MRY,2017-12-31,2018-02-03,2018-02-03,2018-03-19,35000,499510000,478020500,279163000,220347000,1.94,14.389,-24062000,24041000,24041000,617527000,26802000,2.813,0.403,0,0,0,0,0,27288000,0,0.0,0.0,48403000,75691000,0.082,75691000,48403000,48403000,1.09,1.08,1.09,355915000,325643000,355915000,520874408,10,6.882,41452000,1.68,1.0,309874000,0.334,79608000,0,296614000,279623250,125826000,97864000,97864000,0,143595000,99247000,44348000,520143408,3794000,0,0,766000,0,1273000,-63970000,-39908000,65514000,977000,26802000,26802000,26802000,0,0,0.029,261114000,48760000,37861000,0.0,1.461,19.407,18.899,128852000,0,20.6,0.561,0.548,17027000,209357000,927401000,927401000,0,0.056,0.082,0.173,0.052,5032000,261114000,1.0,25249680,24679000,24878000,37.579,419902000,4174000,21601000,5796000,16.975,179916000
