ticker,dimension,calendardate,datekey,reportperiod,lastupdated,accoci,assets,assetsavg,assetsc,assetsnc,assetturnover,bvps,capex,cashneq,cashnequsd,cor,consolinc,currentratio,de,debt,debtc,debtnc,debtusd,deferredrev,depamor,deposits,divyield,dps,ebit,ebitda,ebitdamargin,ebitdausd,ebitusd,ebt,eps,epsdil,epsusd,equity,equityavg,equityusd,ev,evebit,evebitda,fcf,fcfps,fxusd,gp,grossmargin,intangibles,intexp,invcap,invcapavg,inventory,investments,investmentsc,investmentsnc,liabilities,liabilitiesc,liabilitiesnc,marketcap,ncf,ncfbus,ncfcommon,ncfdebt,ncfdiv,ncff,ncfi,ncfinv,ncfo,ncfx,netinc,netinccmn,netinccmnusd,netincdis,netincnci,netmargin,opex,opinc,payables,payoutratio,pb,pe,pe1,ppnenet,prefdivis,price,ps,ps1,receivables,retearn,revenue,revenueusd,rnd,roa,roe,roic,ros,sbcomp,sgna,sharefactor,sharesbas,shareswa,shareswadil,sps,tangibles,taxassets,taxexp,taxliabilities,tbvps,workingcapital
ZX,MRY,2011-12-31,2011-12-31,2011-12-31,2018-04-28,0,4218405000,3691377500,2599450000,1618955000,1.109,9.376,-240600000,834621000,132392439,3005590000,452201000,1.188,1.179,998500000,998500000,0,158387879,12479000,116541000,0,0.0,0.0,623185000,739726000,0.181,117339641,98853230,562649000,9.52,9.52,1.51,1935625000,1496127000,307040099,269944546,2,2.301,319210000,1.546,6.304,1088284000,0.266,17000000,60536000,2176655000,2129672000,552104000,96211000,96211000,0,2282780000,2188629000,94151000,156894400,412617000,0,463342000,-53500000,0,307893000,-370378000,-129778000,559810000,-1016000,452201000,452201000,71730753,0,0,0.11,459267000,629017000,1168319000,0.0,0.511,2.187,2.013,1184756000,0,3.04,0.242,0.966,1108182000,,4093874000,649394112,85398000,0.123,0.302,0.293,0.152,4866000,385522000,0.25,206440000,206440000,,3.146,4201405000,5208000,110448000,103482000,20.352,410821000
ZX,MRY,2012-12-31,2012-12-31,2012-12-31,2018-04-28,0,4141896000,4180150500,2245376000,1896520000,0.894,11.043,-402176000,987271000,158322384,2795548000,361632000,1.268,0.817,700000000,700000000,0,112254557,11681000,119900000,0,0.02,0.06,479433000,599333000,0.16,96111229,76883627,428517000,7.0,7.0,1.123,2279699000,2107662000,365580860,180300181,2,1.876,564233000,2.733,6.236,942417000,0.252,17000000,50916000,2066936000,2121795500,364351000,70884000,70884000,0,1862197000,1770689000,91508000,154313900,97963000,0,0,-298500000,-19491000,-367589000,-431420000,-29244000,966409000,-313000,361632000,361632000,57992628,0,0,0.097,463906000,478511000,1060095000,0.053,0.422,2.661,2.664,1405544000,0,2.99,0.257,1.03,813445000,,3737965000,599433723,90823000,0.087,0.172,0.226,0.128,1956000,390149000,0.25,206440000,206440000,,2.904,4124896000,4629000,66885000,90421000,19.981,474687000
ZX,MRY,2013-12-31,2013-12-31,2013-12-31,2018-04-28,0,4303810000,4222853000,2361333000,1942477000,0.9,12.172,-175265000,908744000,149814986,3011615000,232653000,1.388,0.713,558000000,558000000,0,91991542,10885000,125972000,0,0.0,0.0,301603000,427575000,0.112,70489756,49722088,275600000,4.52,4.52,0.745,2512834000,2396266500,414264294,87969053,1,1.248,134815000,0.653,6.066,790693000,0.208,17000000,26003000,2234917000,2150926500,394758000,76600000,76600000,0,1790976000,1701149000,89827000,134186000,-79830000,0,0,-142000000,0,-181217000,-180981000,-5716000,310080000,1303000,232653000,232653000,38355032,0,0,0.061,481652000,309041000,1132172000,0.0,0.324,3.499,3.489,1494848000,0,2.6,0.214,0.856,971806000,,3802308000,626846198,91632000,0.055,0.097,0.14,0.079,482000,417320000,0.25,206440000,206440000,,3.036,4286810000,4365000,42947000,89919000,20.765,660184000
ZX,MRY,2014-12-31,2014-12-31,2014-12-31,2018-04-28,0,4133047000,4218428500,2189235000,1943812000,0.79,12.552,-133346000,816990000,131900907,2744896000,79227000,1.507,0.595,508000000,508000000,0,82015276,10088000,128816000,0,0.0,0.0,115537000,244353000,0.073,39450155,18653147,97931000,1.52,1.52,0.245,2592061000,2552447500,418481496,17587955,0,0.446,-14041000,-0.068,6.194,589459000,0.177,17000000,17606000,2354236000,2294576500,382067000,59100000,59100000,0,1540986000,1452821000,88165000,73823750,-191655000,0,0,-50000000,0,-77388000,-215846000,-82500000,119305000,-99000,79227000,79227000,12790992,0,0,0.024,475586000,113873000,943758000,0.0,0.176,5.772,5.827,1525567000,0,1.43,0.137,0.549,921653000,,3334355000,538322929,98040000,0.019,0.031,0.05,0.035,0,403327000,0.25,206500000,206500000,,2.607,4116047000,4356000,18704000,79140000,19.932,736414000
ZX,MRY,2015-12-31,2015-12-31,2015-12-31,2018-04-28,0,3835345000,3984196000,1910195000,1925150000,0.614,12.414,-90527000,1077247000,165951661,2081976000,-28567000,1.623,0.496,558000000,558000000,0,85960812,9292000,131277000,0,0.0,0.0,-14224000,117053000,0.048,18032206,-2191230,-30137000,-0.56,-0.56,-0.086,2563494000,2577777500,394910442,-9206817,4,-0.511,191130000,0.926,6.491,363780000,0.149,17000000,15913000,2121823000,2238029500,181905000,28200000,28200000,0,1271851000,1177275000,94576000,40783750,258882000,0,0,50000000,0,24702000,-59627000,30900000,281657000,1375000,-28567000,-28567000,-4400793,0,0,-0.012,383797000,-20017000,618601000,0.0,0.103,-9.267,-9.157,1506318000,0,0.79,0.108,0.433,613418000,,2445756000,376772710,51253000,-0.007,-0.011,-0.006,-0.006,0,348954000,0.25,206500000,206500000,,1.825,3818345000,15958000,-1570000,85958000,18.491,732920000
ZX,MRY,2016-12-31,2016-12-31,2016-12-31,2018-04-28,0,3859492000,3847418500,2062920000,1796572000,0.585,12.288,-29546000,1186799000,170890306,1862017000,-25924000,1.68,0.521,558000000,558000000,0,80347886,8496000,154783000,0,0.0,0.0,-4185000,150598000,0.067,21685001,-602609,-25572000,-0.52,-0.52,-0.075,2537570000,2550532000,365391371,-18259700,30,-0.842,146781000,0.711,6.945,387516000,0.172,17000000,21387000,1985553000,2053688000,138740000,32100000,32100000,0,1321922000,1228140000,93782000,61893212,80090000,0,0,0,0,-35631000,-63446000,-33900000,176327000,-538000,-25924000,-25924000,-3732864,0,0,-0.012,394247000,-6731000,670031000,0.0,0.169,-16.581,-16.012,1379287000,0,1.199,0.191,0.764,695856000,,2249533000,323916167,84639000,-0.007,-0.01,-0.002,-0.002,0,321288000,0.25,206500000,206500000,,1.569,3842492000,23836000,352000,85395000,18.608,834780000
ZX,MRY,2017-12-31,2017-12-31,2017-12-31,2018-04-28,0,3846731000,3853111500,2164433000,1682298000,0.735,12.332,-35379000,1041612000,157447850,2449399000,9052000,1.795,0.511,558000000,558000000,0,84346091,7699000,147959000,0,0.0,0.0,37816000,185775000,0.066,28081353,5716185,16441000,0.16,0.16,0.024,2546622000,2542096000,384941955,-28544265,-4,-1.016,-134357000,-0.651,6.616,381588000,0.135,17000000,21375000,2140379000,2062966000,178034000,35200000,35200000,0,1300109000,1205740000,94369000,62801812,-146880000,0,0,0,0,-17189000,-38479000,-3100000,-98978000,1693000,9052000,9052000,1368281,0,0,0.003,340251000,41337000,644167000,0.0,0.163,45.898,50.299,1272774000,0,1.216,0.147,0.587,900162000,,2830987000,427925962,57419000,0.002,0.004,0.018,0.013,0,304003000,0.25,206500000,206500000,,2.072,3829731000,25500000,7389000,90243000,18.546,958693000
