ticker,dimension,calendardate,datekey,reportperiod,lastupdated,accoci,assets,assetsavg,assetsc,assetsnc,assetturnover,bvps,capex,cashneq,cashnequsd,cor,consolinc,currentratio,de,debt,debtc,debtnc,debtusd,deferredrev,depamor,deposits,divyield,dps,ebit,ebitda,ebitdamargin,ebitdausd,ebitusd,ebt,eps,epsdil,epsusd,equity,equityavg,equityusd,ev,evebit,evebitda,fcf,fcfps,fxusd,gp,grossmargin,intangibles,intexp,invcap,invcapavg,inventory,investments,investmentsc,investmentsnc,liabilities,liabilitiesc,liabilitiesnc,marketcap,ncf,ncfbus,ncfcommon,ncfdebt,ncfdiv,ncff,ncfi,ncfinv,ncfo,ncfx,netinc,netinccmn,netinccmnusd,netincdis,netincnci,netmargin,opex,opinc,payables,payoutratio,pb,pe,pe1,ppnenet,prefdivis,price,ps,ps1,receivables,retearn,revenue,revenueusd,rnd,roa,roe,roic,ros,sbcomp,sgna,sharefactor,sharesbas,shareswa,shareswadil,sps,tangibles,taxassets,taxexp,taxliabilities,tbvps,workingcapital
ABM,MRY,2011-12-31,2011-10-31,2011-10-31,2018-03-07,-2661000,1879598000,1919815750,733757000,1145841000,2.212,14.924,-22124000,26467000,26467000,3781264000,68504000,1.656,1.362,300000000,0,300000000,300000000,0,52658000,0,0.028,0.56,121289000,173947000,0.041,173947000,121289000,105484000,1.29,1.27,1.29,795886000,772292500,795886000,1402074430,11,8.06,137866000,2.595,1.0,465578000,0.11,879866000,15805000,830069000,951811750,0,90639000,54748000,35891000,1083712000,443196000,640516000,1076688430,-12979000,-291200000,9708000,159500000,-29744000,134443000,-307412000,5000000,159990000,0,68504000,68504000,68504000,194000,0,0.016,348010000,117568000,130464000,0.434,1.353,15.717,15.674,60009000,0,20.22,0.254,0.253,622708000,586625000,4246842000,4246842000,0,0.036,0.089,0.127,0.029,9191000,324762000,1.0,53248686,53121000,54103000,79.947,999732000,78718000,36980000,57687000,18.746,290561000
ABM,MRY,2012-12-31,2012-10-31,2012-10-31,2018-03-07,-2154000,1851158000,1875199250,749334000,1101824000,2.293,15.629,-28000000,43459000,43459000,3854400000,62600000,1.644,1.177,215000000,0,215000000,215000000,0,50900000,0,0.031,0.58,102600000,153500000,0.036,153500000,102600000,92600000,1.16,1.14,1.16,850398000,824722750,850398000,1260694426,12,8.213,122600000,2.27,1.0,445900000,0.104,860748000,10000000,706134000,783021750,0,78652000,40343000,38309000,1000760000,455817000,544943000,1030344426,17000000,-6000000,12500000,-85000000,-31300000,-103800000,-29800000,0,150600000,0,62600000,62600000,62600000,100000,0,0.015,349300000,96600000,130410000,0.5,1.212,16.459,16.379,59909000,0,19.0,0.24,0.239,625817000,617372000,4300300000,4300300000,0,0.033,0.076,0.131,0.024,10200000,327800000,1.0,54228654,54000000,54900000,79.635,990410000,61666000,30000000,55660000,18.202,293517000
ABM,MRY,2013-12-31,2013-10-31,2013-10-31,2018-03-07,-1700000,2119200000,2096785250,864600000,1254600000,2.112,16.532,-32400000,32600000,32600000,3964100000,72900000,1.7,1.31,314900000,0,314900000,314900000,0,59400000,0,0.022,0.6,121900000,181300000,0.041,181300000,121900000,109000000,1.33,1.3,1.33,917500000,886484000,917500000,1826535832,14,10.075,102900000,1.874,1.0,463700000,0.105,1016800000,12900000,876200000,920582500,0,32300000,0,32300000,1201700000,508500000,693200000,1516742832,-10900000,-199500000,13300000,99300000,-32900000,79700000,-225900000,5000000,135300000,0,72900000,72900000,72900000,-10300000,0,0.016,358400000,105300000,157300000,0.451,1.653,20.806,20.684,77200000,0,27.51,0.343,0.341,690800000,656800000,4427800000,4427800000,0,0.035,0.082,0.132,0.028,12800000,330600000,1.0,55134236,54900000,56100000,80.652,1102400000,47100000,36100000,89300000,19.863,356100000
ABM,MRY,2014-12-31,2014-10-31,2014-10-31,2018-03-07,-2800000,2192900000,2170452750,927200000,1265700000,2.142,17.177,-37400000,36700000,36700000,4160500000,75600000,1.761,1.264,319800000,0,319800000,319800000,0,56400000,0,0.022,0.62,130000000,186400000,0.04,186400000,130000000,119300000,1.35,1.32,1.35,968800000,947813750,968800000,1827956947,14,9.807,83800000,1.494,1.0,489200000,0.105,982200000,10700000,967400000,955161000,0,32900000,0,32900000,1224100000,526400000,697700000,1540856947,4100000,-48200000,-10000000,6100000,-34600000,-34600000,-82000000,0,121200000,-500000,75600000,75600000,75600000,-8700000,0,0.016,374400000,114800000,173700000,0.459,1.59,20.382,20.474,83000000,0,27.64,0.331,0.333,687300000,696900000,4649700000,4649700000,0,0.035,0.08,0.136,0.028,15800000,348200000,1.0,55747357,56100000,57100000,82.882,1210700000,46600000,43700000,99400000,21.466,400800000
ABM,MRY,2015-12-31,2015-10-31,2015-10-31,2018-03-07,-5100000,2130700000,2207850000,894000000,1236700000,2.218,17.769,-26500000,55500000,55500000,4392300000,76300000,1.573,1.115,158000000,0,158000000,158000000,0,57000000,0,0.023,0.64,104800000,161800000,0.033,161800000,104800000,94600000,1.35,1.33,1.35,1007500000,994475000,1007500000,1849332678,17,11.43,119900000,2.115,1.0,505500000,0.103,978900000,10200000,686100000,894500000,0,35700000,0,35700000,1123200000,568200000,555000000,1595432678,18800000,-19300000,-31400000,-171500000,-36000000,-216900000,90400000,0,146400000,-1100000,76300000,76300000,76300000,-22200000,0,0.016,431900000,73600000,179100000,0.474,1.584,20.91,21.037,74000000,0,28.4,0.326,0.329,742900000,736500000,4897800000,4897800000,0,0.035,0.077,0.117,0.021,14200000,395000000,1.0,56177207,56700000,57400000,86.381,1151800000,34100000,18300000,93700000,20.314,325800000
ABM,MRY,2016-12-31,2016-10-31,2016-10-31,2018-03-07,-31600000,2278800000,2239475000,991300000,1287500000,2.297,17.393,-44000000,53500000,53500000,4603400000,57200000,1.661,1.34,268300000,0,268300000,268300000,0,57500000,0,0.017,0.66,57200000,114700000,0.022,114700000,57200000,46800000,1.02,1.01,1.02,974000000,989950000,974000000,2351648348,41,20.503,39500000,0.702,1.0,541300000,0.105,1016600000,10400000,880200000,826175000,0,17400000,0,17400000,1304800000,596800000,708000000,2178948348,-2000000,-96000000,-46600000,109800000,-36900000,52600000,-134800000,5000000,83500000,-3300000,57200000,57200000,57200000,5100000,0,0.011,486600000,54700000,174300000,0.647,2.237,38.094,38.314,81800000,0,39.08,0.424,0.428,803700000,756400000,5144700000,5144700000,0,0.026,0.058,0.069,0.011,14000000,410100000,1.0,55756099,56300000,56900000,91.38,1262200000,37400000,-10400000,83800000,22.539,394500000
ABM,MRY,2017-12-31,2017-10-31,2017-10-31,2018-03-07,-20300000,3812600000,2742900000,1235500000,2577100000,1.988,21.906,-57200000,62800000,62800000,4881200000,3800000,1.63,1.771,1178200000,16900000,1161300000,1178200000,0,70100000,0,0.016,0.68,31800000,101900000,0.019,101900000,31800000,12600000,0.07,0.07,0.07,1375700000,1047325000,1375700000,2950754058,92,28.957,-51600000,-0.894,1.0,572400000,0.105,2294300000,19200000,1875900000,1121950000,0,17600000,0,17600000,2436900000,757800000,1679100000,2733754058,9300000,-818500000,-7900000,937800000,-39500000,874000000,-871800000,0,5600000,1500000,3800000,3800000,3800000,74300000,0,0.001,470600000,101800000,230800000,9.714,1.987,719.409,599.571,143100000,0,41.97,0.501,0.444,1038100000,720100000,5453600000,5453600000,0,0.001,0.004,0.028,0.006,13300000,436600000,1.0,65135908,57700000,58300000,94.516,1518300000,0,8800000,139500000,24.177,477700000
