ticker,dimension,calendardate,datekey,reportperiod,lastupdated,accoci,assets,assetsavg,assetsc,assetsnc,assetturnover,bvps,capex,cashneq,cashnequsd,cor,consolinc,currentratio,de,debt,debtc,debtnc,debtusd,deferredrev,depamor,deposits,divyield,dps,ebit,ebitda,ebitdamargin,ebitdausd,ebitusd,ebt,eps,epsdil,epsusd,equity,equityavg,equityusd,ev,evebit,evebitda,fcf,fcfps,fxusd,gp,grossmargin,intangibles,intexp,invcap,invcapavg,inventory,investments,investmentsc,investmentsnc,liabilities,liabilitiesc,liabilitiesnc,marketcap,ncf,ncfbus,ncfcommon,ncfdebt,ncfdiv,ncff,ncfi,ncfinv,ncfo,ncfx,netinc,netinccmn,netinccmnusd,netincdis,netincnci,netmargin,opex,opinc,payables,payoutratio,pb,pe,pe1,ppnenet,prefdivis,price,ps,ps1,receivables,retearn,revenue,revenueusd,rnd,roa,roe,roic,ros,sbcomp,sgna,sharefactor,sharesbas,shareswa,shareswadil,sps,tangibles,taxassets,taxexp,taxliabilities,tbvps,workingcapital
ACAT,MRY,2011-12-31,2011-03-31,2011-03-31,2017-03-14,-1920000,272906000,279705250,232040000,40866000,1.661,10.01,-11761000,14700000,14700000,363142000,13007000,2.654,0.491,0,0,0,0,0,15816000,0,0.0,0.0,18242000,34058000,0.073,34058000,18242000,18231000,0.71,0.7,0.71,183036000,179816750,183036000,256642714,14,7.535,-16884000,-0.926,1.0,101509000,0.218,0,11000,170762000,154711750,61478000,110413000,110413000,0,89870000,87444000,2426000,284183714,-17111000,0,-1588000,0,0,-946000,-11674000,0,-5123000,632000,13007000,13007000,13007000,0,0,0.028,83374000,18135000,41666000,0.0,1.553,21.849,21.901,39230000,0,15.55,0.612,0.61,23732000,177493000,464651000,464651000,15029000,0.047,0.072,0.118,0.039,3174000,68345000,1.0,18275480,18232000,18539000,25.485,272906000,17669000,5224000,3806000,14.924,144596000
ACAT,MRY,2012-12-31,2012-03-31,2012-03-31,2017-03-14,-2708000,255416000,293658750,212860000,42556000,1.993,8.281,-14993000,24138000,24138000,454649000,29941000,1.867,0.845,0,0,0,0,0,13045000,0,0.0,0.0,45976000,59021000,0.101,59021000,45976000,45968000,1.79,1.72,1.79,138472000,166526500,138472000,509919063,11,8.64,85736000,5.127,1.0,130619000,0.223,0,8000,117243000,135738250,98702000,38459000,38459000,0,116944000,114035000,2909000,541767063,9438000,0,-77321000,0,0,-75718000,-14792000,0,100729000,-781000,29941000,29941000,29941000,0,0,0.051,84729000,45890000,61210000,0.0,3.912,18.094,23.933,41168000,0,42.84,0.926,1.224,28073000,127816000,585268000,585268000,17862000,0.102,0.18,0.339,0.079,2001000,66867000,1.0,12646290,16721000,17458000,35.002,255416000,20315000,16027000,2909000,15.275,98825000
ACAT,MRY,2013-12-31,2013-03-31,2013-03-31,2017-03-14,-4166000,306145000,297901250,259344000,46801000,2.254,13.23,-16276000,35566000,35566000,520692000,39745000,2.037,0.755,0,0,0,0,0,11999000,0,0.0,0.0,60763000,72762000,0.108,72762000,60763000,60679000,3.02,2.89,3.02,174472000,164591750,174472000,558389161,9,7.674,16408000,1.247,1.0,150896000,0.225,0,84000,143287000,145311500,96389000,77241000,77241000,0,131673000,127292000,4381000,575989161,11428000,0,-5389000,0,0,-4624000,-16276000,0,32684000,-356000,39745000,39745000,39745000,0,0,0.059,90182000,60714000,66599000,0.0,3.301,14.492,14.47,45539000,0,43.7,0.858,0.856,30296000,167561000,671588000,671588000,20693000,0.133,0.241,0.418,0.09,2337000,69489000,1.0,13180530,13155000,13761000,51.052,306145000,16820000,20934000,9338000,23.214,132052000
ACAT,MRY,2014-12-31,2014-03-31,2014-03-31,2017-03-14,-2110000,342294000,342736000,285296000,56998000,2.131,14.141,-24377000,22524000,22524000,579412000,39404000,1.921,0.85,0,0,0,0,0,14189000,0,0.008,0.4,60526000,74715000,0.102,74715000,60526000,60404000,2.97,2.9,2.97,185043000,195319000,185043000,572101838,9,7.657,19802000,1.492,1.0,151079000,0.207,0,122000,171229000,160156000,140652000,60008000,60008000,0,157251000,148541000,8710000,628133838,-13042000,0,-28005000,0,-5317000,-33475000,-24341000,0,44179000,595000,39404000,39404000,39404000,0,0,0.054,90583000,60496000,93882000,0.135,3.395,15.941,16.091,55931000,0,47.79,0.86,0.868,42003000,187024000,730491000,730491000,23998000,0.115,0.202,0.378,0.083,2584000,66585000,1.0,13143625,13275000,13598000,55.028,342294000,16294000,21000000,8710000,26.157,136755000
ACAT,MRY,2015-12-31,2015-03-31,2015-03-31,2017-03-14,-7142000,315411000,341781000,245964000,69447000,2.044,13.935,-22187000,40253000,40253000,579307000,4920000,2.015,0.749,0,0,0,0,0,15509000,0,0.014,0.5,6563000,22072000,0.032,22072000,6563000,6210000,0.38,0.38,0.38,180372000,192896250,180372000,412744102,62,18.7,37514000,2.902,1.0,119449000,0.171,6579000,353000,146490000,164710250,152443000,1009000,1009000,0,135039000,122089000,12950000,470228102,17729000,-8428000,-1008000,0,-6500000,-8647000,-30624000,0,59701000,-2701000,4920000,4920000,4920000,0,0,0.007,112911000,6538000,70257000,1.316,2.607,95.575,95.579,62868000,0,36.32,0.673,0.672,25067000,185444000,698756000,698756000,24341000,0.014,0.026,0.04,0.009,4087000,88570000,1.0,12946809,12926000,13089000,54.058,308832000,18201000,1290000,9716000,23.859,123875000
ACAT,MRY,2016-12-31,2016-03-31,2016-03-31,2017-03-14,-10184000,304701000,325095250,211818000,92883000,1.947,12.846,-37964000,17730000,17730000,542228000,-9187000,1.708,0.82,0,0,0,0,0,19767000,0,0.023,0.38,-16199000,3568000,0.006,3568000,-16199000,-17047000,-0.71,-0.71,-0.71,167391000,181075250,167391000,207835708,-12,58.25,-18841000,-1.45,1.0,90667000,0.143,6197000,848000,156744000,198905000,140007000,0,0,0,137310000,124030000,13280000,218812708,-22523000,0,446000,0,-4917000,-4698000,-37966000,0,19123000,1018000,-9187000,-9187000,-9187000,0,0,-0.015,106881000,-16214000,72012000,-0.535,1.307,-23.818,-23.662,81487000,0,16.8,0.346,0.345,35760000,171340000,632895000,632895000,27162000,-0.028,-0.051,-0.081,-0.026,4294000,79719000,1.0,13024566,12995000,12995000,48.703,298504000,15801000,-7860000,0,22.907,87788000
