ticker,dimension,calendardate,datekey,reportperiod,lastupdated,accoci,assets,assetsavg,assetsc,assetsnc,assetturnover,bvps,capex,cashneq,cashnequsd,cor,consolinc,currentratio,de,debt,debtc,debtnc,debtusd,deferredrev,depamor,deposits,divyield,dps,ebit,ebitda,ebitdamargin,ebitdausd,ebitusd,ebt,eps,epsdil,epsusd,equity,equityavg,equityusd,ev,evebit,evebitda,fcf,fcfps,fxusd,gp,grossmargin,intangibles,intexp,invcap,invcapavg,inventory,investments,investmentsc,investmentsnc,liabilities,liabilitiesc,liabilitiesnc,marketcap,ncf,ncfbus,ncfcommon,ncfdebt,ncfdiv,ncff,ncfi,ncfinv,ncfo,ncfx,netinc,netinccmn,netinccmnusd,netincdis,netincnci,netmargin,opex,opinc,payables,payoutratio,pb,pe,pe1,ppnenet,prefdivis,price,ps,ps1,receivables,retearn,revenue,revenueusd,rnd,roa,roe,roic,ros,sbcomp,sgna,sharefactor,sharesbas,shareswa,shareswadil,sps,tangibles,taxassets,taxexp,taxliabilities,tbvps,workingcapital
ACNB,MRY,2011-12-31,2011-12-31,2011-12-31,2018-04-28,655000,1004823000,1000873750,,,0.041,16.406,-1942000,22623000,22623000,0,8502000,,9.309,117153000,,,117153000,0,2218000,782795000,0.055,0.76,10656000,12874000,0.317,12874000,10656000,10656000,1.43,1.43,1.43,97474000,97328250,97474000,142617313,13,11.078,16212000,2.729,1.0,40672000,1.0,9357000,0,1089996000,1069413000,0,937913000,,,907349000,,,82169313,-1550000,-336000,257000,-3432000,-4512000,28582000,-48286000,-52424000,18154000,0,8502000,8502000,8502000,0,0,0.209,30016000,10656000,0,0.531,0.843,9.665,9.671,14483000,0,13.83,2.02,2.02,0,73526000,40672000,40672000,0,0.008,0.087,0.01,0.262,0,23830000,1.0,5941382,5941382,,6.846,995466000,0,2154000,0,167.548,
ACNB,MRY,2012-12-31,2012-12-31,2012-12-31,2018-04-28,-212000,1049995000,1045268000,,,0.04,16.989,-2049000,51385000,51385000,0,8886000,,9.369,107257000,,,107257000,0,2041000,834176000,0.047,0.76,11205000,13246000,0.319,13246000,11205000,11205000,1.49,1.49,1.49,101264000,100353000,101264000,154882449,13,11.693,7254000,1.217,1.0,41536000,1.0,8717000,0,1097150000,1102338000,0,955827000,,,948731000,,,96444449,28762000,-2106000,295000,-9896000,-4524000,37256000,-17797000,-15086000,9303000,0,8886000,8886000,8886000,0,0,0.214,30331000,11205000,0,0.51,0.952,10.854,10.859,15131000,0,16.18,2.322,2.322,0,77888000,41536000,41536000,0,0.009,0.089,0.01,0.27,0,24873000,1.0,5960720,5960720,,6.968,1041278000,0,2319000,0,174.69,
ACNB,MRY,2013-12-31,2013-12-31,2013-12-31,2018-04-28,106000,1046047000,1038868000,,,0.042,17.84,-2212000,18116000,18116000,0,9315000,,8.794,131755000,,,131755000,0,1993000,800643000,0.042,0.76,11850000,13843000,0.316,13843000,11850000,11850000,1.56,1.56,1.56,106802000,103480500,106802000,194077097,16,14.02,15774000,2.635,1.0,43865000,1.0,8153000,0,1151533000,1109115000,0,981194000,,,939245000,,,108119097,-33269000,150000,447000,24498000,-4542000,-13130000,-38125000,-39354000,17986000,0,9315000,9315000,9315000,0,0,0.212,32015000,11850000,0,0.487,1.012,11.607,11.577,15991000,0,18.06,2.465,2.465,0,82661000,43865000,43865000,0,0.009,0.09,0.011,0.27,0,25607000,1.0,5986661,5986661,,7.327,1037894000,0,2535000,0,173.368,
ACNB,MRY,2014-12-31,2014-12-31,2014-12-31,2018-04-28,-2723000,1089808000,1065129250,,,0.043,18.302,-3148000,19673000,19673000,0,10290000,,8.905,126636000,,,126636000,0,2063000,844876000,0.035,0.77,13370000,15433000,0.338,15433000,13370000,13370000,1.71,1.71,1.71,110022000,110135000,110022000,230067405,17,14.907,7667000,1.275,1.0,45634000,1.0,7504000,0,1189267000,1155140500,0,1023020000,,,979786000,,,130746405,1557000,229000,381000,-5119000,-4622000,34873000,-44131000,-37922000,10815000,0,10290000,10290000,10290000,0,0,0.225,32264000,13370000,0,0.45,1.188,12.706,12.719,17725000,0,21.75,2.865,2.865,0,88329000,45634000,45634000,0,0.01,0.093,0.012,0.293,0,26459000,1.0,6011329,6011329,,7.591,1082304000,0,3080000,0,180.044,
ACNB,MRY,2015-12-31,2015-12-31,2015-12-31,2018-04-28,-4726000,1147925000,1123935750,,,0.043,19.009,-1738000,18757000,18757000,0,11017000,,9.007,111702000,,,111702000,0,1755000,912980000,0.038,0.8,14778000,16533000,0.344,16533000,14778000,14778000,1.83,1.83,1.83,114715000,113452000,114715000,195672725,13,11.835,12641000,2.095,1.0,48012000,1.0,7341000,0,1233529000,1199330500,0,1084684000,,,1033210000,,,128537725,-916000,-173000,499000,-14934000,-4820000,48849000,-64144000,-63956000,14379000,0,11017000,11017000,11017000,0,0,0.229,33234000,14778000,0,0.437,1.12,11.667,11.639,18044000,0,21.3,2.677,2.677,0,94526000,48012000,48012000,0,0.01,0.097,0.012,0.308,0,28044000,1.0,6034635,6034635,,7.956,1140584000,0,3761000,0,189.006,
ACNB,MRY,2016-12-31,2016-12-31,2016-12-31,2018-04-28,-6024000,1206320000,1184163250,,,0.042,19.809,-415000,18931000,18931000,0,10869000,,9.048,108840000,,,108840000,0,1800000,967621000,0.026,0.8,14637000,16437000,0.33,16437000,14637000,14637000,1.8,1.8,1.8,120061000,119258500,120061000,246020187,16,14.967,11706000,1.931,1.0,49774000,1.0,6996000,0,1289233000,1255491000,0,1142034000,,,1086259000,,,189408187,174000,0,556000,-2862000,-4840000,47495000,-59442000,-60075000,12121000,0,10869000,10869000,10869000,0,0,0.218,35137000,14637000,0,0.444,1.578,17.426,17.361,18153000,0,31.25,3.805,3.805,0,100555000,49774000,49774000,0,0.009,0.091,0.012,0.294,59000,29384000,1.0,6061062,6061062,,8.212,1199324000,0,3768000,0,197.874,
ACNB,MRY,2017-12-31,2017-12-31,2017-12-31,2018-04-28,-7092000,1595432000,1426682000,,,0.042,21.934,-1751000,34441000,34441000,0,9788000,,9.362,131508000,,,131508000,0,2292000,1298492000,0.027,0.8,16422000,18714000,0.309,18714000,16422000,16422000,1.5,1.5,1.5,153966000,138227000,153966000,288595509,17,15.421,15256000,2.173,1.0,60501000,1.0,22149000,0,1670350000,1507209500,0,1487964000,,,1441466000,,,207430509,15510000,6444000,482000,17668000,-5233000,50456000,-51953000,-56970000,17007000,0,9788000,9788000,9788000,0,0,0.162,44079000,16422000,0,0.533,1.347,21.192,19.7,26774000,0,29.55,3.429,3.429,0,106293000,60501000,60501000,0,0.007,0.071,0.011,0.271,133000,33112000,1.0,7019645,7019645,,8.619,1573283000,0,6634000,0,224.126,
