ticker,dimension,calendardate,datekey,reportperiod,lastupdated,accoci,assets,assetsavg,assetsc,assetsnc,assetturnover,bvps,capex,cashneq,cashnequsd,cor,consolinc,currentratio,de,debt,debtc,debtnc,debtusd,deferredrev,depamor,deposits,divyield,dps,ebit,ebitda,ebitdamargin,ebitdausd,ebitusd,ebt,eps,epsdil,epsusd,equity,equityavg,equityusd,ev,evebit,evebitda,fcf,fcfps,fxusd,gp,grossmargin,intangibles,intexp,invcap,invcapavg,inventory,investments,investmentsc,investmentsnc,liabilities,liabilitiesc,liabilitiesnc,marketcap,ncf,ncfbus,ncfcommon,ncfdebt,ncfdiv,ncff,ncfi,ncfinv,ncfo,ncfx,netinc,netinccmn,netinccmnusd,netincdis,netincnci,netmargin,opex,opinc,payables,payoutratio,pb,pe,pe1,ppnenet,prefdivis,price,ps,ps1,receivables,retearn,revenue,revenueusd,rnd,roa,roe,roic,ros,sbcomp,sgna,sharefactor,sharesbas,shareswa,shareswadil,sps,tangibles,taxassets,taxexp,taxliabilities,tbvps,workingcapital
AEIS,MRY,2011-12-31,2011-12-31,2011-12-31,2018-04-30,28527000,533378000,537652000,390486000,142892000,0.961,9.404,-18887000,117639000,117639000,311642000,36314000,4.28,0.309,0,0,0,0,0,14525000,14689000,0.0,0.0,49759000,64284000,0.124,64284000,49759000,49928000,0.84,0.83,0.84,407339000,411236750,407339000,336222705,6,5.23,19208000,0.442,1.0,205157000,0.397,89953000,-169000,234542000,220745750,80283000,25567000,25567000,0,126039000,91244000,34795000,468475705,-13275000,0,-15914000,0,0,-17092000,-34724000,-15837000,38095000,446000,36314000,36314000,36314000,540000,0,0.07,155906000,49251000,44828000,0.0,1.15,12.901,12.774,42338000,0,10.73,0.906,0.902,132485000,124767000,516799000,516799000,64984000,0.068,0.088,0.225,0.096,12529000,79722000,1.0,43660364,43465000,43954000,11.89,443425000,24482000,13614000,26189000,10.237,299242000
AEIS,MRY,2012-12-31,2012-12-31,2012-12-31,2018-04-30,29725000,537242000,516737750,371146000,166096000,0.875,10.234,-10233000,146564000,146564000,284185000,20581000,4.328,0.379,0,0,0,0,20111000,17786000,2080000,0.0,0.0,29604000,47390000,0.105,47390000,29604000,30211000,0.53,0.52,0.53,389611000,381349500,389611000,371980048,12,7.849,100544000,2.586,1.0,167746000,0.371,106600000,-607000,198330000,203650500,81482000,25683000,25683000,0,147631000,85748000,61883000,523014048,28925000,-15313000,-53394000,-562000,0,-54864000,-24527000,-1181000,110777000,-2461000,20581000,20581000,20581000,-405000,0,0.046,140372000,27374000,41044000,0.0,1.342,25.412,26.055,39523000,0,13.809,1.157,1.188,83914000,147328000,451931000,451931000,58076000,0.04,0.054,0.145,0.066,12720000,69127000,1.0,37875142,38879000,39447000,11.624,430642000,36872000,9630000,38632000,11.311,285398000
AEIS,MRY,2013-12-31,2013-12-31,2013-12-31,2018-04-30,33457000,652977000,611759750,416969000,236008000,0.489,11.527,-2588000,138125000,138125000,153788000,32086000,3.408,0.406,13661000,13661000,0,13661000,43171000,6988000,6955000,0.0,0.0,20300000,27288000,0.091,27288000,20300000,20698000,-0.7,-0.7,-0.7,464462000,421401750,464462000,833027389,41,30.527,32728000,0.827,1.0,145593000,0.486,177211000,-398000,228945000,224401250,109771000,11568000,11568000,0,188515000,122357000,66158000,914040389,-8439000,0,26337000,0,0,26313000,-70926000,14059000,35316000,858000,32086000,32086000,32086000,27624000,0,0.107,97746000,47847000,55623000,0.0,1.968,28.487,-32.657,34888000,0,22.86,3.053,3.024,125782000,179414000,299381000,299381000,35383000,0.052,0.076,0.09,0.068,9849000,57334000,1.0,39984269,39597000,40667000,7.561,475766000,42261000,-11388000,9605000,11.808,294612000
AEIS,MRY,2014-12-31,2014-12-31,2014-12-31,2018-04-30,10776000,684568000,688078250,376753000,307815000,0.534,11.777,-3449000,121401000,121401000,179273000,46982000,3.347,0.441,0,0,0,0,47246000,10461000,4067000,0.0,0.0,63492000,73953000,0.201,73953000,63492000,63492000,1.16,1.14,1.16,474965000,470526750,474965000,847245670,13,11.457,73713000,1.824,1.0,188060000,0.512,84186000,0,366413000,251857500,46092000,3083000,3083000,0,209603000,112568000,97035000,950286670,-12840000,-57138000,-9170000,0,0,-34056000,-54996000,8403000,77162000,-950000,46982000,46982000,46982000,22513000,0,0.128,101969000,86091000,24540000,0.0,2.001,20.227,20.431,9759000,0,23.7,2.587,2.608,79053000,226396000,367333000,367333000,36915000,0.068,0.1,0.252,0.173,3712000,58549000,1.0,40096484,40420000,41034000,9.088,600382000,55572000,16510000,9418000,14.887,264185000
AEIS,MRY,2015-12-31,2015-12-31,2015-12-31,2018-04-30,534000,462503000,545860750,322477000,140026000,0.76,6.545,-4014000,158443000,158443000,197941000,-158486000,3.102,0.755,0,0,0,0,45584000,8832000,3205000,0.0,0.0,-136526000,-127694000,-0.308,-127694000,-136526000,-136526000,-3.89,-3.89,-3.89,263580000,320917250,263580000,974319180,-7,-7.63,100695000,2.471,1.0,216870000,0.523,76870000,0,123220000,132821000,52573000,11986000,11986000,0,198923000,103970000,94953000,1158615180,44435000,-128000,-45524000,0,0,-45542000,-13265000,-9077000,104709000,-1467000,-158486000,-158486000,-158486000,241968000,0,-0.382,110214000,106656000,27246000,0.0,4.396,-7.311,-7.257,9645000,0,28.23,2.793,2.773,54959000,67910000,414811000,414811000,39551000,-0.29,-0.494,-1.028,-0.329,2810000,66097000,1.0,41041983,40746000,41077000,10.18,385633000,45257000,21960000,17168000,9.576,218507000
AEIS,MRY,2016-12-31,2016-12-31,2016-12-31,2018-04-30,-6933000,571529000,523360500,438334000,133195000,0.924,9.873,-6821000,281953000,281953000,230557000,127454000,4.612,0.458,0,0,0,0,39170000,7813000,5774000,0.0,0.0,138582000,146395000,0.303,146395000,138582000,138582000,3.21,3.18,3.21,392074000,339474500,392074000,1928667172,13,13.174,112466000,2.831,1.0,253147000,0.523,70196000,0,124334000,124350750,55770000,4737000,4737000,0,179455000,95046000,84409000,2172959172,119797000,0,2175000,0,0,2142000,300000,7121000,119287000,-1932000,127454000,127454000,127454000,-10506000,0,0.263,126290000,126857000,46255000,0.0,5.542,17.049,17.056,13337000,0,54.75,4.492,4.496,75667000,195364000,483704000,483704000,44445000,0.244,0.375,1.114,0.287,6332000,77678000,1.0,39688752,39720000,40031000,12.178,501333000,33679000,11128000,5324000,12.625,343288000
AEIS,MRY,2017-12-31,2017-12-31,2017-12-31,2018-04-30,2533000,733308000,686051250,595225000,138083000,0.978,13.129,-9042000,407283000,407283000,314631000,137861000,5.609,0.408,0,0,0,0,33402000,9424000,6402000,0.0,0.0,199951000,209375000,0.312,209375000,199951000,199951000,3.47,3.43,3.47,520641000,497185250,520641000,2309503616,11,11.03,173659000,4.368,1.0,356381000,0.531,87311000,0,132595000,139619500,78450000,3104000,3104000,0,212667000,106119000,106548000,2676075616,125520000,-17347000,-31308000,0,0,-31307000,-28082000,-1693000,182701000,2208000,137861000,137861000,137861000,-1760000,0,0.205,155611000,200770000,48177000,0.0,5.14,19.411,19.447,17795000,0,67.48,3.988,3.998,87429000,333225000,671012000,671012000,57999000,0.201,0.277,1.432,0.298,12549000,93262000,1.0,39657315,39754000,40176000,16.879,645997000,20136000,62090000,26952000,16.29,489106000
