ticker,dimension,calendardate,datekey,reportperiod,lastupdated,accoci,assets,assetsavg,assetsc,assetsnc,assetturnover,bvps,capex,cashneq,cashnequsd,cor,consolinc,currentratio,de,debt,debtc,debtnc,debtusd,deferredrev,depamor,deposits,divyield,dps,ebit,ebitda,ebitdamargin,ebitdausd,ebitusd,ebt,eps,epsdil,epsusd,equity,equityavg,equityusd,ev,evebit,evebitda,fcf,fcfps,fxusd,gp,grossmargin,intangibles,intexp,invcap,invcapavg,inventory,investments,investmentsc,investmentsnc,liabilities,liabilitiesc,liabilitiesnc,marketcap,ncf,ncfbus,ncfcommon,ncfdebt,ncfdiv,ncff,ncfi,ncfinv,ncfo,ncfx,netinc,netinccmn,netinccmnusd,netincdis,netincnci,netmargin,opex,opinc,payables,payoutratio,pb,pe,pe1,ppnenet,prefdivis,price,ps,ps1,receivables,retearn,revenue,revenueusd,rnd,roa,roe,roic,ros,sbcomp,sgna,sharefactor,sharesbas,shareswa,shareswadil,sps,tangibles,taxassets,taxexp,taxliabilities,tbvps,workingcapital
AEPI,MRY,2011-12-31,2011-10-31,2011-10-31,2017-01-28,2018000,415669000,384117500,228866000,186803000,2.538,9.104,-14475000,6445000,6445000,846070000,12388000,2.05,7.316,238515000,1392000,237123000,238515000,0,21751000,0,0.0,0.0,33649000,55400000,0.057,55400000,33649000,14471000,2.1,2.09,2.1,49986000,51737000,49986000,374344760,11,6.757,9025000,1.644,1.0,128722000,0.132,10795000,19178000,525298000,486596250,103092000,0,0,0,365683000,111646000,254037000,148403760,5396000,-25948000,-19340000,46844000,0,22162000,-40423000,0,23500000,157000,12388000,12388000,12388000,0,0,0.013,103491000,25231000,76881000,0.0,2.969,11.98,12.871,169580000,0,27.03,0.152,0.152,109061000,108164000,974792000,974792000,0,0.032,0.239,0.069,0.035,1919000,59224000,1.0,5490335,5490335,,177.547,404874000,6750000,2083000,12863000,73.743,117220000
AEPI,MRY,2012-12-31,2012-10-31,2012-10-31,2017-01-28,579000,431443000,420467250,213426000,218017000,2.741,13.342,-41713000,2807000,2807000,969792000,23152000,1.823,4.852,217332000,2604000,214728000,217332000,0,22828000,0,0.0,0.0,56477000,79305000,0.069,79305000,56477000,37400000,4.2,4.16,4.2,73729000,62110000,73729000,556540727,9,7.018,30331000,5.489,1.0,182743000,0.159,10407000,19077000,518504000,533104500,95128000,0,0,0,357714000,117057000,240657000,353273727,-3638000,-6049000,465000,-27957000,0,-27909000,-47762000,0,72044000,-11000,23152000,23152000,23152000,0,0,0.02,127095000,55648000,78637000,0.0,4.792,15.259,15.221,195986000,0,63.93,0.307,0.307,109895000,131316000,1152535000,1152535000,0,0.055,0.373,0.106,0.049,5591000,73828000,1.0,5525946,5525946,,208.568,421036000,2677000,14248000,18212000,76.193,96369000
AEPI,MRY,2013-12-31,2013-10-31,2013-10-31,2017-01-28,536000,471563000,457735500,234704000,236859000,2.499,15.249,-46176000,13319000,13319000,989380000,10748000,2.022,4.521,242266000,3335000,238931000,242266000,0,28592000,0,0.0,0.0,34676000,63268000,0.055,63268000,34676000,15963000,1.93,1.92,1.93,85413000,83505750,85413000,548395214,15,8.668,-12080000,-2.157,1.0,154472000,0.135,11389000,18713000,573063000,553257500,97091000,0,0,0,386150000,116058000,270092000,332827214,10512000,0,572000,23847000,0,23139000,-46176000,0,34096000,-547000,10748000,10748000,10748000,0,0,0.009,121156000,33316000,80579000,0.0,3.897,30.966,30.788,220314000,0,59.42,0.291,0.291,112605000,142064000,1143852000,1143852000,0,0.023,0.129,0.063,0.03,4060000,67595000,1.0,5601266,5601266,,204.213,460174000,6300000,5215000,25610000,82.155,118646000
AEPI,MRY,2014-12-31,2014-10-31,2014-10-31,2017-01-28,-141000,446946000,463800750,216206000,230740000,2.572,11.75,-26390000,867000,867000,1071085000,-5506000,1.913,6.487,256331000,2636000,253695000,256331000,0,31507000,0,0.0,0.0,10131000,41638000,0.035,41638000,10131000,-9440000,-1.03,-1.03,-1.03,59697000,64623500,59697000,495938620,48,11.911,-2741000,-0.54,1.0,121905000,0.102,10871000,19571000,578529000,596742250,86420000,0,0,0,387249000,113010000,274239000,233656620,-12452000,0,-19984000,12386000,0,-8835000,-26390000,0,23649000,-876000,-5506000,-5506000,-5506000,0,0,-0.005,112044000,9861000,81890000,0.0,3.914,-42.437,-44.65,216509000,0,45.99,0.196,0.196,119355000,136558000,1192990000,1192990000,0,-0.012,-0.085,0.017,0.008,1073000,62322000,1.0,5080596,5080596,,234.813,436075000,2697000,-3934000,16322000,85.831,103196000
AEPI,MRY,2015-12-31,2015-10-31,2015-10-31,2017-01-28,-1012000,438094000,429958250,232645000,205449000,2.655,17.569,-8496000,20167000,20167000,959729000,28837000,2.085,3.887,211315000,2475000,208840000,211315000,0,31567000,0,0.0,0.0,63035000,94602000,0.083,94602000,63035000,44245000,5.66,5.64,5.66,89648000,75146250,89648000,612502320,9,6.475,61987000,12.148,1.0,181662000,0.159,10352000,18790000,507286000,526101000,101264000,0,0,0,348446000,111604000,236842000,408212320,19300000,0,467000,-43089000,0,-42219000,-8496000,0,70483000,-468000,28837000,28837000,28837000,0,0,0.025,118944000,62718000,68734000,0.0,4.554,14.156,14.134,193993000,0,80.0,0.358,0.358,104930000,165395000,1141391000,1141391000,0,0.067,0.384,0.12,0.055,7267000,70380000,1.0,5102654,5102654,,223.686,427742000,3606000,15408000,21750000,83.827,121041000
AEPI,MRY,2016-12-31,2016-10-31,2016-10-31,2017-01-28,-1577000,392631000,435763250,201860000,190771000,2.515,22.154,-15913000,3676000,3676000,905487000,28802000,1.757,2.466,135525000,2400000,133125000,135525000,0,29476000,0,0.009,1.0,66404000,95880000,0.087,95880000,66404000,46522000,5.64,5.6,5.64,113292000,108289750,113292000,707601914,10,7.38,68461000,13.387,1.0,190343000,0.174,9828000,19882000,399776000,479694000,92685000,0,0,0,279339000,114876000,164463000,560216914,-16491000,0,135000,-78510000,-3834000,-84773000,-15913000,0,84374000,-179000,28802000,28802000,28802000,0,0,0.026,123836000,66507000,62888000,0.177,4.945,19.451,19.424,179666000,0,109.55,0.511,0.511,99510000,189085000,1095830000,1095830000,0,0.066,0.266,0.138,0.061,8817000,76136000,1.0,5113801,5113801,,214.289,382803000,3721000,17720000,23434000,74.857,86984000
