ticker,dimension,calendardate,datekey,reportperiod,lastupdated,accoci,assets,assetsavg,assetsc,assetsnc,assetturnover,bvps,capex,cashneq,cashnequsd,cor,consolinc,currentratio,de,debt,debtc,debtnc,debtusd,deferredrev,depamor,deposits,divyield,dps,ebit,ebitda,ebitdamargin,ebitdausd,ebitusd,ebt,eps,epsdil,epsusd,equity,equityavg,equityusd,ev,evebit,evebitda,fcf,fcfps,fxusd,gp,grossmargin,intangibles,intexp,invcap,invcapavg,inventory,investments,investmentsc,investmentsnc,liabilities,liabilitiesc,liabilitiesnc,marketcap,ncf,ncfbus,ncfcommon,ncfdebt,ncfdiv,ncff,ncfi,ncfinv,ncfo,ncfx,netinc,netinccmn,netinccmnusd,netincdis,netincnci,netmargin,opex,opinc,payables,payoutratio,pb,pe,pe1,ppnenet,prefdivis,price,ps,ps1,receivables,retearn,revenue,revenueusd,rnd,roa,roe,roic,ros,sbcomp,sgna,sharefactor,sharesbas,shareswa,shareswadil,sps,tangibles,taxassets,taxexp,taxliabilities,tbvps,workingcapital
AEZS,MRY,2011-12-31,2011-12-31,2011-12-31,2018-03-28,212000,75369000,68408500,60139000,15230000,0.069,-28.861,-710000,47687000,47687000,212000,-27067000,3.363,-17.579,59000,59000,0,59000,44552000,1690000,0,0.0,0.0,-25955000,-24265000,-5.157,-24265000,-25955000,-25963000,-172.0,-172.0,-172.0,-4546000,-11060500,-4546000,95717200,-3,-3.945,-26953000,-171.116,1.0,4493000,0.955,11082000,8000,-1226000,89500,3456000,0,0,0,79915000,17885000,62030000,128482200,14883000,0,38617000,-61000,0,38556000,2463000,3242000,-26243000,107000,-27067000,-27067000,-27067000,487000,0,-5.753,36200000,-31707000,12286000,0.0,-28.263,-4.747,-5.372,2512000,0,924.0,27.308,30.933,8325000,-188969000,4705000,4705000,24245000,-0.396,2.447,-290.0,-5.516,1333000,11955000,1.0,139050,157513,157513,29.871,64287000,0,1104000,259000,408.138,42254000
AEZS,MRY,2012-12-31,2012-12-31,2012-12-31,2018-03-28,-292000,67665000,71517000,53301000,14364000,0.029,-33.856,-272000,40347000,40347000,591000,-20412000,3.394,-11.107,0,0,0,0,39898000,1234000,0,0.0,0.0,-20030000,-18796000,-9.155,-18796000,-20030000,-20412000,-103.0,-103.0,-103.0,-6695000,-5620500,-6695000,-6072248,0,0.323,-31087000,-157.203,1.0,1462000,0.712,10594000,382000,1019000,-103500,4084000,0,0,0,74360000,15705000,58655000,41555752,-7360000,0,24265000,-57000,0,24208000,-272000,0,-30815000,-481000,-20412000,-20412000,-20412000,-2732000,0,-9.943,31198000,-29736000,10470000,0.0,-6.207,-2.036,-2.311,2147000,0,238.0,20.241,22.925,7993000,-213086000,2053000,2053000,20592000,-0.285,3.632,193.527,-9.756,1797000,10606000,1.0,174604,197751,198067,10.382,57071000,0,0,0,288.6,37596000
AEZS,MRY,2013-12-31,2013-12-31,2013-12-31,2018-03-28,781000,59196000,63430500,45655000,13541000,0.097,57.89,-85000,44067000,44067000,51000,6815000,6.304,2.469,0,0,0,0,0,949000,0,0.0,0.0,8327000,9276000,1.502,9276000,8327000,6815000,23.12,23.12,23.12,17064000,5184500,17064000,-5362566,0,-0.578,-20069000,-68.085,1.0,6124000,0.992,10600000,1512000,-2713000,-847000,0,0,0,0,42132000,7242000,34890000,34954434,3681000,0,23708000,0,0,23708000,28000,0,-19984000,-71000,6815000,6815000,6815000,-34055000,0,1.104,33600000,-27476000,7242000,0.0,2.048,5.129,5.969,1351000,0,138.0,5.661,6.587,1953000,-203925000,6175000,6175000,21284000,0.107,1.314,-9.831,1.349,2215000,12316000,1.0,253293,294765,294765,20.949,48596000,0,0,0,164.864,38413000
AEZS,MRY,2014-12-31,2014-12-31,2014-12-31,2018-03-28,-377000,47435000,53315500,36217000,11218000,0.0,24.539,-61000,35691000,35691000,0,-16564000,4.782,2.275,0,0,0,0,1079000,878000,0,0.0,0.0,-16453000,-15575000,-1415.909,-15575000,-16453000,-16453000,-28.06,-28.06,-28.06,14484000,15774000,14484000,-16879740,1,1.084,-31143000,-52.763,1.0,11000,1.0,9039000,0,-4869000,-3791000,0,0,0,0,32951000,7574000,25377000,27187260,-8271000,0,24358000,0,0,24358000,-61000,0,-31082000,-1486000,-16564000,-16564000,-16564000,-623000,0,-1505.818,37406000,-37395000,5799000,0.0,1.877,-1.641,-2.138,797000,0,60.0,2471.569,3219.528,867000,-222322000,11000,11000,23716000,-0.311,-1.05,4.34,-1495.727,497000,13690000,1.0,453121,590247,590247,0.019,38396000,0,111000,0,65.051,28643000
AEZS,MRY,2015-12-31,2015-12-31,2015-12-31,2018-03-28,1132000,51498000,49466500,42394000,9104000,0.011,7.821,479000,41705000,41705000,0,-50143000,6.598,1.383,0,0,0,0,731000,341000,0,0.0,0.0,-50143000,-49802000,-91.38,-49802000,-50143000,-50143000,-18.14,-18.14,-18.14,21615000,18049500,21615000,-32756192,0,0.658,-33365000,-12.073,1.0,545000,1.0,8073000,0,-4705000,-4787000,0,0,0,0,29883000,6425000,23458000,2934807,6519000,0,49427000,0,0,40798000,913000,434000,-33844000,-1348000,-50143000,-50143000,-50143000,-85000,0,-92.006,35429000,-34884000,4172000,0.0,0.136,-0.059,-0.247,256000,0,4.48,5.385,22.717,598000,-271621000,545000,545000,17234000,-1.014,-2.778,10.475,-92.006,919000,18195000,1.0,655091,2763603,2763603,0.197,43425000,0,0,0,15.713,35969000
AEZS,MRY,2016-12-31,2016-12-31,2016-12-31,2018-03-28,1701000,31659000,41578500,22743000,8916000,0.022,0.6,-64000,22495000,22495000,0,-24959000,5.41,4.096,0,0,0,0,900000,280000,0,0.0,0.0,-24959000,-24679000,-27.09,-24679000,-24959000,-24959000,-2.41,-2.41,-2.41,6212000,13913500,6212000,-5961690,0,0.242,-29074000,-2.809,1.0,911000,1.0,7623000,0,-2663000,-3684000,0,0,0,0,25447000,4204000,21243000,35743309,-19451000,0,9924000,0,0,9924000,-314000,-250000,-29010000,-51000,-24959000,-24959000,-24959000,0,0,-27.397,30387000,-29476000,3745000,0.0,5.754,-1.432,-1.494,204000,0,3.6,39.235,40.896,365000,-298059000,911000,911000,16495000,-0.6,-1.794,6.775,-27.397,1082000,13892000,1.0,9928697,10348879,10348879,0.088,24036000,0,0,0,2.323,18539000
AEZS,MRY,2017-12-31,2017-12-31,2017-12-31,2018-03-28,271000,22195000,26927000,9381000,12814000,0.034,-0.186,157000,8161000,8161000,0,-16796000,1.626,-8.975,0,0,0,0,541000,94000,0,0.0,0.0,-20275000,-20181000,-21.865,-20181000,-20275000,-20275000,-1.12,-1.12,-1.12,-2783000,1714500,-2783000,7991468,0,-0.396,-22756000,-1.521,1.0,923000,1.0,8703000,0,-438000,-1550500,643000,0,0,0,24978000,5769000,19209000,30486468,-14219000,0,8030000,0,0,8030000,307000,150000,-22913000,357000,-16796000,-16796000,-16796000,0,0,-18.197,23997000,-23074000,2987000,0.0,-10.955,-1.815,-2.107,101000,0,2.36,33.03,38.248,221000,-314161000,923000,923000,10704000,-0.624,-9.796,13.076,-21.966,182000,13293000,1.0,12917995,14958704,14958704,0.062,13492000,3479000,-3479000,0,0.902,3612000
