ticker,dimension,calendardate,datekey,reportperiod,lastupdated,accoci,assets,assetsavg,assetsc,assetsnc,assetturnover,bvps,capex,cashneq,cashnequsd,cor,consolinc,currentratio,de,debt,debtc,debtnc,debtusd,deferredrev,depamor,deposits,divyield,dps,ebit,ebitda,ebitdamargin,ebitdausd,ebitusd,ebt,eps,epsdil,epsusd,equity,equityavg,equityusd,ev,evebit,evebitda,fcf,fcfps,fxusd,gp,grossmargin,intangibles,intexp,invcap,invcapavg,inventory,investments,investmentsc,investmentsnc,liabilities,liabilitiesc,liabilitiesnc,marketcap,ncf,ncfbus,ncfcommon,ncfdebt,ncfdiv,ncff,ncfi,ncfinv,ncfo,ncfx,netinc,netinccmn,netinccmnusd,netincdis,netincnci,netmargin,opex,opinc,payables,payoutratio,pb,pe,pe1,ppnenet,prefdivis,price,ps,ps1,receivables,retearn,revenue,revenueusd,rnd,roa,roe,roic,ros,sbcomp,sgna,sharefactor,sharesbas,shareswa,shareswadil,sps,tangibles,taxassets,taxexp,taxliabilities,tbvps,workingcapital
AGRO,MRY,2011-12-31,2011-12-31,2011-12-31,2018-04-28,-99202000,1700695000,1510569500,629854000,1070841000,0.363,9.119,-130353000,330546000,330546000,322297000,56917000,2.126,0.553,360705000,157296000,203409000,360705000,0,34184000,0,0.0,0.0,133021000,167205000,0.305,167205000,133021000,70680000,0.479,0.475,0.479,1094869000,908985500,1094869000,1312175465,9,7.848,-73767000,-0.614,1.0,225787000,0.412,36755000,62341000,1397878000,1385429500,96147000,32182000,0,32182000,605826000,296221000,309605000,992972465,276885000,-17964000,421992000,-27719000,0,360792000,-140493000,0,56586000,-16608000,56018000,56018000,56018000,1034000,899000,0.102,99965000,125822000,122438000,0.0,0.907,17.726,17.265,759696000,0,8.27,1.812,1.812,156927000,57497000,548084000,548084000,0,0.037,0.062,0.096,0.243,3677000,124546000,1.0,120069222,120069222,,4.565,1663940000,37081000,14662000,93861000,13.858,333633000
AGRO,MRY,2012-12-31,2012-12-31,2012-12-31,2018-04-28,-182929000,1777955000,1739325000,528360000,1249595000,0.348,8.513,-284828000,218809000,218809000,456505000,9279000,1.681,0.733,539133000,184884000,354249000,539133000,0,54468000,0,0.0,0.0,70615000,125083000,0.207,125083000,70615000,3961000,0.077,0.077,0.077,1026043000,1060456000,1026043000,1052262261,14,8.413,-217005000,-1.8,1.0,148195000,0.245,32880000,66654000,1751104000,1574491000,95321000,30033000,0,30033000,751912000,314295000,437617000,1022103261,-98884000,-23277000,218000,167877000,0,133508000,-300215000,0,67823000,-12853000,9397000,9397000,9397000,4040000,118000,0.016,85196000,62999000,104260000,0.0,0.996,108.769,110.13,880897000,0,8.48,1.69,1.69,179878000,67647000,604700000,604700000,0,0.005,0.009,0.045,0.117,4138000,116293000,1.0,120531045,120531045,,5.017,1745075000,35391000,-5436000,75576000,14.478,214065000
AGRO,MRY,2013-12-31,2013-12-31,2013-12-31,2018-04-28,-311807000,1711476000,1744715500,552759000,1158717000,0.369,6.99,-191567000,232147000,232147000,517826000,-25830000,1.97,1.003,660131000,147967000,512164000,660131000,0,69402000,0,0.0,0.0,63811000,133213000,0.207,133213000,63811000,-35105000,-0.212,-0.212,-0.212,854349000,940196000,854349000,1309088702,20,9.827,-89487000,-0.732,1.0,126798000,0.197,27341000,98916000,1831481000,1791292500,108389000,13326000,0,13326000,857127000,280638000,576489000,988764702,45215000,6359000,-5002000,155645000,0,104671000,-161536000,13066000,102080000,-31877000,-25828000,-25828000,-25828000,-1767000,-2000,-0.04,71771000,55027000,95916000,0.0,1.157,-38.283,-38.16,790520000,0,8.09,1.534,1.534,194432000,43018000,644624000,644624000,0,-0.015,-0.027,0.036,0.099,3803000,121421000,1.0,122220606,122220606,,5.274,1684135000,48368000,-9277000,57933000,13.779,272121000
AGRO,MRY,2014-12-31,2014-12-31,2014-12-31,2018-04-28,-397560000,1646164000,1678820000,519248000,1126916000,0.431,6.384,-304704000,113795000,113795000,605325000,11036000,1.563,1.118,698506000,207182000,491324000,698506000,0,137674000,0,0.0,0.0,108123000,245797000,0.34,245797000,108123000,21651000,0.092,0.091,0.092,777227000,815788000,777227000,1403138413,12,5.709,-184553000,-1.516,1.0,117641000,0.163,23778000,86472000,1874840000,1853160500,117106000,9427000,0,9427000,868937000,332257000,536680000,975154413,-107032000,-738000,-12153000,84998000,0,73289000,-300472000,0,120151000,-11320000,11116000,11116000,11116000,0,-80000,0.015,119582000,-1941000,85491000,0.0,1.255,87.725,87.065,991581000,0,8.01,1.349,1.349,215116000,54242000,722966000,722966000,0,0.007,0.014,0.058,0.15,3867000,131559000,1.0,121742124,121742124,,5.939,1622386000,42072000,10535000,39711000,13.326,186991000
AGRO,MRY,2015-12-31,2015-12-31,2015-12-31,2018-04-28,-568316000,1355394000,1500779000,539382000,816012000,0.449,4.36,-127857000,198894000,198894000,557786000,-4351000,1.666,1.57,723339000,239688000,483651000,723339000,0,104401000,0,0.0,0.0,103343000,207744000,0.308,207744000,103343000,-13547000,-0.046,-0.046,-0.046,527419000,652323000,527419000,2071537096,20,9.972,17329000,0.143,1.0,116528000,0.173,16661000,116890000,1539409000,1707124500,85286000,4796000,0,4796000,827975000,323769000,504206000,1486826096,112548000,-4192000,939000,136624000,0,92413000,-125051000,0,145186000,-27449000,-5593000,-5593000,-5593000,0,1242000,-0.008,87627000,28901000,55642000,0.0,2.819,-265.837,-267.174,696889000,0,12.29,2.205,2.205,166806000,48795000,674314000,674314000,0,-0.004,-0.009,0.061,0.153,4396000,118693000,1.0,120978527,120978527,,5.574,1338733000,68744000,-7954000,16598000,11.066,215613000
AGRO,MRY,2016-12-31,2016-12-31,2016-12-31,2018-04-28,-527364000,1455766000,1405580000,568160000,887606000,0.618,5.547,-131890000,158568000,158568000,678581000,3739000,1.709,1.167,635396000,205092000,430304000,635396000,0,127500000,0,0.0,0.0,176806000,304306000,0.35,304306000,176806000,11426000,0.017,0.017,0.017,671673000,599546000,671673000,1781380084,10,5.854,123511000,1.02,1.0,190654000,0.219,17252000,165380000,1582865000,1561137000,111754000,2666000,0,2666000,784093000,332477000,451616000,1256935084,-48295000,3423000,-4392000,-125166000,0,-181682000,-122014000,0,255401000,7969000,2039000,2039000,2039000,0,1700000,0.002,139720000,50934000,93585000,0.0,1.871,616.447,610.588,802608000,0,10.38,1.446,1.446,174940000,50998000,869235000,869235000,0,0.001,0.003,0.113,0.203,4796000,131423000,1.0,121092012,121092012,,7.178,1438514000,38586000,9387000,16076000,11.88,235683000
AGRO,MRY,2017-12-31,2017-12-31,2017-12-31,2018-04-28,-541545000,1607201000,1531483500,689452000,917749000,0.609,5.325,-197424000,269195000,269195000,766727000,11749000,2.441,1.491,817958000,154898000,663060000,817958000,0,151007000,0,0.0,0.0,135253000,286260000,0.307,286260000,135253000,3904000,0.083,0.082,0.083,645131000,658402000,645131000,1729451758,12,6.042,39681000,0.328,1.0,166451000,0.178,17192000,131349000,1856364000,1719614500,108919000,2271000,0,2271000,962070000,282408000,679662000,1252623758,118964000,0,-38328000,167354000,0,70194000,-188335000,0,237105000,-8337000,9972000,9972000,9972000,0,1777000,0.011,113237000,53214000,99250000,0.0,1.942,125.614,124.578,820931000,0,10.34,1.342,1.342,172214000,60984000,933178000,933178000,0,0.007,0.015,0.079,0.145,5552000,152698000,1.0,121143497,121143497,,7.703,1590009000,43437000,-6068000,10960000,13.125,407044000
