ticker,dimension,calendardate,datekey,reportperiod,lastupdated,accoci,assets,assetsavg,assetsc,assetsnc,assetturnover,bvps,capex,cashneq,cashnequsd,cor,consolinc,currentratio,de,debt,debtc,debtnc,debtusd,deferredrev,depamor,deposits,divyield,dps,ebit,ebitda,ebitdamargin,ebitdausd,ebitusd,ebt,eps,epsdil,epsusd,equity,equityavg,equityusd,ev,evebit,evebitda,fcf,fcfps,fxusd,gp,grossmargin,intangibles,intexp,invcap,invcapavg,inventory,investments,investmentsc,investmentsnc,liabilities,liabilitiesc,liabilitiesnc,marketcap,ncf,ncfbus,ncfcommon,ncfdebt,ncfdiv,ncff,ncfi,ncfinv,ncfo,ncfx,netinc,netinccmn,netinccmnusd,netincdis,netincnci,netmargin,opex,opinc,payables,payoutratio,pb,pe,pe1,ppnenet,prefdivis,price,ps,ps1,receivables,retearn,revenue,revenueusd,rnd,roa,roe,roic,ros,sbcomp,sgna,sharefactor,sharesbas,shareswa,shareswadil,sps,tangibles,taxassets,taxexp,taxliabilities,tbvps,workingcapital
AHPI,MRY,2011-12-31,2011-06-30,2011-06-30,2018-05-15,0,31765346,32273113,22742359,9022987,1.45,6.686,-344551,6512887,6512887,35780657,204408,5.064,0.17,0,0,0,0,802900,1361684,0,0.0,0.0,363493,1725177,0.037,1725177,363493,363427,0.06,0.06,0.06,27159412,26966992,27159412,27019933,74,15.662,1133333,0.28,1.0,11002779,0.235,0,66,20761225,21366355,10553289,0,0,0,4605934,4491234,114700,32822519,1249563,0,103250,0,0,116230,-344551,0,1477884,0,204408,204408,204408,0,0,0.004,10593869,408910,1644910,0.0,1.209,160.574,134.667,8660507,0,8.08,0.702,0.7,5366860,-712542,46783436,46783436,0,0.006,0.008,0.017,0.008,20261,10593869,1.0,4062193,4053656,4062478,11.541,31765346,95578,159019,512572,7.82,18251125
AHPI,MRY,2012-12-31,2012-06-30,2012-06-30,2018-05-15,0,31477069,31572333,20706081,10770988,1.376,6.592,-2210940,5284543,5284543,33484512,-424426,4.405,0.176,0,0,0,0,114700,1283349,0,0.0,0.0,-670010,613339,0.014,613339,-670010,-670346,-0.1,-0.1,-0.1,26776685,26946119,26776685,18972799,-28,30.934,-1228344,-0.302,1.0,9961109,0.229,0,336,21492142,20927277,10001226,0,0,0,4700384,4700384,0,25348084,-1228344,0,0,0,0,0,-2210940,0,982596,0,-424426,-424426,-424426,0,0,-0.01,10610858,-649749,1797144,0.0,0.947,-59.723,-62.4,9603556,0,6.24,0.583,0.583,4973593,-1136968,43445621,43445621,0,-0.013,-0.016,-0.032,-0.015,44179,10610858,1.0,4062193,4062193,4062193,10.695,31477069,913464,-245920,802961,7.749,16005697
AHPI,MRY,2013-12-31,2013-06-30,2013-06-30,2018-05-15,0,29338731,29999529,17705976,11632755,1.285,6.307,-1367534,3687919,3687919,30309484,-1256773,4.4,0.159,0,0,0,0,0,1306044,0,0.0,0.0,-1996811,-690767,-0.018,-690767,-1996811,-1996811,-0.32,-0.32,-0.32,25314749,25693003,25314749,17747246,-8,-25.692,-1347264,-0.334,1.0,8242290,0.214,0,0,21626830,21196073,9338343,0,0,0,4023982,4023982,0,22074654,-1596624,0,-249360,0,0,-249360,-1367534,0,20270,0,-1256773,-1256773,-1256773,0,0,-0.033,10735806,-2493516,1317202,0.0,0.872,-17.565,-17.188,9722344,0,5.5,0.573,0.576,4221970,-2393741,38551774,38551774,0,-0.042,-0.049,-0.094,-0.052,44197,10735806,1.0,4013573,4035322,4035322,9.554,29338731,1704465,-740038,845539,7.31,13681994
AHPI,MRY,2014-12-31,2014-06-30,2014-06-30,2018-05-15,0,26032427,27846842,14913229,11119198,1.306,5.608,-438504,1366762,1366762,29056367,-2805913,4.233,0.157,0,0,0,0,0,1280796,0,0.0,0.0,-3145726,-1864930,-0.051,-1864930,-3145726,-3145726,-0.7,-0.7,-0.7,22509073,23483683,22509073,17896383,-5,-9.596,-2321157,-0.578,1.0,7314249,0.201,0,0,21142311,21419373,9406098,0,0,0,3523354,3523354,0,19425695,-2321157,0,0,0,0,0,-438504,0,-1882653,0,-2805913,-2805913,-2805913,0,0,-0.077,10423133,-3108884,1068222,0.0,0.863,-6.923,-6.914,8935601,0,4.84,0.534,0.534,3713105,-5199654,36370616,36370616,0,-0.101,-0.119,-0.147,-0.086,9655,10423133,1.0,4013573,4013573,4013573,9.062,26032427,2013600,-339813,830946,6.486,11389875
AHPI,MRY,2015-12-31,2015-06-30,2015-06-30,2018-05-15,0,24989467,25583380,15146774,9842693,1.386,5.156,-141166,2039946,2039946,28392171,-1777310,3.526,0.208,0,0,0,0,0,1311111,0,0.0,0.0,-1760714,-449603,-0.013,-449603,-1760714,-1760714,-0.44,-0.44,-0.44,20693197,21361407,20693197,10774877,-6,-23.965,673184,0.168,1.0,7069598,0.199,0,0,18653251,19578715,9190911,0,0,0,4296270,4296270,0,12602620,673184,0,0,0,0,0,-141166,0,814350,0,-1777310,-1777310,-1777310,0,0,-0.05,8763335,-1693737,1368797,0.0,0.609,-7.091,-7.136,7821206,0,3.14,0.355,0.355,3574674,-6976964,35461769,35461769,0,-0.069,-0.083,-0.09,-0.05,4956,8763335,1.0,4013573,4013537,4013537,8.836,24989467,1902359,16596,767907,6.226,10850504
AHPI,MRY,2016-12-31,2016-06-30,2016-06-30,2018-05-15,0,22478261,23946127,14941661,7536600,1.501,4.553,-99300,1703663,1703663,28592752,-2304831,3.553,0.23,0,0,0,0,0,1228485,0,0.0,0.0,-2003400,-774915,-0.022,-774915,-2003400,-2003400,-0.57,-0.57,-0.57,18272455,19052503,18272455,3082534,-1,-3.978,-336283,-0.084,1.0,7359735,0.205,0,0,16568792,17284072,8875270,0,0,0,4205806,4205806,0,4816288,-336283,0,0,0,0,0,-99300,0,-236983,0,-2304831,-2304831,-2304831,0,0,-0.064,9279061,-1919326,1864603,0.0,0.264,-2.09,-2.105,6747570,0,1.2,0.134,0.134,4094462,-9281795,35952487,35952487,0,-0.096,-0.121,-0.116,-0.056,2946,9279061,1.0,4013573,4013537,4013537,8.958,22478261,725520,301431,0,5.601,10735855
AHPI,MRY,2017-12-31,2017-06-30,2017-06-30,2018-05-15,0,19636649,20786085,13198329,6438320,1.612,4.033,-21048,995704,995704,26956340,-2088666,3.825,0.213,0,0,0,0,0,1090126,0,0.0,0.0,-2052166,-962040,-0.029,-962040,-2052166,-2052166,-0.52,-0.52,-0.52,16186280,16851406,16186280,10795406,-5,-11.221,-707959,-0.176,1.0,6555690,0.196,0,0,15190576,15848647,8511954,0,0,0,3450369,3450369,0,11599121,-707959,0,0,0,0,0,-21048,0,-686911,0,-2088666,-2088666,-2088666,0,0,-0.062,8607584,-2051894,1440403,0.0,0.717,-5.553,-5.558,5734041,0,2.89,0.346,0.346,3362438,-11370461,33512030,33512030,0,-0.1,-0.124,-0.129,-0.061,2491,8607584,1.0,4013537,4013537,4013537,8.35,19636649,696318,36500,0,4.893,9747960
