ticker,dimension,calendardate,datekey,reportperiod,lastupdated,accoci,assets,assetsavg,assetsc,assetsnc,assetturnover,bvps,capex,cashneq,cashnequsd,cor,consolinc,currentratio,de,debt,debtc,debtnc,debtusd,deferredrev,depamor,deposits,divyield,dps,ebit,ebitda,ebitdamargin,ebitdausd,ebitusd,ebt,eps,epsdil,epsusd,equity,equityavg,equityusd,ev,evebit,evebitda,fcf,fcfps,fxusd,gp,grossmargin,intangibles,intexp,invcap,invcapavg,inventory,investments,investmentsc,investmentsnc,liabilities,liabilitiesc,liabilitiesnc,marketcap,ncf,ncfbus,ncfcommon,ncfdebt,ncfdiv,ncff,ncfi,ncfinv,ncfo,ncfx,netinc,netinccmn,netinccmnusd,netincdis,netincnci,netmargin,opex,opinc,payables,payoutratio,pb,pe,pe1,ppnenet,prefdivis,price,ps,ps1,receivables,retearn,revenue,revenueusd,rnd,roa,roe,roic,ros,sbcomp,sgna,sharefactor,sharesbas,shareswa,shareswadil,sps,tangibles,taxassets,taxexp,taxliabilities,tbvps,workingcapital
AIR,MRY,2011-12-31,2011-05-31,2011-05-31,2018-03-21,-18645000,1703727000,1612419500,913985000,789742000,1.119,21.033,-124900000,57433000,57433000,1498000000,69800000,2.197,1.039,443877000,114075000,329802000,443877000,0,59300000,0,0.003,0.075,134100000,193400000,0.107,193400000,134100000,103400000,1.76,1.73,1.76,835845000,795665000,835845000,1440195028,10,7.447,-16300000,-0.41,1.0,307100000,0.17,181097000,30700000,1493064000,1454002750,363399000,48743000,0,48743000,868438000,416010000,452428000,1048713028,-22000000,18300000,-2500000,-3500000,-3000000,-11800000,-118700000,0,108600000,-100000,69800000,69800000,69800000,0,0,0.039,182700000,124400000,185096000,0.043,1.255,15.025,14.994,561639000,0,26.39,0.581,0.581,287435000,486130000,1805100000,1805100000,0,0.043,0.088,0.092,0.074,12300000,182700000,1.0,39739031,39739031,,45.424,1522630000,23583000,33600000,98322000,38.316,497975000
AIR,MRY,2012-12-31,2012-05-31,2012-05-31,2018-03-21,-55200000,2195700000,1997494250,1063300000,1132400000,1.034,21.461,-87100000,67700000,67700000,1746400000,68000000,2.247,1.538,792200000,122800000,669400000,792200000,0,72000000,0,0.025,0.3,130900000,202900000,0.098,202900000,130900000,93200000,1.68,1.65,1.68,864600000,867078250,864600000,1247346640,9,6.148,7100000,0.176,1.0,318600000,0.154,509500000,37700000,1937500000,1824849500,461200000,49900000,0,49900000,1329700000,473200000,856500000,485467640,10300000,-296500000,-3700000,333300000,-12100000,306800000,-390200000,0,94200000,-500000,67700000,67700000,67700000,0,300000,0.033,189400000,129200000,201400000,0.179,0.561,7.171,7.173,594600000,0,12.05,0.235,0.235,302100000,541800000,2065000000,2065000000,0,0.034,0.078,0.072,0.063,12500000,189400000,1.0,40287771,40287771,,51.256,1686200000,22600000,25500000,115900000,41.854,590100000
AIR,MRY,2013-12-31,2013-05-31,2013-05-31,2018-03-21,-42500000,2136900000,2178375000,1033700000,1103200000,0.83,23.119,-37600000,75300000,75300000,1548400000,55000000,2.657,1.325,708600000,86400000,622200000,708600000,0,79700000,0,0.015,0.3,109500000,189200000,0.105,189200000,109500000,80400000,1.38,1.38,1.38,918600000,906500000,918600000,1472451903,13,7.783,125300000,3.154,1.0,259500000,0.144,538300000,29100000,1842900000,2016900000,453700000,31800000,0,31800000,1217400000,389000000,828400000,797051903,7600000,-5900000,-14600000,-92500000,-12800000,-123700000,-32800000,0,162900000,1200000,55000000,55000000,55000000,-6200000,0,0.03,164000000,95500000,149300000,0.217,0.868,14.492,14.536,555600000,0,20.06,0.441,0.441,297400000,584900000,1807900000,1807900000,0,0.025,0.061,0.054,0.061,11100000,164000000,1.0,39733395,39733395,,45.501,1598600000,18000000,25400000,138200000,40.233,644700000
AIR,MRY,2014-12-31,2014-05-31,2014-05-31,2018-03-21,-29300000,2194000000,2173050000,1111400000,1082600000,0.786,25.26,-20800000,89200000,89200000,1420200000,72900000,2.764,1.194,634000000,69700000,564300000,634000000,0,64700000,0,0.012,0.3,132800000,197500000,0.116,197500000,132800000,104500000,1.85,1.83,1.85,999500000,972750000,999500000,1561215765,11,7.905,119000000,3.007,1.0,288900000,0.169,539300000,28300000,1797400000,1840125000,495300000,29900000,0,29900000,1193300000,402100000,791200000,961515765,13900000,0,-1000000,-78900000,-11800000,-85900000,-40900000,0,139800000,900000,72900000,72900000,72900000,-5700000,0,0.043,166300000,122600000,171100000,0.162,0.962,13.19,13.135,550900000,0,24.3,0.563,0.563,283100000,646000000,1709100000,1709100000,0,0.034,0.075,0.072,0.078,8600000,166300000,1.0,39568550,39568550,,43.193,1654700000,24600000,31600000,156700000,41.819,709300000
AIR,MRY,2015-12-31,2015-05-31,2015-05-31,2018-03-21,-40400000,1454100000,2005250000,895800000,558300000,0.809,21.225,-42100000,54700000,54700000,1490600000,10200000,2.174,0.721,151400000,69000000,82400000,151400000,0,58000000,0,0.01,0.3,-1900000,56100000,0.035,56100000,-1900000,-29100000,0.26,0.24,0.26,845100000,947775000,845100000,1752467741,-922,31.238,-85100000,-2.137,1.0,130800000,0.081,160200000,27200000,978600000,1706375000,456000000,20500000,0,20500000,609000000,412000000,197000000,1176167741,-34500000,45800000,-151500000,-520400000,-11900000,-678100000,689200000,0,-43000000,-2600000,10200000,10200000,10200000,-84100000,0,0.006,172400000,-41600000,142300000,1.154,1.392,115.311,113.615,405700000,0,29.54,0.725,0.725,229000000,644300000,1621400000,1621400000,0,0.005,0.011,-0.001,-0.001,7400000,172400000,1.0,39816105,39816105,,40.722,1293900000,0,-39300000,46300000,32.497,483800000
AIR,MRY,2016-12-31,2016-05-31,2016-05-31,2018-03-21,-44400000,1456000000,1514950000,881700000,574300000,1.121,24.916,-88900000,31200000,31200000,1461000000,47700000,2.583,0.682,148100000,12000000,136100000,148100000,0,51100000,0,0.012,0.3,73700000,124800000,0.073,124800000,73700000,67300000,1.37,1.37,1.37,865800000,860900000,865800000,993506271,13,7.961,-56800000,-1.635,1.0,237900000,0.14,153100000,6400000,1078400000,1128500000,452000000,0,0,0,590200000,341400000,248800000,848206271,-23500000,40300000,-18800000,-10600000,-10400000,-38400000,-16900000,0,32100000,-300000,47700000,47700000,47700000,-9400000,0,0.028,173200000,64700000,166300000,0.219,0.98,17.782,17.818,437500000,0,24.41,0.499,0.499,248300000,681600000,1698900000,1698900000,0,0.031,0.055,0.065,0.043,6700000,173200000,1.0,34748311,34748311,,48.892,1302900000,0,19600000,34300000,37.495,540300000
AIR,MRY,2017-12-31,2017-05-31,2017-05-31,2018-03-21,-39900000,1504100000,1479950000,888400000,615700000,1.194,26.634,-33600000,10300000,10300000,1491100000,56500000,2.652,0.645,154200000,100000,154100000,154200000,0,52900000,0,0.009,0.3,86100000,139000000,0.079,139000000,86100000,80600000,1.66,1.64,1.66,914200000,882700000,914200000,1359885835,15,9.783,-11800000,-0.344,1.0,276500000,0.156,135000000,5500000,1178000000,1146700000,433400000,0,0,0,589900000,335000000,254900000,1199285835,-20900000,6200000,-19800000,11000000,-10200000,-12100000,-30100000,0,21800000,-500000,56500000,56500000,56500000,-6300000,0,0.032,196700000,79800000,164200000,0.181,1.312,21.226,21.048,347500000,0,34.94,0.678,0.678,234500000,727900000,1767600000,1767600000,0,0.038,0.064,0.075,0.049,11000000,196700000,1.0,34324151,34324151,,51.497,1369100000,0,24100000,37200000,39.887,553400000
