ticker,dimension,calendardate,datekey,reportperiod,lastupdated,accoci,assets,assetsavg,assetsc,assetsnc,assetturnover,bvps,capex,cashneq,cashnequsd,cor,consolinc,currentratio,de,debt,debtc,debtnc,debtusd,deferredrev,depamor,deposits,divyield,dps,ebit,ebitda,ebitdamargin,ebitdausd,ebitusd,ebt,eps,epsdil,epsusd,equity,equityavg,equityusd,ev,evebit,evebitda,fcf,fcfps,fxusd,gp,grossmargin,intangibles,intexp,invcap,invcapavg,inventory,investments,investmentsc,investmentsnc,liabilities,liabilitiesc,liabilitiesnc,marketcap,ncf,ncfbus,ncfcommon,ncfdebt,ncfdiv,ncff,ncfi,ncfinv,ncfo,ncfx,netinc,netinccmn,netinccmnusd,netincdis,netincnci,netmargin,opex,opinc,payables,payoutratio,pb,pe,pe1,ppnenet,prefdivis,price,ps,ps1,receivables,retearn,revenue,revenueusd,rnd,roa,roe,roic,ros,sbcomp,sgna,sharefactor,sharesbas,shareswa,shareswadil,sps,tangibles,taxassets,taxexp,taxliabilities,tbvps,workingcapital
AIT,MRY,2011-12-31,2011-06-30,2011-06-30,2018-04-28,5059000,914931000,877282000,618914000,296017000,2.522,14.952,-19105000,91092000,91092000,1599739000,96759000,2.883,0.444,0,0,0,0,0,22616000,0,0.02,0.7,154969000,177585000,0.08,177585000,154969000,152888000,2.28,2.24,2.28,633563000,601269750,633563000,1420303041,9,7.998,57737000,1.363,1.0,613110000,0.277,166532000,2081000,442619000,426272500,204066000,0,0,0,281368000,214688000,66680000,1508862041,-84685000,-30504000,-5424000,-75000000,-29751000,-116523000,-47887000,0,76842000,2883000,96759000,96759000,96759000,0,0,0.044,462347000,150763000,108509000,0.307,2.382,15.594,15.618,69014000,0,35.61,0.682,0.682,290751000,668421000,2212849000,2212849000,0,0.11,0.161,0.364,0.07,5852000,462347000,1.0,42371863,42371863,,52.224,748399000,43447000,56129000,0,17.663,404226000
AIT,MRY,2012-12-31,2012-06-30,2012-06-30,2018-04-28,-4569000,962183000,928689750,665762000,296421000,2.558,15.928,-24763000,78442000,78442000,1720973000,108779000,2.892,0.432,0,0,0,0,0,22701000,0,0.022,0.8,167283000,189984000,0.08,189984000,167283000,166826000,2.58,2.54,2.58,672131000,655835000,672131000,1475554692,8,7.767,65659000,1.556,1.0,654472000,0.276,167920000,457000,485652000,472022750,228506000,0,0,0,290052000,230169000,59883000,1554962692,-12650000,-14671000,-30711000,0,-33800000,-60816000,-39434000,0,90422000,-2822000,108779000,108779000,108779000,0,0,0.046,486077000,168395000,120890000,0.31,2.313,14.295,14.283,83103000,0,36.85,0.655,0.655,307043000,743360000,2375445000,2375445000,0,0.117,0.166,0.354,0.07,6650000,486077000,1.0,42197088,42197088,,56.294,794263000,26424000,58047000,0,18.823,435593000
AIT,MRY,2013-12-31,2013-06-30,2013-06-30,2018-04-28,-3421000,1058706000,1033509000,737280000,321426000,2.382,18.026,-11235000,73164000,73164000,1779209000,118149000,2.998,0.394,0,0,0,0,0,25734000,0,0.018,0.88,178286000,204020000,0.083,204020000,178286000,177665000,2.81,2.78,2.81,759615000,730701500,759615000,1993532954,11,9.771,100162000,2.377,1.0,682962000,0.277,198116000,621000,541526000,541509000,281417000,0,0,0,299091000,245900000,53191000,2036615954,-5278000,-67590000,446000,0,-37194000,-38025000,-78825000,0,111397000,175000,118149000,118149000,118149000,0,0,0.048,506563000,176399000,136575000,0.313,2.681,17.238,17.199,83243000,0,48.33,0.827,0.827,329880000,824362000,2462171000,2462171000,0,0.114,0.162,0.329,0.072,6002000,506563000,1.0,42139788,42139788,,58.429,860590000,21026000,59516000,0,20.422,491380000
AIT,MRY,2014-12-31,2014-06-30,2014-06-30,2018-04-28,-1615000,1334169000,1138767000,836148000,498021000,2.16,19.159,-19313000,71189000,71189000,1772952000,112821000,2.874,0.667,170712000,2720000,167992000,170712000,0,28000000,0,0.019,0.96,167162000,195162000,0.079,195162000,167162000,166262000,2.69,2.67,2.69,800308000,782370250,800308000,2079989500,12,10.658,90797000,2.174,1.0,686926000,0.279,353002000,900000,789735000,625226750,335747000,0,0,0,533861000,290955000,242906000,2119075500,-1975000,-184324000,-36636000,168353000,-40410000,92142000,-203637000,0,110110000,-590000,112821000,112821000,112821000,0,0,0.046,522568000,164358000,172401000,0.357,2.648,18.783,18.859,103596000,0,50.73,0.861,0.861,375732000,896776000,2459878000,2459878000,0,0.099,0.144,0.267,0.068,4672000,522568000,1.0,41771644,41771644,,58.889,981167000,21166000,53441000,0,23.489,545193000
AIT,MRY,2015-12-31,2015-06-30,2015-06-30,2018-04-28,-60171000,1432556000,1462019500,846010000,586546000,1.882,18.46,-13001000,69470000,69470000,1981747000,115484000,2.728,0.932,320995000,3349000,317646000,320995000,0,42375000,0,0.026,1.04,183992000,226367000,0.082,226367000,183992000,175871000,2.82,2.8,2.82,741328000,762502500,741328000,1926828949,10,8.512,144006000,3.586,1.0,769814000,0.28,453234000,8121000,920775000,1011399500,362419000,0,0,0,691228000,310072000,381156000,1592317949,-1719000,-160620000,-76280000,150283000,-42663000,22220000,-173621000,0,157007000,-7325000,115484000,115484000,115484000,0,0,0.042,585195000,184619000,179825000,0.369,2.148,13.788,14.06,104447000,0,39.65,0.579,0.579,376305000,969548000,2751561000,2751561000,0,0.079,0.151,0.182,0.067,4461000,585195000,1.0,40159343,40159343,,68.516,979322000,10980000,60387000,0,24.386,535938000
AIT,MRY,2016-12-31,2016-06-30,2016-06-30,2018-04-28,-85546000,1312025000,1343254750,781521000,530504000,1.876,16.858,-12527000,59861000,59861000,1812006000,29577000,2.849,0.994,327830000,3247000,324583000,327830000,0,41546000,0,0.024,1.1,87982000,129528000,0.051,129528000,87982000,78978000,0.75,0.75,0.75,657916000,683112000,657916000,2069937415,23,15.981,149487000,3.83,1.0,707422000,0.281,393940000,9004000,911771000,970509250,338221000,0,0,0,654109000,274283000,379826000,1761698415,-9609000,-62504000,-36569000,7338000,-43330000,-93007000,-75031000,0,162014000,-3585000,29577000,29577000,29577000,0,0,0.012,618621000,88801000,148543000,1.467,2.678,59.563,60.187,107765000,0,45.14,0.699,0.699,347857000,944821000,2519428000,2519428000,0,0.022,0.043,0.091,0.035,4067000,553827000,1.0,39027435,39027435,,64.555,918085000,12277000,49401000,0,23.524,507238000
AIT,MRY,2017-12-31,2017-06-30,2017-06-30,2018-04-28,-81702000,1387595000,1332060250,882542000,505053000,1.947,19.094,-14121000,105057000,105057000,1856051000,133910000,2.849,0.862,291583000,4814000,286769000,291583000,0,39677000,0,0.019,1.14,175797000,215474000,0.083,215474000,175797000,166966000,3.43,3.4,3.43,745256000,703245750,745256000,2558859010,14,11.875,150498000,3.856,1.0,737695000,0.284,369697000,8831000,894671000,922617000,345145000,0,0,0,642339000,309753000,332586000,2304778010,45196000,-2773000,-7586000,-36353000,-44619000,-103349000,-16894000,0,164619000,820000,133910000,133910000,133910000,0,0,0.052,563105000,174590000,180614000,0.332,3.093,17.211,17.216,108068000,0,59.05,0.889,0.889,390931000,1033751000,2593746000,2593746000,0,0.101,0.19,0.191,0.068,5520000,563105000,1.0,39030957,39030957,,66.454,1017898000,0,33056000,0,26.079,572789000
