ticker,dimension,calendardate,datekey,reportperiod,lastupdated,accoci,assets,assetsavg,assetsc,assetsnc,assetturnover,bvps,capex,cashneq,cashnequsd,cor,consolinc,currentratio,de,debt,debtc,debtnc,debtusd,deferredrev,depamor,deposits,divyield,dps,ebit,ebitda,ebitdamargin,ebitdausd,ebitusd,ebt,eps,epsdil,epsusd,equity,equityavg,equityusd,ev,evebit,evebitda,fcf,fcfps,fxusd,gp,grossmargin,intangibles,intexp,invcap,invcapavg,inventory,investments,investmentsc,investmentsnc,liabilities,liabilitiesc,liabilitiesnc,marketcap,ncf,ncfbus,ncfcommon,ncfdebt,ncfdiv,ncff,ncfi,ncfinv,ncfo,ncfx,netinc,netinccmn,netinccmnusd,netincdis,netincnci,netmargin,opex,opinc,payables,payoutratio,pb,pe,pe1,ppnenet,prefdivis,price,ps,ps1,receivables,retearn,revenue,revenueusd,rnd,roa,roe,roic,ros,sbcomp,sgna,sharefactor,sharesbas,shareswa,shareswadil,sps,tangibles,taxassets,taxexp,taxliabilities,tbvps,workingcapital
ALCO,MRY,2011-12-31,2011-09-30,2011-09-30,2018-05-07,0,180035000,185624250,29181000,150854000,0.531,15.048,-11044000,1336000,1336000,75159000,7097000,2.467,0.627,57158000,3279000,53879000,57158000,0,7327000,0,0.005,0.1,14547000,21874000,0.222,21874000,14547000,12527000,0.96,0.96,0.96,110662000,108945250,110662000,207133379,14,9.469,5703000,0.775,1.0,23433000,0.238,0,2020000,224030000,237847000,22373000,14391000,989000,13402000,69373000,11827000,57546000,144358379,-9590000,2484000,-1205000,-16302000,-737000,-18244000,-8093000,467000,16747000,0,7097000,7097000,7097000,0,0,0.072,8196000,15237000,2946000,0.104,1.304,20.341,20.458,128780000,0,19.64,1.464,1.467,2928000,94935000,98592000,98592000,0,0.038,0.065,0.061,0.148,415000,8196000,1.0,7350223,7363000,7363000,13.39,180035000,9371000,5430000,1938000,24.481,17354000
ALCO,MRY,2012-12-31,2012-09-30,2012-09-30,2018-05-07,0,185083000,186768250,51467000,133616000,0.681,17.334,2174000,15828000,15828000,94955000,18489000,3.001,0.451,39900000,3267000,36633000,39900000,0,8429000,0,0.009,0.28,31078000,39507000,0.311,39507000,31078000,29462000,2.51,2.51,2.51,127546000,122037000,127546000,255673947,8,6.472,25809000,3.509,1.0,32232000,0.253,0,1616000,192007000,210319750,27290000,8871000,257000,8614000,57537000,17148000,40389000,229670947,11992000,4735000,-298000,-17258000,-1765000,-19321000,7678000,769000,23635000,0,18489000,18489000,18489000,0,0,0.145,8490000,23742000,4929000,0.112,1.801,12.422,12.442,122834000,0,31.23,1.806,1.806,3071000,111659000,127187000,127187000,0,0.099,0.152,0.148,0.244,458000,8490000,1.0,7354177,7355000,7355000,17.293,185083000,3495000,10973000,2169000,25.154,34319000
ALCO,MRY,2013-12-31,2013-09-30,2013-09-30,2018-05-07,0,198840000,184025000,59795000,139045000,0.552,19.542,5457000,24583000,24583000,79987000,19646000,5.204,0.393,36000000,2000000,34000000,36000000,0,9675000,0,0.008,0.32,32932000,42607000,0.419,42607000,32932000,31675000,2.69,2.67,2.69,142736000,132627500,142736000,330402968,10,7.755,18883000,2.582,1.0,21674000,0.213,0,1257000,198766000,200701250,29403000,8234000,260000,7974000,56104000,11491000,44613000,300705968,11255000,0,-2894000,-3900000,-2048000,-8842000,6671000,0,13426000,0,19646000,19646000,19646000,0,0,0.193,9739000,11935000,1729000,0.119,2.107,15.306,15.305,131071000,0,41.17,2.958,2.962,4266000,128679000,101661000,101661000,0,0.107,0.148,0.164,0.324,923000,9739000,1.0,7304007,7313000,7357000,13.901,198840000,0,12029000,9389000,27.223,48304000
ALCO,MRY,2014-12-31,2014-09-30,2014-09-30,2018-05-07,0,257580000,211987500,125712000,131868000,0.491,21.982,-13280000,31020000,31020000,82809000,9495000,6.082,0.591,65898000,3455000,62443000,65898000,0,9638000,0,0.009,0.36,23246000,32884000,0.316,32884000,23246000,20878000,1.29,1.29,1.29,161851000,146357000,161851000,290803629,12,8.843,11783000,1.606,1.0,21194000,0.204,0,2368000,271788000,219536000,25469000,0,0,0,95729000,20670000,75059000,280495629,3879000,-32769000,-4844000,9033000,-3385000,804000,-21988000,0,25063000,0,9495000,9495000,9495000,0,0,0.091,11827000,9367000,2053000,0.279,1.733,29.541,29.535,126833000,0,38.1,2.697,2.687,8441000,134968000,104003000,104003000,0,0.045,0.065,0.106,0.224,1835000,11811000,1.0,7362090,7336000,7354000,14.177,257580000,0,11383000,7707000,34.983,105042000
ALCO,MRY,2015-12-31,2015-09-30,2015-09-30,2018-05-07,0,460088000,455045250,70763000,389325000,0.337,20.525,-11523000,5474000,5474000,117668000,13183000,2.932,1.667,206346000,4788000,201558000,206346000,0,14732000,0,0.006,0.24,32485000,47217000,0.308,47217000,32485000,24119000,1.64,1.64,1.64,170704000,168048000,170704000,537426077,16,11.382,22203000,2.756,1.0,35458000,0.232,2246000,8366000,634580000,637660750,58273000,0,0,0,284577000,24134000,260443000,336140077,-25656000,-265587000,-4013000,126399000,-1877000,117675000,-177057000,0,33726000,0,13214000,13214000,13214000,0,-31000,0.086,16690000,18768000,4407000,0.146,1.969,25.438,24.75,381099000,0,40.59,2.195,2.135,3137000,146455000,153126000,153126000,0,0.029,0.079,0.051,0.212,952000,16494000,1.0,8281352,8056000,8061000,19.008,457842000,2088000,10905000,151000,55.049,46629000
ALCO,MRY,2016-12-31,2016-09-30,2016-09-30,2018-05-07,0,455445000,461940000,71871000,383574000,0.312,20.865,-14305000,6625000,6625000,109137000,6959000,3.848,1.598,200539000,4493000,196046000,200539000,0,15382000,0,0.009,0.24,22407000,37789000,0.262,37789000,22407000,12514000,0.84,0.84,0.84,173490000,172199750,173490000,411131270,18,10.88,16052000,1.933,1.0,35059000,0.243,2246000,9893000,628435000,642286000,58469000,0,0,0,277182000,18678000,258504000,223355270,1151000,0,-3141000,-3538000,-1993000,-16172000,-13034000,0,30357000,0,6993000,6993000,6993000,0,-34000,0.048,13304000,21755000,5975000,0.286,1.287,31.94,31.976,379247000,0,26.86,1.549,1.547,4740000,151504000,144196000,144196000,0,0.015,0.041,0.035,0.155,925000,13213000,1.0,8315535,8303000,8311000,17.367,453199000,1013000,5521000,0,54.504,53193000
ALCO,MRY,2017-12-31,2017-09-30,2017-09-30,2018-05-07,0,419182000,446778750,66489000,352693000,0.291,19.46,-13353000,3395000,3395000,120899000,-9496000,4.16,1.58,184709000,4550000,180159000,184709000,0,15226000,0,0.007,0.24,-4156000,11070000,0.085,11070000,-4156000,-13297000,-1.14,-1.14,-1.14,160641000,172438000,160641000,459272132,-110,41.488,14876000,1.792,1.0,8930000,0.069,2246000,9141000,582267000,623685250,36204000,0,0,0,253813000,15983000,237830000,281860132,-3230000,0,-3064000,-16323000,-1987000,-21374000,-10085000,0,28229000,0,-9451000,-9451000,-9451000,0,-45000,-0.073,15164000,-6234000,3192000,-0.211,1.755,-29.823,-29.956,349337000,0,34.15,2.171,2.183,4286000,140033000,129829000,129829000,0,-0.021,-0.055,-0.007,-0.032,1653000,15024000,1.0,8253591,8300000,8300000,15.642,416936000,0,-3846000,27108000,50.507,50506000
