ticker,dimension,calendardate,datekey,reportperiod,lastupdated,accoci,assets,assetsavg,assetsc,assetsnc,assetturnover,bvps,capex,cashneq,cashnequsd,cor,consolinc,currentratio,de,debt,debtc,debtnc,debtusd,deferredrev,depamor,deposits,divyield,dps,ebit,ebitda,ebitdamargin,ebitdausd,ebitusd,ebt,eps,epsdil,epsusd,equity,equityavg,equityusd,ev,evebit,evebitda,fcf,fcfps,fxusd,gp,grossmargin,intangibles,intexp,invcap,invcapavg,inventory,investments,investmentsc,investmentsnc,liabilities,liabilitiesc,liabilitiesnc,marketcap,ncf,ncfbus,ncfcommon,ncfdebt,ncfdiv,ncff,ncfi,ncfinv,ncfo,ncfx,netinc,netinccmn,netinccmnusd,netincdis,netincnci,netmargin,opex,opinc,payables,payoutratio,pb,pe,pe1,ppnenet,prefdivis,price,ps,ps1,receivables,retearn,revenue,revenueusd,rnd,roa,roe,roic,ros,sbcomp,sgna,sharefactor,sharesbas,shareswa,shareswadil,sps,tangibles,taxassets,taxexp,taxliabilities,tbvps,workingcapital
ALKS,MRY,2011-12-31,2011-03-31,2011-03-31,2018-04-26,-3013000,452448000,460189500,252960000,199488000,0.406,4.086,-9006000,38394000,38394000,52185000,-45540000,5.264,0.154,0,0,0,0,7960000,8652000,0,0.0,0.0,-43193000,-34541000,-0.185,-34541000,-43193000,-46491000,-0.48,-0.48,-0.48,392018000,398494250,392018000,1200749321,-27,-34.763,-14912000,-0.156,1.0,134455000,0.72,0,3298000,365997000,370895000,20425000,256336000,162928000,93408000,60430000,48057000,12373000,1239611321,-40930000,-501000,6158000,-45397000,0,-40653000,5629000,15136000,-5906000,0,-45540000,-45540000,-45540000,0,0,-0.244,180086000,-45631000,44934000,0.0,3.162,-27.22,-26.979,95020000,0,12.95,6.642,6.634,22969000,-411228000,186640000,186640000,97239000,-0.099,-0.114,-0.116,-0.231,19832000,82847000,1.0,95722882,95610000,95610000,1.952,452448000,0,-951000,0,4.716,204903000
ALKS,MRY,2012-12-31,2012-03-31,2012-03-31,2018-04-26,-2713000,1435217000,1224095750,339153000,1096064000,0.319,6.575,-16953000,83601000,83601000,127578000,-113678000,3.804,0.681,444460000,3100000,441360000,444460000,14488000,47884000,0,0.0,0.0,-86281000,-38397000,-0.098,-38397000,-86281000,-114392000,-0.99,-0.99,-0.99,853852000,765568500,853852000,2766049204,-32,-72.038,-19435000,-0.169,1.0,262399000,0.673,710585000,28111000,996327000,832231250,39759000,162537000,106846000,55691000,581365000,89164000,492201000,2406612204,45207000,-495005000,20864000,443325000,0,464848000,-417159000,94799000,-2482000,0,-113678000,-113678000,-113678000,0,0,-0.291,350680000,-88281000,79154000,0.0,2.819,-21.17,-18.737,302995000,0,18.55,6.171,5.456,96381000,-524906000,389977000,389977000,141893000,-0.093,-0.148,-0.104,-0.221,24491000,137632000,1.0,129736507,114702000,114702000,3.4,724632000,0,-714000,34512000,5.58,249989000
ALKS,MRY,2013-12-31,2013-03-31,2013-03-31,2018-04-26,-2518000,1470291000,1424567000,408588000,1061703000,0.404,7.147,-22024000,96961000,96961000,170466000,24983000,4.755,0.544,369008000,6750000,362258000,369008000,11136000,73751000,0,0.0,0.0,84435000,158186000,0.275,158186000,84435000,35441000,0.19,0.18,0.19,952374000,909951750,952374000,3389265160,40,21.426,104527000,0.794,1.0,405082000,0.704,668733000,48994000,987675000,939889000,43483000,207218000,124391000,82827000,517917000,85930000,431987000,3156058160,13360000,0,34360000,-83461000,0,-45043000,-68148000,-46124000,126551000,0,24983000,24983000,24983000,0,0,0.043,323269000,81813000,76910000,0.0,3.314,126.328,124.737,288435000,0,23.7,5.484,5.424,124620000,-499923000,575548000,575548000,140013000,0.018,0.027,0.09,0.147,25849000,125758000,1.0,133167011,131713000,137100000,4.37,801558000,0,10458000,37603000,6.016,322658000
ALKS,MRY,2014-12-31,2014-12-31,2014-12-31,2018-04-26,-3136000,1919058000,1862495750,876793000,1042265000,0.332,9.509,10714000,224064000,224064000,175832000,-30061000,6.715,0.374,355756000,6750000,349006000,355756000,14375000,98087000,0,0.0,0.0,-599000,97488000,0.158,97488000,-599000,-14029000,-0.21,-0.21,-0.21,1396837000,1355438750,1396837000,8786685757,-14668,90.131,21853000,0.15,1.0,442957000,0.716,573624000,13430000,1346544000,1341803000,51357000,577582000,407102000,170480000,522221000,130582000,391639000,8563316757,56502000,27190000,295983000,-6750000,0,308760000,-263397000,-301301000,11139000,0,-30061000,-30061000,-30061000,0,0,-0.049,530101000,-87144000,121258000,0.0,6.131,-284.865,-278.857,265740000,0,58.56,13.839,13.748,151551000,-512335000,618789000,618789000,272043000,-0.016,-0.022,0.0,-0.001,27212000,199905000,1.0,146231502,145274000,145274000,4.259,1345434000,21724000,16032000,18918000,9.159,746211000
ALKS,MRY,2015-12-31,2015-12-31,2015-12-31,2018-04-26,-3795000,1855744000,1894037250,754962000,1100782000,0.332,8.742,-52342000,181109000,181109000,138989000,-227163000,3.196,0.412,349944000,65737000,284207000,349944000,9710000,85596000,0,0.0,0.0,-210758000,-125162000,-0.199,-125162000,-210758000,-224005000,-1.52,-1.52,-1.52,1314275000,1375122500,1314275000,12042491405,-57,-96.215,-92702000,-0.621,1.0,489346000,0.779,472059000,13247000,1316313000,1369652500,38411000,617740000,353669000,264071000,541469000,236207000,305262000,11911608405,-42955000,49966000,44969000,-6750000,0,40891000,-43486000,-41110000,-40360000,0,-227163000,-227163000,-227163000,0,0,-0.362,713647000,-224301000,168735000,0.0,9.063,-52.436,-52.224,254819000,0,79.38,18.957,18.85,155487000,-739498000,628335000,628335000,344404000,-0.12,-0.165,-0.154,-0.335,68765000,311558000,1.0,150058055,149206000,149206000,4.211,1383685000,40856000,3158000,0,9.204,518755000
ALKS,MRY,2016-12-31,2016-12-31,2016-12-31,2018-04-26,-3274000,1726423000,1753493000,790678000,935745000,0.425,7.949,-43463000,186378000,186378000,132122000,-208444000,3.73,0.427,283666000,3000000,280666000,283666000,9060000,94256000,0,0.0,0.0,-199498000,-105242000,-0.141,-105242000,-199498000,-214387000,-1.38,-1.38,-1.38,1209481000,1231944750,1209481000,8529856389,-42,-81.05,-107265000,-0.708,1.0,613572000,0.823,411100000,14889000,1200618000,1223726500,62998000,432787000,310856000,121931000,516942000,211993000,304949000,8446519389,5269000,-15000000,20308000,-69242000,0,-58172000,127243000,185706000,-63802000,0,-208444000,-208444000,-208444000,0,0,-0.28,822237000,-208665000,207055000,0.0,6.984,-40.522,-40.275,264785000,0,55.58,11.327,11.291,191102000,-947942000,745694000,745694000,387148000,-0.119,-0.169,-0.163,-0.268,90167000,374130000,1.0,151970482,151484000,151484000,4.923,1315323000,47768000,-5943000,0,8.645,578685000
ALKS,MRY,2017-12-31,2017-12-31,2017-12-31,2018-04-26,-3792000,1797227000,1751680750,808844000,988383000,0.516,7.817,-51138000,191296000,191296000,154748000,-157945000,2.778,0.494,281436000,3000000,278436000,281436000,0,98523000,0,0.0,0.0,-131266000,-32743000,-0.036,-32743000,-131266000,-143274000,-1.03,-1.03,-1.03,1202808000,1202219750,1202808000,8533027648,-65,-260.606,-31948000,-0.208,1.0,748626000,0.829,349041000,12008000,1247204000,1241902750,93275000,399420000,242208000,157212000,594419000,291122000,303297000,8416156648,4918000,0,23517000,-3000000,0,4084000,-18356000,32782000,19190000,0,-157945000,-157945000,-157945000,0,0,-0.175,896526000,-147900000,286166000,0.0,6.997,-53.285,-53.136,284736000,0,54.73,9.316,9.294,233590000,-1044365000,903374000,903374000,412889000,-0.09,-0.131,-0.106,-0.145,83917000,421578000,1.0,153775930,153415000,153415000,5.888,1448186000,98560000,14671000,0,9.412,517722000
