ticker,dimension,calendardate,datekey,reportperiod,lastupdated,accoci,assets,assetsavg,assetsc,assetsnc,assetturnover,bvps,capex,cashneq,cashnequsd,cor,consolinc,currentratio,de,debt,debtc,debtnc,debtusd,deferredrev,depamor,deposits,divyield,dps,ebit,ebitda,ebitdamargin,ebitdausd,ebitusd,ebt,eps,epsdil,epsusd,equity,equityavg,equityusd,ev,evebit,evebitda,fcf,fcfps,fxusd,gp,grossmargin,intangibles,intexp,invcap,invcapavg,inventory,investments,investmentsc,investmentsnc,liabilities,liabilitiesc,liabilitiesnc,marketcap,ncf,ncfbus,ncfcommon,ncfdebt,ncfdiv,ncff,ncfi,ncfinv,ncfo,ncfx,netinc,netinccmn,netinccmnusd,netincdis,netincnci,netmargin,opex,opinc,payables,payoutratio,pb,pe,pe1,ppnenet,prefdivis,price,ps,ps1,receivables,retearn,revenue,revenueusd,rnd,roa,roe,roic,ros,sbcomp,sgna,sharefactor,sharesbas,shareswa,shareswadil,sps,tangibles,taxassets,taxexp,taxliabilities,tbvps,workingcapital
ALOG,MRY,2011-12-31,2011-07-31,2011-07-31,2018-03-07,11497000,521552000,506619500,383213000,138339000,0.935,34.19,-21107000,169656000,169656000,300632000,17833000,4.314,0.232,0,0,0,0,9249000,17798000,0,0.007,0.4,22145000,39943000,0.084,39943000,22145000,22145000,1.43,1.42,1.43,423472000,418296500,423472000,521527008,23,13.057,8786000,0.703,1.0,172963000,0.365,40846000,0,222224000,219032750,105483000,0,0,0,98080000,88826000,9254000,675137008,402000,10121000,-14866000,0,-5154000,-20152000,-10986000,0,29893000,1647000,17833000,17833000,17833000,-1213000,0,0.038,152227000,20736000,37478000,0.28,1.594,37.859,37.615,83157000,0,53.79,1.426,1.419,88558000,325941000,473595000,473595000,63125000,0.035,0.043,0.101,0.047,9770000,82036000,1.0,12551348,12491000,12572000,37.915,480706000,17896000,4312000,5983000,38.81,294387000
ALOG,MRY,2012-12-31,2012-07-31,2012-07-31,2018-03-07,2303000,557996000,529700000,408795000,149201000,0.975,38.311,-30399000,187011000,187011000,323387000,43071000,4.09,0.25,0,0,0,0,11551000,17775000,2772000,0.006,0.4,44199000,61974000,0.12,61974000,44199000,44199000,3.51,3.42,3.51,446319000,433586750,446319000,594143858,13,9.587,43311000,3.531,1.0,193184000,0.374,36189000,0,234857000,229949000,108944000,0,0,0,111677000,99939000,11738000,783688858,17355000,0,-21731000,0,-4980000,-26527000,-27899000,2500000,73710000,-1929000,43071000,43071000,43071000,0,0,0.083,153221000,39963000,38200000,0.114,1.756,18.195,18.239,96769000,0,64.02,1.517,1.52,96117000,343186000,516571000,516571000,57230000,0.081,0.099,0.192,0.086,13212000,95991000,1.0,12241313,12265000,12576000,42.117,521807000,20535000,1128000,10345000,44.79,308856000
ALOG,MRY,2013-12-31,2013-07-31,2013-07-31,2018-03-07,9148000,587784000,564478000,360413000,227371000,0.975,40.238,-25405000,113033000,113033000,333684000,31121000,3.965,0.208,0,0,0,0,9218000,17275000,3256000,0.006,0.4,44097000,61372000,0.112,61372000,44097000,44097000,2.54,2.48,2.54,486396000,469083500,486396000,783187353,17,12.761,16038000,1.31,1.0,216679000,0.394,105598000,0,278259000,272794000,116280000,0,0,0,101388000,90894000,10494000,874534353,-73978000,-79273000,-7922000,-784000,-5114000,-12107000,-104678000,0,41443000,1364000,31121000,31121000,31121000,0,0,0.057,171304000,45375000,32138000,0.157,1.798,28.101,28.106,110983000,0,71.39,1.589,1.589,113150000,362255000,550363000,550363000,63990000,0.055,0.066,0.162,0.08,9548000,103795000,1.0,12250096,12247000,12569000,44.939,482186000,13242000,12976000,9122000,39.89,269519000
ALOG,MRY,2014-12-31,2014-07-31,2014-07-31,2018-03-07,7805000,614342000,595432000,373774000,240568000,0.869,41.494,-17257000,114540000,114540000,297845000,34480000,4.423,0.199,0,0,0,0,10761000,22057000,3046000,0.006,0.4,29038000,51095000,0.099,51095000,29038000,29038000,2.78,2.72,2.78,512580000,500575250,512580000,770436236,26,15.079,30674000,2.473,1.0,219703000,0.425,114321000,0,300968000,284460250,124777000,0,0,0,101762000,84513000,17249000,889884236,1507000,-10561000,-17260000,0,-4962000,-18240000,-28533000,-715000,47931000,349000,34480000,34480000,34480000,0,0,0.067,190615000,29088000,37241000,0.144,1.736,25.809,25.867,114165000,0,71.91,1.719,1.723,106436000,378477000,517548000,517548000,73828000,0.058,0.069,0.102,0.056,7530000,113304000,1.0,12374972,12404000,12667000,41.724,500021000,26074000,-5442000,7868000,40.478,289261000
ALOG,MRY,2015-12-31,2015-07-31,2015-07-31,2018-03-07,-4506000,624579000,613970750,396578000,228001000,0.88,42.769,-9395000,123800000,123800000,310804000,33481000,4.97,0.175,0,0,0,0,5200000,23307000,3991000,0.005,0.4,41033000,64340000,0.119,64340000,41033000,41033000,2.7,2.66,2.7,531410000,519257000,531410000,882274823,21,13.713,29315000,2.363,1.0,229487000,0.425,106949000,0,314036000,305859500,132712000,0,0,0,93169000,79794000,13375000,1002109823,9260000,-1600000,-8811000,0,-5111000,-12788000,-10995000,0,38710000,-5667000,33481000,33481000,33481000,0,0,0.062,188888000,40599000,30493000,0.148,1.886,29.931,29.833,106299000,0,80.55,1.855,1.85,119301000,394757000,540291000,540291000,68462000,0.055,0.064,0.134,0.076,9804000,120780000,1.0,12440842,12407000,12606000,43.547,517630000,22538000,7552000,6631000,41.66,316784000
ALOG,MRY,2016-12-31,2016-07-31,2016-07-31,2018-03-07,-8460000,632897000,634282500,388804000,244093000,0.802,42.934,-13015000,118697000,118697000,280783000,12127000,4.955,0.191,0,0,0,0,5359000,22952000,3476000,0.005,0.4,20316000,43268000,0.085,43268000,20316000,20316000,0.98,0.96,0.98,531177000,527721000,531177000,911697101,44,21.071,19972000,1.61,1.0,228065000,0.448,119109000,0,316624000,308634000,145513000,0,0,0,101720000,78467000,23253000,1039821101,-5103000,-8424000,-11698000,0,-4964000,-16767000,-21439000,0,32987000,116000,12127000,12127000,12127000,0,0,0.024,202852000,25213000,28575000,0.408,1.958,85.744,85.735,107790000,0,84.02,2.043,2.048,112412000,390013000,508848000,508848000,67119000,0.019,0.023,0.066,0.04,8469000,126092000,1.0,12375876,12402000,12615000,41.03,513788000,13675000,8189000,3784000,41.528,310337000
ALOG,MRY,2017-12-31,2017-07-31,2017-07-31,2018-03-07,-5139000,538083000,592145000,370705000,167378000,0.821,36.979,-9059000,129298000,129298000,287081000,-74237000,5.524,0.168,0,0,0,0,4774000,24625000,3538000,0.006,0.4,-66263000,-41638000,-0.086,-41638000,-66263000,-66263000,-5.96,-5.96,-5.96,460494000,504471500,460494000,716797925,-10,-17.215,66067000,5.304,1.0,199291000,0.41,28269000,0,313406000,303962750,130575000,44968000,18797000,26171000,77589000,67110000,10479000,875430925,10601000,0,-3251000,0,-5002000,-9994000,-54027000,-44968000,75126000,-504000,-74237000,-74237000,-74237000,0,0,-0.153,266051000,-66760000,27179000,-0.067,1.901,-11.792,-11.779,102676000,0,70.2,1.8,1.798,77587000,307104000,486372000,486372000,63505000,-0.125,-0.147,-0.218,-0.136,9271000,110869000,1.0,12470526,12456000,12456000,39.047,509814000,9854000,7974000,1442000,40.939,303595000
