ticker,dimension,calendardate,datekey,reportperiod,lastupdated,accoci,assets,assetsavg,assetsc,assetsnc,assetturnover,bvps,capex,cashneq,cashnequsd,cor,consolinc,currentratio,de,debt,debtc,debtnc,debtusd,deferredrev,depamor,deposits,divyield,dps,ebit,ebitda,ebitdamargin,ebitdausd,ebitusd,ebt,eps,epsdil,epsusd,equity,equityavg,equityusd,ev,evebit,evebitda,fcf,fcfps,fxusd,gp,grossmargin,intangibles,intexp,invcap,invcapavg,inventory,investments,investmentsc,investmentsnc,liabilities,liabilitiesc,liabilitiesnc,marketcap,ncf,ncfbus,ncfcommon,ncfdebt,ncfdiv,ncff,ncfi,ncfinv,ncfo,ncfx,netinc,netinccmn,netinccmnusd,netincdis,netincnci,netmargin,opex,opinc,payables,payoutratio,pb,pe,pe1,ppnenet,prefdivis,price,ps,ps1,receivables,retearn,revenue,revenueusd,rnd,roa,roe,roic,ros,sbcomp,sgna,sharefactor,sharesbas,shareswa,shareswadil,sps,tangibles,taxassets,taxexp,taxliabilities,tbvps,workingcapital
AMAT,MRY,2011-12-31,2011-10-30,2011-10-30,2018-02-22,6000000,13861000000,12798750000,10355000000,3506000000,0.822,6.702,-79000000,5960000000,5960000000,6157000000,1926000000,3.706,0.575,1947000000,0,1947000000,1947000000,1116000000,246000000,0,0.024,0.3,2437000000,2683000000,0.255,2683000000,2437000000,2378000000,1.46,1.45,1.46,8800000000,8343000000,8800000000,13556247252,5,5.053,2350000000,1.782,1.0,4360000000,0.415,1546000000,59000000,5508000000,5366750000,1701000000,1214000000,283000000,931000000,5061000000,2794000000,2267000000,16627247252,4102000000,0,-373000000,1730000000,-397000000,960000000,707000000,786000000,2429000000,6000000,1926000000,1926000000,1926000000,0,0,0.183,1962000000,2398000000,1520000000,0.205,1.889,8.633,8.644,866000000,0,12.62,1.581,1.583,1532000000,13029000000,10517000000,10517000000,1118000000,0.15,0.231,0.454,0.232,146000000,901000000,1.0,1317531478,1319000000,1330000000,7.973,12315000000,743000000,452000000,262000000,9.379,7561000000
AMAT,MRY,2012-12-31,2012-10-28,2012-10-28,2018-02-22,-61000000,12102000000,13224000000,5102000000,7000000000,0.659,5.94,-162000000,1392000000,1392000000,5406000000,109000000,2.253,0.673,1946000000,0,1946000000,1946000000,755000000,422000000,0,0.032,0.34,411000000,833000000,0.096,833000000,411000000,316000000,0.09,0.09,0.09,7235000000,8231750000,7235000000,13596323358,33,16.322,1689000000,1.334,1.0,3313000000,0.38,4873000000,95000000,5518000000,5867250000,1272000000,1600000000,545000000,1055000000,4867000000,2265000000,2602000000,13179323358,-4568000000,-4190000000,-1320000000,0,-434000000,-1754000000,-4660000000,-308000000,1851000000,-5000000,109000000,109000000,109000000,0,0,0.013,2902000000,411000000,1510000000,3.778,1.822,120.911,118.333,910000000,0,10.65,1.512,1.546,1220000000,12700000000,8719000000,8719000000,1237000000,0.008,0.013,0.07,0.047,182000000,1076000000,1.0,1237495151,1266000000,1277000000,6.887,7229000000,162000000,207000000,0,5.935,2837000000
AMAT,MRY,2013-12-31,2013-10-27,2013-10-27,2018-02-22,-38000000,12043000000,11800750000,5642000000,6401000000,0.636,5.882,-190000000,1711000000,1711000000,4518000000,256000000,2.309,0.699,1946000000,0,1946000000,1946000000,794000000,410000000,0,0.021,0.38,445000000,855000000,0.114,855000000,445000000,350000000,0.21,0.21,0.21,7088000000,7020250000,7088000000,21497042952,48,25.143,433000000,0.36,1.0,2991000000,0.398,4397000000,95000000,5438000000,5376250000,1413000000,1185000000,180000000,1005000000,4955000000,2443000000,2512000000,21296042952,319000000,-1000000,-86000000,0,-456000000,-519000000,215000000,406000000,623000000,0,256000000,256000000,256000000,0,0,0.034,2559000000,432000000,1649000000,1.81,3.005,83.188,84.31,850000000,0,17.705,2.836,2.834,1633000000,12487000000,7509000000,7509000000,1320000000,0.022,0.036,0.083,0.059,139000000,891000000,1.0,1202826487,1202000000,1219000000,6.247,7646000000,149000000,94000000,0,6.345,3199000000
AMAT,MRY,2014-12-31,2014-10-26,2014-10-26,2018-02-22,-76000000,13174000000,12694750000,6967000000,6207000000,0.715,6.444,-216000000,3002000000,3002000000,5229000000,1072000000,2.468,0.674,1947000000,0,1947000000,1947000000,940000000,375000000,0,0.019,0.4,1543000000,1918000000,0.211,1918000000,1543000000,1448000000,0.88,0.87,0.88,7868000000,7567000000,7868000000,24795096692,16,12.928,1584000000,1.304,1.0,3843000000,0.424,4255000000,95000000,5041000000,5083250000,1567000000,1095000000,160000000,935000000,5306000000,2823000000,2483000000,25574096692,1291000000,-12000000,107000000,0,-485000000,-348000000,-161000000,67000000,1800000000,0,1072000000,1072000000,1072000000,0,0,0.118,2353000000,1490000000,1883000000,0.455,3.25,23.856,23.852,861000000,0,20.99,2.819,2.811,1670000000,13072000000,9072000000,9072000000,1428000000,0.084,0.142,0.304,0.17,147000000,925000000,1.0,1218394316,1215000000,1231000000,7.467,8919000000,156000000,376000000,0,7.305,4144000000
AMAT,MRY,2015-12-31,2015-10-25,2015-10-25,2018-02-22,-92000000,15308000000,13780250000,9261000000,6047000000,0.701,6.446,-215000000,4797000000,4797000000,5707000000,1377000000,2.438,1.011,4542000000,1200000000,3342000000,4542000000,765000000,371000000,0,0.024,0.4,1701000000,2072000000,0.215,2072000000,1701000000,1598000000,1.13,1.12,1.13,7613000000,8003250000,7613000000,18711183215,11,9.03,948000000,0.781,1.0,3952000000,0.409,4064000000,103000000,7191000000,5787500000,1833000000,1114000000,168000000,946000000,7695000000,3798000000,3897000000,19738183215,1795000000,-4000000,-1237000000,2581000000,-487000000,913000000,-281000000,-62000000,1163000000,0,1377000000,1377000000,1377000000,0,0,0.143,2348000000,1604000000,1833000000,0.354,2.593,14.334,14.549,892000000,0,16.44,2.044,2.066,1739000000,13967000000,9659000000,9659000000,1451000000,0.1,0.172,0.294,0.176,131000000,897000000,1.0,1200619417,1214000000,1226000000,7.956,11244000000,145000000,221000000,0,9.521,5463000000
AMAT,MRY,2016-12-31,2016-10-30,2016-10-30,2018-02-22,-115000000,14570000000,13667500000,8353000000,6217000000,0.792,6.664,-253000000,3406000000,3406000000,6314000000,1721000000,2.3,1.019,3125000000,0,3125000000,3125000000,1376000000,389000000,0,0.014,0.4,2168000000,2557000000,0.236,2557000000,2168000000,2013000000,1.56,1.54,1.56,7217000000,6942250000,7217000000,31493417913,14,12.317,2213000000,1.999,1.0,4511000000,0.417,3891000000,155000000,6766000000,7209750000,2050000000,1272000000,343000000,929000000,7353000000,3632000000,3721000000,30978417913,-1391000000,-16000000,-1804000000,-1207000000,-444000000,-3432000000,-425000000,-156000000,2466000000,0,1721000000,1721000000,1721000000,0,0,0.159,2359000000,2152000000,2256000000,0.256,4.292,18.0,18.372,937000000,0,28.66,2.862,2.931,2279000000,15252000000,10825000000,10825000000,1540000000,0.126,0.248,0.301,0.2,178000000,819000000,1.0,1080893856,1107000000,1116000000,9.779,10679000000,460000000,292000000,0,9.861,4721000000
AMAT,MRY,2017-12-31,2017-10-29,2017-10-29,2018-02-22,-64000000,19419000000,17995250000,12918000000,6501000000,0.808,8.787,-345000000,5010000000,5010000000,8005000000,3434000000,3.139,1.077,5304000000,0,5304000000,5304000000,1665000000,407000000,0,0.007,0.4,3929000000,4336000000,0.298,4336000000,3929000000,3731000000,3.2,3.17,3.2,9349000000,8491000000,9349000000,60484157383,15,13.949,3264000000,3.042,1.0,6532000000,0.449,3780000000,198000000,11818000000,10160000000,2930000000,3409000000,2266000000,1143000000,10070000000,4115000000,5955000000,60459157383,1604000000,-68000000,-1075000000,1971000000,-430000000,521000000,-2526000000,-2113000000,3609000000,0,3434000000,3434000000,3434000000,0,0,0.236,2664000000,3868000000,2450000000,0.125,6.467,17.606,17.716,1066000000,0,56.69,4.159,4.184,2338000000,18258000000,14537000000,14537000000,1774000000,0.191,0.404,0.387,0.27,165000000,890000000,1.0,1066487165,1073000000,1084000000,13.548,15639000000,512000000,297000000,392000000,14.698,8803000000
