ticker,dimension,calendardate,datekey,reportperiod,lastupdated,accoci,assets,assetsavg,assetsc,assetsnc,assetturnover,bvps,capex,cashneq,cashnequsd,cor,consolinc,currentratio,de,debt,debtc,debtnc,debtusd,deferredrev,depamor,deposits,divyield,dps,ebit,ebitda,ebitdamargin,ebitdausd,ebitusd,ebt,eps,epsdil,epsusd,equity,equityavg,equityusd,ev,evebit,evebitda,fcf,fcfps,fxusd,gp,grossmargin,intangibles,intexp,invcap,invcapavg,inventory,investments,investmentsc,investmentsnc,liabilities,liabilitiesc,liabilitiesnc,marketcap,ncf,ncfbus,ncfcommon,ncfdebt,ncfdiv,ncff,ncfi,ncfinv,ncfo,ncfx,netinc,netinccmn,netinccmnusd,netincdis,netincnci,netmargin,opex,opinc,payables,payoutratio,pb,pe,pe1,ppnenet,prefdivis,price,ps,ps1,receivables,retearn,revenue,revenueusd,rnd,roa,roe,roic,ros,sbcomp,sgna,sharefactor,sharesbas,shareswa,shareswadil,sps,tangibles,taxassets,taxexp,taxliabilities,tbvps,workingcapital
AMCC,MRY,2011-12-31,2011-03-31,2011-03-31,2017-02-04,-1597000,308657000,320846750,232964000,75693000,0.772,4.076,-9375000,84402000,84402000,95282000,-1006000,4.973,0.179,0,0,0,0,2407000,24410000,0,0.0,0.0,-607000,23803000,0.096,23803000,-607000,-607000,-0.02,-0.02,-0.02,261810000,276777500,261810000,587350391,-967,24.675,21580000,0.331,1.0,152428000,0.615,36571000,0,140837000,174306500,26561000,83649000,83649000,0,46847000,46847000,0,672097391,-38124000,-31484000,-16506000,0,0,-29807000,-39272000,1587000,30955000,0,-1006000,-1006000,-1006000,0,0,-0.004,163722000,-11294000,24431000,0.0,2.567,-668.089,-519.0,32023000,0,10.38,2.713,2.73,19997000,-5628266000,247710000,247710000,108732000,-0.003,-0.004,-0.003,-0.002,16684000,49173000,1.0,64749267,65160000,65160000,3.802,272086000,0,399000,0,4.236,186117000
AMCC,MRY,2012-12-31,2012-03-31,2012-03-31,2017-02-04,-1765000,269052000,273754500,190861000,78191000,0.843,2.748,-13264000,28065000,28065000,98804000,-82688000,2.64,0.59,0,0,0,0,2137000,15190000,0,0.0,0.0,-81760000,-66570000,-0.288,-66570000,-81760000,-81760000,-1.33,-1.33,-1.33,169236000,217091500,169236000,374284642,-4,-5.622,-22616000,-0.363,1.0,132083000,0.572,29817000,0,138884000,149257000,23244000,85781000,85781000,0,99816000,72286000,27530000,424515642,-56337000,0,-14116000,0,0,-27147000,-19838000,-6574000,-9352000,0,-82688000,-82688000,-82688000,0,0,-0.358,225527000,-93444000,21383000,0.0,2.508,-5.134,-5.218,38100000,0,6.94,1.839,1.871,22666000,-5710954000,230887000,230887000,175656000,-0.302,-0.381,-0.548,-0.354,18374000,45794000,1.0,61169401,62245000,62245000,3.709,239235000,0,928000,0,3.885,118575000
AMCC,MRY,2013-12-31,2013-03-31,2013-03-31,2017-02-04,-737000,211380000,221295500,140949000,70431000,0.884,1.206,-7245000,19065000,19065000,83048000,-134115000,1.235,1.593,0,0,0,0,1469000,14185000,0,0.0,0.0,-134669000,-120484000,-0.616,-120484000,-134669000,-134669000,-2.06,-2.06,-2.06,81504000,125223250,81504000,486449969,-3,-4.037,-41701000,-0.639,1.0,112594000,0.576,25174000,0,53052000,100033750,12900000,66411000,66411000,0,129876000,114089000,15787000,502132969,-9000000,0,8220000,0,0,4133000,21323000,28568000,-34456000,0,-134115000,-134115000,-134115000,0,0,-0.686,247464000,-134870000,17650000,0.0,6.161,-3.744,-3.602,34391000,0,7.42,2.567,2.475,24575000,-5845069000,195642000,195642000,187419000,-0.606,-1.071,-1.346,-0.688,25525000,51684000,1.0,67672907,65258000,65258000,2.998,186206000,0,-554000,0,2.756,26860000
AMCC,MRY,2014-12-31,2014-03-31,2014-03-31,2017-02-04,-6143000,207536000,197096750,167506000,40030000,1.097,1.973,34294000,71539000,71539000,85189000,-5694000,3.037,0.391,0,0,0,0,567000,10755000,0,0.0,0.0,-5075000,5680000,0.026,5680000,-5075000,-5075000,-0.08,-0.08,-0.08,149236000,108605000,149236000,710722785,-140,125.127,-12553000,-0.172,1.0,130961000,0.606,11530000,0,69312000,64195500,18946000,35044000,35044000,0,58300000,55155000,3145000,734352785,52474000,29498000,11619000,0,0,4514000,94807000,31015000,-46847000,0,-5694000,-5694000,-5694000,0,0,-0.026,161141000,-30180000,26194000,0.0,4.921,-128.97,-123.75,20746000,0,9.9,3.397,3.339,25178000,-5850763000,216150000,216150000,146579000,-0.029,-0.052,-0.079,-0.023,17021000,38927000,1.0,74177049,72897000,72897000,2.965,196006000,0,619000,0,2.592,112351000
AMCC,MRY,2015-12-31,2015-03-31,2015-03-31,2017-02-04,-7486000,158863000,176311000,128119000,30744000,0.936,1.54,-9771000,36495000,36495000,69297000,-52058000,4.072,0.29,0,0,0,0,415000,8659000,0,0.0,0.0,-50966000,-42307000,-0.256,-42307000,-50966000,-50966000,-0.66,-0.66,-0.66,123105000,132802000,123105000,353534668,-6,-8.356,-36793000,-0.467,1.0,95714000,0.58,11425000,0,79476000,74802250,23514000,38863000,38863000,0,35758000,31467000,4291000,403614668,-35044000,3353000,3854000,0,0,1943000,-9965000,-3547000,-27022000,0,-52058000,-52058000,-52058000,0,0,-0.315,146388000,-50674000,13896000,0.0,3.279,-7.753,-7.727,16749000,0,5.1,2.446,2.436,12407000,-5902821000,165011000,165011000,107220000,-0.295,-0.392,-0.681,-0.309,18305000,33643000,1.0,79140131,78814000,78814000,2.094,147438000,0,1092000,0,1.845,96652000
AMCC,MRY,2016-12-31,2016-03-31,2016-03-31,2017-02-04,-9553000,146292000,149657750,120033000,26259000,1.064,1.368,-2570000,25065000,25065000,69739000,-32571000,4.074,0.272,0,0,0,0,346000,7590000,0,0.0,0.0,-33195000,-25605000,-0.161,-25605000,-33195000,-33195000,-0.39,-0.39,-0.39,115038000,117143750,115038000,520881532,-15,-20.343,8215000,0.099,1.0,89548000,0.562,11425000,0,80341000,80402250,16148000,58780000,58780000,0,31254000,29461000,1793000,539651532,-11430000,0,2979000,0,0,1105000,-23320000,-20750000,10785000,0,-32571000,-32571000,-32571000,0,0,-0.204,125050000,-35502000,8599000,0.0,4.691,-16.568,-16.564,13293000,0,6.46,3.388,3.353,9265000,-5935392000,159287000,159287000,91518000,-0.218,-0.278,-0.413,-0.208,25804000,33507000,1.0,83537389,82668000,82668000,1.927,134867000,0,-624000,0,1.603,90572000
