ticker,dimension,calendardate,datekey,reportperiod,lastupdated,accoci,assets,assetsavg,assetsc,assetsnc,assetturnover,bvps,capex,cashneq,cashnequsd,cor,consolinc,currentratio,de,debt,debtc,debtnc,debtusd,deferredrev,depamor,deposits,divyield,dps,ebit,ebitda,ebitdamargin,ebitdausd,ebitusd,ebt,eps,epsdil,epsusd,equity,equityavg,equityusd,ev,evebit,evebitda,fcf,fcfps,fxusd,gp,grossmargin,intangibles,intexp,invcap,invcapavg,inventory,investments,investmentsc,investmentsnc,liabilities,liabilitiesc,liabilitiesnc,marketcap,ncf,ncfbus,ncfcommon,ncfdebt,ncfdiv,ncff,ncfi,ncfinv,ncfo,ncfx,netinc,netinccmn,netinccmnusd,netincdis,netincnci,netmargin,opex,opinc,payables,payoutratio,pb,pe,pe1,ppnenet,prefdivis,price,ps,ps1,receivables,retearn,revenue,revenueusd,rnd,roa,roe,roic,ros,sbcomp,sgna,sharefactor,sharesbas,shareswa,shareswadil,sps,tangibles,taxassets,taxexp,taxliabilities,tbvps,workingcapital
AMSF,MRY,2011-12-31,2011-12-31,2011-12-31,2018-04-28,2215000,1143973000,1147219000,,,0.245,19.329,-1128000,45536000,45536000,232081000,24181000,,2.274,25780000,,,25780000,118699000,1015000,37228000,0.0,0.0,28654000,29669000,0.106,29669000,28654000,27343000,1.32,1.29,1.32,349437000,338925750,349437000,376904074,13,12.704,42581000,2.333,1.0,48582000,0.173,0,1311000,1124217000,1120973500,0,805974000,,,794536000,,,420064074,-15430000,0,-6929000,-10310000,0,-16196000,-42943000,-41815000,43709000,0,24167000,24167000,24167000,0,14000,0.086,19914000,28668000,25563000,0.0,1.202,17.382,17.614,7628000,0,23.25,1.497,1.512,121223000,183664000,280663000,280663000,0,0.021,0.071,0.026,0.102,471000,19914000,1.0,18067272,18249583,18692711,15.379,1143973000,30048000,3176000,0,63.277,
AMSF,MRY,2012-12-31,2012-12-31,2012-12-31,2018-04-28,2979000,1220946000,1204967250,,,0.267,20.945,-1196000,92676000,92676000,262700000,29353000,,2.203,0,,,0,140528000,1112000,39088000,0.0,0.0,37687000,38799000,0.121,38799000,37687000,37121000,1.62,1.58,1.62,381222000,368965750,381222000,426256908,11,10.986,79852000,4.396,1.0,58548000,0.182,0,566000,1128270000,1138973750,0,808116000,,,839724000,,,495601908,47140000,0,781000,-25780000,0,-24578000,-9330000,-8134000,81048000,0,29331000,29331000,29331000,0,22000,0.091,20839000,37709000,26381000,0.0,1.3,16.897,16.821,7711000,0,27.25,1.543,1.541,141950000,213017000,321248000,321248000,0,0.024,0.079,0.033,0.117,641000,20839000,1.0,18187226,18166261,18575191,17.684,1220946000,29521000,7790000,0,67.082,
AMSF,MRY,2013-12-31,2013-12-31,2013-12-31,2018-04-28,-4295000,1329001000,1305209000,,,0.273,22.579,-1140000,123077000,123077000,274269000,43637000,,2.188,0,,,0,164296000,1300000,44620000,0.008,0.32,59062000,60362000,0.169,60362000,59062000,59062000,2.37,2.32,2.37,416814000,399934750,416814000,664838563,11,11.014,128019000,6.968,1.0,82066000,0.23,0,0,1205924000,1205565750,0,878775000,,,912187000,,,781616563,30401000,0,2344000,0,-5910000,-1542000,-97216000,-86076000,129159000,0,43495000,43495000,43495000,0,142000,0.122,22862000,59204000,27547000,0.135,1.875,17.97,17.823,7549000,0,42.24,2.193,2.178,171579000,250744000,356335000,356335000,0,0.033,0.109,0.049,0.166,1409000,22862000,1.0,18504180,18373033,18748809,19.394,1329001000,33645000,15567000,0,71.992,
AMSF,MRY,2014-12-31,2014-12-31,2014-12-31,2018-04-28,2810000,1457220000,1435267750,,,0.281,23.807,-989000,90956000,90956000,305752000,53666000,,2.26,0,,,0,168576000,1298000,48722000,0.023,0.98,73749000,75047000,0.186,75047000,73749000,73749000,2.88,2.84,2.88,446968000,437878250,446968000,678790867,9,9.045,139695000,7.492,1.0,98267000,0.243,0,0,1366264000,1331473250,0,1016333000,,,1010252000,,,797334867,-32121000,0,2674000,0,-37068000,-31553000,-141252000,-140263000,140684000,0,53666000,53666000,53666000,0,0,0.133,24518000,73749000,33210000,0.34,1.784,14.857,14.708,7240000,0,42.36,1.974,1.955,178917000,267189000,404019000,404019000,0,0.037,0.123,0.055,0.183,1519000,24518000,1.0,18822825,18646128,18928504,21.668,1457220000,32313000,20083000,0,77.616,
AMSF,MRY,2015-12-31,2015-12-31,2015-12-31,2018-04-28,2587000,1502045000,1525918250,,,0.263,23.857,-953000,69481000,69481000,275545000,70462000,,2.309,0,,,0,167983000,1348000,48380000,0.071,3.6,100967000,102315000,0.255,102315000,100967000,100967000,3.72,3.69,3.72,453981000,469752000,453981000,871975012,8,8.522,91906000,4.852,1.0,125409000,0.313,0,0,1432564000,1448243250,0,1045152000,,,1048064000,,,971874012,-21475000,0,1844000,0,-68561000,-64514000,-49820000,-48867000,92859000,0,70462000,70462000,70462000,0,0,0.176,24442000,100967000,30638000,0.968,2.141,13.793,13.683,6181000,0,50.9,2.424,2.405,185364000,268873000,400954000,400954000,0,0.046,0.15,0.07,0.252,1223000,24442000,1.0,19093792,18941077,19119186,21.168,1502045000,29905000,30505000,911000,78.933,
AMSF,MRY,2016-12-31,2016-12-31,2016-12-31,2018-04-28,-492000,1518856000,1567840750,,,0.253,23.824,-1638000,58936000,58936000,258960000,77865000,,2.33,0,,,0,162028000,1181000,49130000,0.064,3.97,112821000,114002000,0.287,114002000,112821000,112821000,4.08,4.05,4.08,456150000,485148250,456150000,1112386917,9,9.758,112574000,5.892,1.0,137702000,0.347,0,0,1459920000,1494092500,0,1084474000,,,1062706000,,,1198998917,-10545000,0,837000,0,-76111000,-74279000,-50478000,-48840000,114212000,0,77865000,77865000,77865000,0,0,0.196,24881000,112821000,41039000,0.973,2.629,15.398,15.282,6636000,0,62.35,3.023,3.003,183005000,270418000,396662000,396662000,0,0.05,0.16,0.076,0.284,1603000,24881000,1.0,19230135,19105806,19203650,20.761,1518856000,33811000,34956000,4017000,79.329,
AMSF,MRY,2017-12-31,2017-12-31,2017-12-31,2018-04-28,3612000,1518236000,1549376750,,,0.242,22.184,-478000,55559000,55559000,267337000,46231000,,2.569,0,,,0,157270000,984000,48364000,0.07,4.3,82240000,83224000,0.222,83224000,82240000,82240000,2.41,2.4,2.41,425423000,467215250,425423000,1105053816,13,13.278,130332000,6.8,1.0,107871000,0.287,0,0,1462677000,1492062500,0,1130314000,,,1092813000,,,1185431816,-3377000,0,0,0,-82645000,-82645000,-51542000,-51064000,130810000,0,46231000,46231000,46231000,0,0,0.123,25631000,82240000,50180000,1.784,2.786,25.641,25.56,6128000,0,61.6,3.159,3.147,174234000,233896000,375208000,375208000,0,0.03,0.099,0.055,0.219,2018000,25631000,1.0,19244023,19165489,19245866,19.577,1518236000,21023000,36009000,0,79.168,
