ticker,dimension,calendardate,datekey,reportperiod,lastupdated,accoci,assets,assetsavg,assetsc,assetsnc,assetturnover,bvps,capex,cashneq,cashnequsd,cor,consolinc,currentratio,de,debt,debtc,debtnc,debtusd,deferredrev,depamor,deposits,divyield,dps,ebit,ebitda,ebitdamargin,ebitdausd,ebitusd,ebt,eps,epsdil,epsusd,equity,equityavg,equityusd,ev,evebit,evebitda,fcf,fcfps,fxusd,gp,grossmargin,intangibles,intexp,invcap,invcapavg,inventory,investments,investmentsc,investmentsnc,liabilities,liabilitiesc,liabilitiesnc,marketcap,ncf,ncfbus,ncfcommon,ncfdebt,ncfdiv,ncff,ncfi,ncfinv,ncfo,ncfx,netinc,netinccmn,netinccmnusd,netincdis,netincnci,netmargin,opex,opinc,payables,payoutratio,pb,pe,pe1,ppnenet,prefdivis,price,ps,ps1,receivables,retearn,revenue,revenueusd,rnd,roa,roe,roic,ros,sbcomp,sgna,sharefactor,sharesbas,shareswa,shareswadil,sps,tangibles,taxassets,taxexp,taxliabilities,tbvps,workingcapital
AMTD,MRY,2011-12-31,2011-09-30,2011-09-30,2018-05-08,0,17126000000,15901610500,,,0.174,7.338,-153000000,3551000000,3551000000,100000000,638000000,,3.161,1348000000,,,1348000000,42000000,164000000,0,0.014,0.2,1049000000,1213000000,0.439,1213000000,1049000000,1017000000,1.12,1.11,1.12,4116000000,4110437500,4116000000,7919200459,7,6.529,637000000,1.118,1.0,2663000000,0.964,3491000000,32000000,11432000000,11747910500,0,451000000,,,13010000000,,,8316940459,291000000,2000000,-227000000,-16000000,-114000000,-347000000,-152000000,-2000000,790000000,0,638000000,638000000,638000000,0,0,0.231,1615000000,1048000000,11278000000,0.179,2.021,13.036,13.134,341000000,0,14.71,3.01,3.035,9101000000,3646000000,2763000000,2763000000,0,0.04,0.155,0.089,0.38,25000000,1347000000,1.0,565393641,570000000,576000000,4.847,13635000000,5000000,379000000,342000000,24.309,
AMTD,MRY,2012-12-31,2012-09-30,2012-09-30,2018-05-08,18000000,19513000000,19896494000,,,0.133,8.119,-186000000,4945000000,4945000000,89000000,586000000,,3.41,1350000000,,,1350000000,28000000,164000000,0,0.016,0.24,934000000,1098000000,0.416,1098000000,934000000,906000000,1.07,1.06,1.07,4425000000,4287699250,4425000000,5291590465,5,4.819,406000000,0.741,1.0,2552000000,0.966,3399000000,28000000,12519000000,12084344250,0,567000000,,,15088000000,,,8399765465,-117000000,0,-203000000,-6000000,-132000000,-332000000,-377000000,-193000000,592000000,0,586000000,586000000,586000000,0,0,0.222,1618000000,934000000,13356000000,0.224,1.898,14.334,14.364,444000000,0,15.37,3.181,3.189,9960000000,4100000000,2641000000,2641000000,0,0.029,0.137,0.077,0.354,32000000,1367000000,1.0,546503934,548000000,554000000,4.819,16114000000,2000000,320000000,354000000,29.567,
AMTD,MRY,2013-12-31,2013-09-30,2013-09-30,2018-05-08,0,21836000000,21139250000,,,0.131,8.471,-144000000,6956000000,6956000000,109000000,675000000,,3.67,1052000000,,,1052000000,0,177000000,0,0.033,0.86,1113000000,1290000000,0.467,1290000000,1113000000,1088000000,1.23,1.22,1.23,4676000000,4479250000,4676000000,8814851855,7,6.833,595000000,1.084,1.0,2655000000,0.961,3308000000,25000000,12624000000,12542750000,0,323000000,,,17160000000,,,14405851855,147000000,0,14000000,-255000000,-471000000,-688000000,96000000,238000000,739000000,0,675000000,675000000,675000000,0,0,0.244,1599000000,1056000000,15756000000,0.699,3.081,21.342,21.285,497000000,0,26.18,5.212,5.2,10586000000,4304000000,2764000000,2764000000,0,0.032,0.151,0.089,0.403,5000000,1349000000,1.0,550261721,549000000,554000000,5.035,18528000000,0,413000000,352000000,33.565,
AMTD,MRY,2014-12-31,2014-09-30,2014-09-30,2018-05-08,-18000000,23829000000,23182750000,,,0.135,8.68,-144000000,6576000000,6576000000,134000000,787000000,,4.019,1249000000,,,1249000000,0,185000000,0,0.029,0.98,1295000000,1480000000,0.474,1480000000,1295000000,1270000000,1.43,1.42,1.43,4748000000,4660250000,4748000000,12942119283,9,8.745,881000000,1.602,1.0,2989000000,0.957,3218000000,25000000,15284000000,14656250000,0,332000000,,,19081000000,,,18269119283,398000000,0,-199000000,219000000,-540000000,-510000000,-117000000,25000000,1025000000,0,787000000,787000000,787000000,0,0,0.252,1704000000,1285000000,17518000000,0.685,3.848,23.214,23.336,543000000,0,33.37,5.85,5.877,12993000000,4551000000,3123000000,3123000000,0,0.034,0.169,0.088,0.415,22000000,1437000000,1.0,547471360,550000000,554000000,5.678,20611000000,0,483000000,314000000,37.68,
AMTD,MRY,2015-12-31,2015-09-30,2015-09-30,2018-05-08,-25000000,26375000000,24861250000,,,0.131,9.08,-71000000,8283000000,8283000000,148000000,813000000,,4.379,1800000000,,,1800000000,0,181000000,0,0.019,0.6,1331000000,1512000000,0.466,1512000000,1331000000,1288000000,1.5,1.49,1.5,4903000000,4882500000,4903000000,12446874156,9,8.232,675000000,1.243,1.0,3099000000,0.954,3128000000,43000000,16764000000,16656250000,0,425000000,,,21472000000,,,17294874156,518000000,0,-372000000,518000000,-326000000,-168000000,-60000000,8000000,746000000,0,813000000,813000000,813000000,0,0,0.25,1774000000,1325000000,19385000000,0.4,3.527,21.273,21.227,521000000,0,31.84,5.326,5.325,13869000000,5038000000,3247000000,3247000000,0,0.033,0.167,0.08,0.41,24000000,1502000000,1.0,543180721,543000000,547000000,5.98,23247000000,0,475000000,287000000,43.05,
AMTD,MRY,2016-12-31,2016-09-30,2016-09-30,2018-05-08,-22000000,28818000000,27211250000,,,0.122,9.621,-105000000,10584000000,10584000000,136000000,842000000,,4.705,1817000000,,,1817000000,0,178000000,0,0.019,0.68,1318000000,1496000000,0.45,1496000000,1318000000,1265000000,1.59,1.58,1.59,5051000000,4967250000,5051000000,11395781422,8,7.618,1363000000,2.567,1.0,3191000000,0.959,3042000000,53000000,17009000000,16561250000,0,1088000000,,,23767000000,,,18548781422,-123000000,0,-382000000,0,-362000000,-728000000,-863000000,-758000000,1468000000,0,842000000,842000000,842000000,0,0,0.253,1873000000,1318000000,21669000000,0.428,3.672,22.029,22.164,526000000,0,35.24,5.575,5.624,13397000000,5518000000,3327000000,3327000000,0,0.031,0.17,0.08,0.396,18000000,1585000000,1.0,526355886,531000000,534000000,6.266,25776000000,0,423000000,281000000,49.097,
AMTD,MRY,2017-12-31,2017-09-30,2017-09-30,2018-05-08,-25000000,38627000000,31684000000,,,0.116,13.622,-197000000,11918000000,11918000000,149000000,872000000,,4.33,2652000000,,,2652000000,0,181000000,0,0.015,0.72,1465000000,1646000000,0.448,1646000000,1465000000,1394000000,1.65,1.64,1.65,7247000000,5807750000,7247000000,18126682668,12,11.013,490000000,0.926,1.0,3527000000,0.959,5683000000,71000000,23678000000,19194750000,0,1249000000,,,31380000000,,,25773682668,-383000000,-1288000000,396000000,448000000,-379000000,477000000,-1547000000,-62000000,687000000,0,872000000,872000000,872000000,0,0,0.237,2061000000,1466000000,28535000000,0.436,3.556,29.557,29.576,752000000,0,48.8,7.011,7.023,18796000000,6011000000,3676000000,3676000000,0,0.028,0.15,0.076,0.399,24000000,1788000000,1.0,528149235,529000000,531000000,6.949,32944000000,0,522000000,193000000,61.925,
