ticker,dimension,calendardate,datekey,reportperiod,lastupdated,accoci,assets,assetsavg,assetsc,assetsnc,assetturnover,bvps,capex,cashneq,cashnequsd,cor,consolinc,currentratio,de,debt,debtc,debtnc,debtusd,deferredrev,depamor,deposits,divyield,dps,ebit,ebitda,ebitdamargin,ebitdausd,ebitusd,ebt,eps,epsdil,epsusd,equity,equityavg,equityusd,ev,evebit,evebitda,fcf,fcfps,fxusd,gp,grossmargin,intangibles,intexp,invcap,invcapavg,inventory,investments,investmentsc,investmentsnc,liabilities,liabilitiesc,liabilitiesnc,marketcap,ncf,ncfbus,ncfcommon,ncfdebt,ncfdiv,ncff,ncfi,ncfinv,ncfo,ncfx,netinc,netinccmn,netinccmnusd,netincdis,netincnci,netmargin,opex,opinc,payables,payoutratio,pb,pe,pe1,ppnenet,prefdivis,price,ps,ps1,receivables,retearn,revenue,revenueusd,rnd,roa,roe,roic,ros,sbcomp,sgna,sharefactor,sharesbas,shareswa,shareswadil,sps,tangibles,taxassets,taxexp,taxliabilities,tbvps,workingcapital
AMTY,MRY,2011-12-31,2011-06-30,2011-06-30,2018-05-11,-343238,2885724,2942865,1499993,1385731,1.25,0.04,-111672,163990,163990,2329139,-841133,0.981,1.215,851800,797960,53840,851800,0,238251,0,0.0,0.0,-762184,-523933,-0.142,-523933,-762184,-841133,-0.03,-0.03,-0.03,1302636,1532309,1302636,8502891,-11,-16.229,-712231,-0.022,1.0,1349901,0.367,541826,78949,1502460,1323068,696220,0,0,0,1583088,1529248,53840,8044074,64168,0,0,755800,0,771300,-106573,0,-600559,0,-841133,-841133,-841133,0,0,-0.229,2264386,-914485,459820,0.0,6.175,-9.563,-8.333,807905,0,0.25,2.186,2.179,588001,-56887084,3679040,3679040,22795,-0.286,-0.549,-0.576,-0.207,142863,1869299,1.0,32176297,32064182,32064182,0.115,2343898,0,0,0,0.073,-29255
AMTY,MRY,2012-12-31,2012-06-30,2012-06-30,2018-05-11,0,2399500,2567039,1150065,1249435,1.7,0.034,-79749,141838,141838,2833385,-1175019,0.94,1.137,530854,477014,53840,530854,3345,243930,0,0.0,0.0,-1133469,-889539,-0.204,-889539,-1133469,-1175019,-0.04,-0.04,-0.04,1122576,1216587,1122576,10185912,-8,-11.451,-292258,-0.009,1.0,1531371,0.351,531222,41550,1034210,1095359,553578,0,0,0,1276924,1223084,53840,9806270,-22152,0,260000,-122040,0,288960,-98603,0,-212509,0,-1175019,-1175019,-1175019,0,0,-0.269,2683203,-1151832,376721,0.0,8.736,-8.346,-7.25,682213,0,0.29,2.247,2.218,423439,-58062103,4364756,4364756,10032,-0.458,-0.966,-1.035,-0.26,480160,2352053,1.0,33814726,33377620,33377620,0.131,1868278,0,0,0,0.056,-73019
AMTY,MRY,2013-12-31,2013-06-30,2013-06-30,2018-05-11,0,2326491,2541037,1135529,1190962,1.43,0.029,-225742,119747,119747,3055267,-1134625,0.934,1.202,581928,528088,53840,581928,7293,213919,0,0.0,0.0,-1104742,-890823,-0.245,-890823,-1104742,-1134625,-0.03,-0.03,-0.03,1056612,1426838,1056612,1602893,-1,-1.799,-866730,-0.024,1.0,579409,0.159,505006,29883,1067627,1238193,543752,0,0,0,1269879,1216039,53840,1192248,2909,0,0,53355,0,868044,-224147,0,-640988,0,-1134625,-1134625,-1134625,0,0,-0.312,1641017,-1061608,680658,0.0,1.128,-1.051,-1.0,674956,0,0.03,0.328,0.302,368260,-59196728,3634676,3634676,161194,-0.447,-0.795,-0.892,-0.304,103971,1479823,1.0,39741620,36620798,36620798,0.099,1821485,0,0,0,0.05,-80510
AMTY,MRY,2014-12-31,2014-06-30,2014-06-30,2018-05-11,0,2695401,2384510,1940456,754945,1.81,0.05,-46448,739585,739585,3556579,-1269663,3.062,0.342,69853,16013,53840,69853,0,224150,0,0.0,0.0,-1176684,-952534,-0.221,-952534,-1176684,-1269663,-0.03,-0.03,-0.03,2007870,1068668,2007870,2768593,-2,-2.907,-852065,-0.021,1.0,759482,0.176,286947,92979,1105031,983599,770991,0,0,0,687531,633691,53840,2014581,619838,0,3500,-512075,0,1471903,-46448,0,-805617,0,-1269663,-1294663,-1294663,0,0,-0.3,1658279,-898797,617678,0.0,1.003,-1.556,-1.667,456998,25000,0.05,0.467,0.464,401249,-60491391,4316061,4316061,166890,-0.543,-1.211,-1.196,-0.273,111973,1491389,1.0,40291620,40012990,40012990,0.108,2408454,0,0,0,0.06,1306765
AMTY,MRY,2015-12-31,2015-06-30,2015-06-30,2018-05-11,0,2174802,2327055,1465072,709730,2.06,0.04,-55840,466717,466717,3514608,-299361,3.239,0.303,67448,13608,53840,67448,0,221109,0,0.0,0.0,-299361,-78252,-0.016,-78252,-299361,-299361,-0.01,-0.01,-0.01,1668674,1717643,1668674,607346,-2,-7.761,-174050,-0.004,1.0,1279129,0.267,202710,0,1120535,1140852,836874,0,0,0,506128,452288,53840,831405,-272868,0,0,-2405,0,-102593,-52065,0,-118210,0,-299361,-399361,-399361,0,0,-0.083,1577495,-298366,438680,0.0,0.498,-2.082,-2.0,309460,100000,0.02,0.173,0.173,320366,-60890752,4793737,4793737,200753,-0.172,-0.233,-0.262,-0.062,23706,1376742,1.0,41570287,41494497,41494497,0.116,1972092,0,0,0,0.047,1012784
AMTY,MRY,2016-12-31,2016-06-30,2016-06-30,2018-05-11,0,1878231,1928218,1279358,598873,1.961,0.033,-7642,278302,278302,2670442,-243052,3.409,0.347,120660,20518,100142,120660,0,141524,0,0.0,0.0,-239846,-98322,-0.026,-98322,-239846,-243052,-0.01,-0.01,-0.01,1394429,1412849,1394429,1638537,-6,-16.665,-81865,-0.002,1.0,1110757,0.294,175379,3206,1169944,1210603,794945,0,0,0,483802,375266,108536,1687011,-188415,0,0,-1856,0,-106550,-7642,0,-74223,0,-243052,-343052,-343052,0,0,-0.091,1350784,-240027,348499,0.0,1.21,-4.918,-4.0,232444,100000,0.04,0.446,0.443,293358,-61233804,3781199,3781199,222094,-0.178,-0.243,-0.198,-0.063,68805,1128690,1.0,42175287,41868634,41868634,0.09,1702852,0,0,0,0.04,904092
AMTY,MRY,2017-12-31,2017-06-30,2017-06-30,2018-05-11,0,1981303,1977130,1312819,668484,1.835,0.032,-20868,351256,351256,2444102,33321,2.653,0.456,143864,19382,124482,143864,0,102495,0,0.0,0.0,41789,144284,0.04,144284,41789,33321,0.0,0.0,0.0,1360557,1373114,1360557,905881,21,6.278,101632,0.002,1.0,1184464,0.326,155952,8468,1123121,1149670,804594,0,0,0,620746,494838,125908,1279436,72954,0,0,-14428,0,-20678,-28868,0,122500,0,33321,-66679,-66679,0,0,-0.018,1136627,47837,468489,,0.94,-19.188,,273129,100000,0.03,0.353,0.351,284004,-61300483,3628566,3628566,227092,-0.034,-0.049,0.036,0.012,27807,909535,1.0,42647868,42417601,42417601,0.086,1825351,0,0,0,0.043,817981
