ticker,dimension,calendardate,datekey,reportperiod,lastupdated,accoci,assets,assetsavg,assetsc,assetsnc,assetturnover,bvps,capex,cashneq,cashnequsd,cor,consolinc,currentratio,de,debt,debtc,debtnc,debtusd,deferredrev,depamor,deposits,divyield,dps,ebit,ebitda,ebitdamargin,ebitdausd,ebitusd,ebt,eps,epsdil,epsusd,equity,equityavg,equityusd,ev,evebit,evebitda,fcf,fcfps,fxusd,gp,grossmargin,intangibles,intexp,invcap,invcapavg,inventory,investments,investmentsc,investmentsnc,liabilities,liabilitiesc,liabilitiesnc,marketcap,ncf,ncfbus,ncfcommon,ncfdebt,ncfdiv,ncff,ncfi,ncfinv,ncfo,ncfx,netinc,netinccmn,netinccmnusd,netincdis,netincnci,netmargin,opex,opinc,payables,payoutratio,pb,pe,pe1,ppnenet,prefdivis,price,ps,ps1,receivables,retearn,revenue,revenueusd,rnd,roa,roe,roic,ros,sbcomp,sgna,sharefactor,sharesbas,shareswa,shareswadil,sps,tangibles,taxassets,taxexp,taxliabilities,tbvps,workingcapital
ARRY,MRY,2011-12-31,2011-06-30,2011-06-30,2018-05-09,3000,89374000,117466000,70562000,18812000,0.612,-2.296,-1901000,48099000,48099000,28916000,-56324000,1.011,-1.683,91540000,150000,91390000,91540000,87180000,7616000,0,0.0,0.0,-40817000,-33201000,-0.462,-33201000,-40817000,-56324000,-1.02,-1.02,-1.02,-130858000,-132719750,-130858000,208170806,-5,-6.27,-67863000,-1.224,1.0,42985000,0.598,0,15507000,63007000,114972250,0,16609000,15986000,623000,220232000,69808000,150424000,127724806,15253000,0,7551000,-150000,0,7120000,74095000,75996000,-65962000,0,-56324000,-56324000,-56324000,0,0,-0.783,79759000,-36774000,4460000,0.0,-0.976,-2.268,-2.196,15698000,0,2.24,1.776,1.727,0,-547156000,71901000,71901000,63498000,-0.479,0.424,-0.355,-0.568,7310000,16261000,1.0,57020003,55447000,55447000,1.297,89374000,0,0,0,1.568,754000
ARRY,MRY,2012-12-31,2012-06-30,2012-06-30,2018-05-09,-1000,108073000,102510250,93107000,14966000,0.831,-1.215,-1437000,55799000,55799000,24261000,-23581000,1.226,-2.26,92256000,150000,92106000,92256000,55567000,5076000,0,0.0,0.0,-11957000,-6881000,-0.081,-6881000,-11957000,-23581000,-0.33,-0.33,-0.33,-85806000,-106401500,-85806000,337327849,-28,-49.023,-34983000,-0.495,1.0,60874000,0.715,0,11624000,68594000,49938000,0,33851000,33378000,473000,193879000,75936000,117943000,309302849,7700000,0,68314000,-4350000,0,59967000,-18721000,-17284000,-33546000,0,-23581000,-23581000,-23581000,0,0,-0.277,71921000,-11047000,6466000,0.0,-3.605,-13.117,-10.515,12059000,0,3.47,3.633,2.878,1075000,-570737000,85135000,85135000,56719000,-0.23,0.222,-0.239,-0.14,4320000,15202000,1.0,89136268,70619000,70619000,1.206,108073000,0,0,0,1.53,17171000
ARRY,MRY,2013-12-31,2013-06-30,2013-06-30,2018-05-09,-2000,135988000,114320750,121309000,14679000,0.609,-0.188,-2340000,60736000,60736000,30078000,-61942000,2.399,-7.207,99021000,0,99021000,99021000,14353000,4350000,0,0.0,0.0,-50684000,-46334000,-0.666,-46334000,-50684000,-61942000,-0.57,-0.57,-0.57,-21909000,-50614500,-21909000,581514207,-11,-12.55,-89407000,-0.829,1.0,39502000,0.568,0,11258000,123696000,101065750,0,47970000,47505000,465000,157897000,50577000,107320000,530163207,4937000,0,77675000,35350000,0,108366000,-16362000,-14022000,-87067000,0,-61942000,-61942000,-61942000,0,0,-0.89,79044000,-39542000,5396000,0.0,-24.198,-8.559,-7.965,10049000,0,4.54,7.619,7.033,9595000,-632679000,69580000,69580000,59420000,-0.542,1.224,-0.501,-0.728,6306000,19624000,1.0,116776037,107794000,107794000,0.645,135988000,0,0,0,1.165,70732000
ARRY,MRY,2014-12-31,2014-06-30,2014-06-30,2018-05-09,2000,136625000,142686500,121676000,14949000,0.295,-0.203,-2614000,68591000,68591000,45965000,-85257000,2.307,-6.312,101524000,0,101524000,101524000,9546000,4506000,0,0.0,0.0,-75541000,-71035000,-1.688,-71035000,-75541000,-85257000,-0.69,-0.69,-0.69,-25721000,-16892750,-25721000,624986616,-8,-8.798,-74296000,-0.602,1.0,-3887000,-0.092,0,9716000,116825000,138702250,0,43047000,42407000,640000,162346000,52733000,109613000,574489616,7855000,0,78693000,-86000,0,77055000,2482000,5096000,-71682000,0,-85257000,-85257000,-85257000,0,0,-2.026,71731000,-75618000,6953000,0.0,-22.335,-6.738,-6.609,8157000,0,4.56,13.653,13.373,5429000,-717936000,42078000,42078000,49824000,-0.598,5.047,-0.545,-1.795,4331000,21907000,1.0,125984565,123403000,123403000,0.341,136625000,0,0,0,1.078,68943000
ARRY,MRY,2015-12-31,2015-06-30,2015-06-30,2018-05-09,5000,198207000,176407000,191047000,7160000,0.294,0.302,-2507000,55691000,55691000,44392000,9369000,4.503,3.647,107280000,0,107280000,107280000,10986000,3702000,0,0.0,0.0,19616000,23318000,0.449,23318000,19616000,9369000,0.07,0.07,0.07,42653000,10324250,42653000,983572322,50,42.181,-8300000,-0.061,1.0,7517000,0.145,0,10247000,207372000,152194750,0,123131000,122635000,496000,155554000,42424000,113130000,1017057322,-12900000,3750000,51898000,0,0,50942000,-58049000,-59292000,-5793000,0,9369000,9369000,9369000,0,0,0.18,85875000,-78358000,4570000,0.0,23.845,108.556,103.0,5050000,0,7.21,19.593,18.984,6307000,-708567000,51909000,51909000,54442000,0.053,0.907,0.129,0.378,7809000,31433000,1.0,141062042,136679000,141692000,0.38,198207000,0,0,0,1.402,148623000
ARRY,MRY,2016-12-31,2016-06-30,2016-06-30,2018-05-09,7000,168900000,187938500,155301000,13599000,0.734,-0.264,-3159000,56598000,56598000,23166000,-92840000,2.962,-5.453,113655000,0,113655000,113655000,48817000,1529000,0,0.0,0.0,-81966000,-80437000,-0.583,-80437000,-81966000,-92840000,-0.65,-0.65,-0.65,-37932000,-5690000,-37932000,560186684,-6,-6.964,-73249000,-0.512,1.0,114713000,0.832,0,10874000,173523000,187436250,0,53940000,53344000,596000,206832000,52434000,154398000,510645684,907000,0,5024000,0,0,4970000,66027000,69186000,-70090000,0,-92840000,-92840000,-92840000,0,0,-0.673,196922000,-82209000,10147000,0.0,-13.462,-5.5,-5.477,6680000,0,3.56,3.704,3.691,39302000,-801407000,137879000,137879000,160655000,-0.494,16.316,-0.437,-0.594,7283000,36267000,1.0,143439799,142964000,142964000,0.964,168900000,0,0,0,1.177,102867000
ARRY,MRY,2017-12-31,2017-06-30,2017-06-30,2018-05-09,-76000,279145000,243602500,270177000,8968000,0.619,0.069,-3520000,125933000,125933000,35395000,-116818000,3.885,22.804,133905000,0,133905000,133905000,74481000,2068000,0,0.0,0.0,-104485000,-102417000,-0.679,-102417000,-104485000,-116818000,-0.72,-0.72,-0.72,11727000,9842250,11727000,1477342866,-14,-14.425,-42874000,-0.263,1.0,115457000,0.765,0,12333000,217566000,221499500,0,109122000,108390000,732000,267418000,69551000,197867000,1429597866,69335000,0,165384000,10450000,0,166805000,-58116000,-54596000,-39354000,0,-116818000,-116818000,-116818000,0,0,-0.774,217535000,-102078000,8636000,0.0,121.907,-12.238,-11.625,8132000,0,8.37,9.477,9.056,31279000,-918661000,150852000,150852000,178199000,-0.48,-11.869,-0.472,-0.693,9965000,39336000,1.0,170800223,163207000,163207000,0.924,279145000,0,0,0,1.635,200626000
