ticker,dimension,calendardate,datekey,reportperiod,lastupdated,accoci,assets,assetsavg,assetsc,assetsnc,assetturnover,bvps,capex,cashneq,cashnequsd,cor,consolinc,currentratio,de,debt,debtc,debtnc,debtusd,deferredrev,depamor,deposits,divyield,dps,ebit,ebitda,ebitdamargin,ebitdausd,ebitusd,ebt,eps,epsdil,epsusd,equity,equityavg,equityusd,ev,evebit,evebitda,fcf,fcfps,fxusd,gp,grossmargin,intangibles,intexp,invcap,invcapavg,inventory,investments,investmentsc,investmentsnc,liabilities,liabilitiesc,liabilitiesnc,marketcap,ncf,ncfbus,ncfcommon,ncfdebt,ncfdiv,ncff,ncfi,ncfinv,ncfo,ncfx,netinc,netinccmn,netinccmnusd,netincdis,netincnci,netmargin,opex,opinc,payables,payoutratio,pb,pe,pe1,ppnenet,prefdivis,price,ps,ps1,receivables,retearn,revenue,revenueusd,rnd,roa,roe,roic,ros,sbcomp,sgna,sharefactor,sharesbas,shareswa,shareswadil,sps,tangibles,taxassets,taxexp,taxliabilities,tbvps,workingcapital
ARWR,MRY,2011-12-31,2011-09-30,2011-09-30,2018-05-09,0,15888563,14901221,9861174,6027389,0.02,1.781,-9674,7507389,7507389,0,-3492399,3.819,0.26,606786,0,606786,606786,0,267978,0,0.0,0.0,-3215415,-2947437,-9.953,-2947437,-3215415,-3128885,-0.44,-0.44,-0.44,12791106,10887737,12791106,24223793,-7,-8.219,-5400383,-0.752,1.0,296139,1.0,1731211,-86530,4674800,4307677,0,2471333,634585,1836748,3324395,2581949,742446,27979223,660227,-1700398,4507389,0,0,6226321,-175385,1534687,-5390709,0,-3128885,-3128885,-3128885,-5292609,-363514,-10.566,10126405,-9830266,576809,0.0,2.187,-8.942,-8.852,25437,0,3.895,94.48,94.45,3881250,-113871752,296139,296139,3277760,-0.21,-0.287,-0.746,-10.858,1376921,3795380,1.0,7183369,7181121,7181121,0.041,14157352,0,0,0,1.971,7279225
ARWR,MRY,2012-12-31,2012-09-30,2012-09-30,2018-05-09,0,16527818,19039791,6567336,9960482,0.008,0.801,-189398,3377288,3377288,0,-22110723,1.233,0.771,2436680,314801,2121879,2436680,37500,1748975,0,0.0,0.0,-21161894,-19412919,-132.173,-19412919,-21161894,-21125928,-1.9,-1.9,-1.9,10012642,11945713,10012642,29695169,-1,-1.53,-15529768,-1.395,1.0,146875,1.0,4784569,-35966,5474753,8036147,0,106500,106500,0,7718909,5327888,2391021,29634337,-4130101,121033,10958231,-196606,0,10769625,440644,509009,-15340370,0,-21125928,-21125928,-21125928,80,-984795,-143.836,21236086,-21089211,877986,0.0,2.96,-1.403,-1.379,4895652,0,2.62,201.766,198.536,2465418,-134997680,146875,146875,5391463,-1.11,-1.768,-2.633,-144.081,1241404,6439323,1.0,11310816,11129766,11129766,0.013,11743249,0,0,0,0.939,1239448
ARWR,MRY,2013-12-31,2013-09-30,2013-09-30,2018-05-09,0,37329631,26617145,28843719,8485912,0.011,1.146,-207375,19114444,19114444,0,-31703433,3.306,0.422,2304015,1192902,1111113,2304015,103125,1751412,0,0.0,0.0,-31045379,-29293967,-100.921,-29293967,-31045379,-31143289,-1.3,-1.3,-1.3,27498666,19185825,27498666,152744525,-4,-5.214,-19240201,-0.802,1.0,290266,1.0,3240513,97910,8553669,4241035,0,10732414,9030261,1702153,11594842,8725020,2869822,179458042,15737156,0,44506004,-214801,0,44291203,-9520867,-9313492,-19032826,0,-31143289,-31143289,-31143289,708,-560144,-107.292,23457890,-23167624,1199632,0.0,6.526,-5.762,-4.377,3513235,0,5.69,618.254,470.508,75000,-166140969,290266,290266,8705627,-1.17,-1.623,-7.32,-106.955,1536271,3488864,1.0,31539199,24002224,24002224,0.012,34089118,0,0,0,1.42,20118699
ARWR,MRY,2014-12-31,2014-09-30,2014-09-30,2018-05-09,0,182816756,168693375,154800770,28015986,0.001,3.082,-1707362,132510610,132510610,0,-58725412,13.067,0.101,1022331,263991,758340,1022331,103125,1345655,0,0.0,0.0,-59270383,-57924728,-330.998,-57924728,-59270383,-58624890,-1.25,-1.25,-1.25,166540443,156758487,166540443,644185080,-10,-11.121,-37123735,-0.791,1.0,175000,1.0,1013473,-645493,38467980,39401035,0,44741378,21653032,23088346,16831501,11847024,4984477,781459534,113396166,0,185519715,-225406,0,185294309,-36481770,-34774408,-35416373,0,-58630190,-58630190,-58630190,0,-95222,-335.03,51075628,-50900628,2579478,0.0,4.692,-13.329,-11.816,3872753,0,14.77,4465.483,3961.145,0,-224771159,175000,175000,23138050,-0.348,-0.374,-1.504,-338.688,5696173,5894008,1.0,52908567,46933030,46933030,0.004,181803283,0,5300,0,3.364,142953746
ARWR,MRY,2015-12-31,2015-09-30,2015-09-30,2018-05-09,-136425,132267914,150493364,102871161,29396753,0.003,1.85,-1970112,81214354,81214354,0,-91940882,6.47,0.206,758340,217548,540792,758340,103125,2336207,0,0.0,0.0,-92667640,-90331433,-236.47,-90331433,-92667640,-91938482,-1.6,-1.6,-1.6,110176822,133123201,110176822,255094303,-2,-2.824,-67677727,-1.18,1.0,382000,1.0,24824116,-729158,11087213,27373413,0,17539902,17539902,0,22646280,15900571,6745709,341534947,-51296256,-10000000,0,-213991,0,290521,14120838,26090950,-65707615,0,-91940882,-91940882,-91940882,0,0,-240.683,94464443,-94082443,5031706,0.0,3.1,-3.715,-3.587,4526848,0,5.74,894.071,861.879,0,-316712041,382000,382000,47267361,-0.611,-0.691,-3.385,-242.585,10232897,7931184,1.0,59500862,57358442,57358442,0.007,107443798,0,2400,0,1.805,86970590
ARWR,MRY,2016-12-31,2016-09-30,2016-09-30,2018-05-09,7449,128176505,104924652,90502543,37673962,0.002,1.472,-3860237,85366448,85366448,0,-81723002,3.529,0.347,2727765,194310,2533455,2727765,5069792,3260045,0,0.0,0.0,-81986396,-78726351,-497.22,-78726351,-81986396,-81720602,-1.34,-1.34,-1.34,95579447,80741201,95579447,406221640,-4,-5.16,-68287723,-1.119,1.0,158333,1.0,22164868,-265794,-2270840,6184923,0,0,0,0,33152246,25643794,7508452,446514903,4152094,0,52231433,-217549,0,55131817,13447763,17308000,-64427486,0,-81723002,-81723002,-81723002,0,0,-516.146,87763523,-87605190,12232906,0.0,4.672,-5.464,-5.485,15386761,0,7.35,2820.1,2834.052,75000,-398435043,158333,158333,41454452,-0.779,-1.012,-13.256,-517.81,11595816,9940737,1.0,60750327,61050880,61050880,0.003,106011637,0,2400,0,1.633,64858749
ARWR,MRY,2017-12-31,2017-09-30,2017-09-30,2018-05-09,33232,104022280,122558394,67902904,36119376,0.256,1.089,-7918198,24838567,24838567,0,-34380295,3.631,0.284,2533524,208506,2325018,2533524,5269741,4690440,0,0.0,0.0,-34793023,-30102583,-0.958,-30102583,-34793023,-34377895,-0.47,-0.47,-0.47,81422350,90793777,81422350,287963452,-8,-9.566,-31857170,-0.431,1.0,31407709,1.0,20464439,-415128,42551750,21409578,0,40769539,40769539,0,23155118,18701048,4454070,323763205,-60527881,0,12419119,-197790,0,12055309,-48644218,-40726020,-23938972,0,-34380295,-34380295,-34380295,0,0,-1.095,68403618,-36995909,4076514,0.0,3.976,-9.417,-9.213,15513019,0,4.33,10.308,10.188,67797,-432815338,31407709,31407709,31690298,-0.281,-0.379,-1.625,-1.108,7891595,6838402,1.0,74772103,73898598,73898598,0.425,83557841,0,2400,0,1.117,49201856
