ticker,dimension,calendardate,datekey,reportperiod,lastupdated,accoci,assets,assetsavg,assetsc,assetsnc,assetturnover,bvps,capex,cashneq,cashnequsd,cor,consolinc,currentratio,de,debt,debtc,debtnc,debtusd,deferredrev,depamor,deposits,divyield,dps,ebit,ebitda,ebitdamargin,ebitdausd,ebitusd,ebt,eps,epsdil,epsusd,equity,equityavg,equityusd,ev,evebit,evebitda,fcf,fcfps,fxusd,gp,grossmargin,intangibles,intexp,invcap,invcapavg,inventory,investments,investmentsc,investmentsnc,liabilities,liabilitiesc,liabilitiesnc,marketcap,ncf,ncfbus,ncfcommon,ncfdebt,ncfdiv,ncff,ncfi,ncfinv,ncfo,ncfx,netinc,netinccmn,netinccmnusd,netincdis,netincnci,netmargin,opex,opinc,payables,payoutratio,pb,pe,pe1,ppnenet,prefdivis,price,ps,ps1,receivables,retearn,revenue,revenueusd,rnd,roa,roe,roic,ros,sbcomp,sgna,sharefactor,sharesbas,shareswa,shareswadil,sps,tangibles,taxassets,taxexp,taxliabilities,tbvps,workingcapital
ASH,MRY,2014-12-31,2014-09-30,2014-09-30,2018-05-02,,,,,,,,-245000000,,,4605000000,233000000,,,,,,,,393000000,,0.013,0.68,211000000,604000000,0.099,604000000,211000000,45000000,3.04,3.0,3.04,,,,,,,398000000,,1.0,1516000000,0.248,,166000000,,,,,,,,,,,1047000000,92000000,-954000000,11000000,-103000000,-1034000000,1440000000,-15000000,643000000,-2000000,233000000,233000000,233000000,-161000000,0,0.038,1472000000,44000000,,0.224,,,17.122,,0,52.05,,,,,6121000000,6121000000,114000000,,,,0.034,34000000,1358000000,,,,,,,,-188000000,,,
ASH,MRY,2015-12-31,2015-09-30,2015-09-30,2018-05-02,-291000000,10054000000,,3093000000,6961000000,,,-219000000,1257000000,1257000000,2532000000,309000000,2.145,2.311,3729000000,381000000,3348000000,3729000000,0,306000000,0,0.015,0.73,344000000,650000000,0.19,650000000,344000000,170000000,4.54,4.54,4.54,3037000000,,3037000000,,,,114000000,,1.0,888000000,0.26,3628000000,174000000,7456000000,,706000000,350000000,0,350000000,7017000000,1442000000,5575000000,,-136000000,131000000,-397000000,456000000,-98000000,-30000000,-392000000,-320000000,333000000,-47000000,309000000,309000000,309000000,-321000000,0,0.09,791000000,97000000,573000000,0.161,,,11.081,2182000000,0,50.31,,,1141000000,3281000000,3420000000,3420000000,99000000,,,,0.101,30000000,692000000,1.0,,,,,6426000000,212000000,-139000000,85000000,,1651000000
ASH,MRY,2016-12-31,2016-09-30,2016-09-30,2018-05-02,-281000000,10000000000,10027000000,2888000000,7112000000,0.301,53.833,-229000000,1017000000,1017000000,2153000000,-28000000,2.333,2.042,2495000000,170000000,2325000000,2495000000,0,302000000,0,0.017,0.975,119000000,421000000,0.139,421000000,119000000,-54000000,-0.47,-0.47,-0.47,3347000000,3192000000,3347000000,,,,436000000,7.013,1.0,866000000,0.287,3199000000,173000000,7041000000,7248500000,539000000,292000000,0,292000000,6835000000,1238000000,5597000000,3604555100,-69000000,19000000,-500000000,-1251000000,-97000000,-394000000,-332000000,-4000000,665000000,-8000000,-29000000,-29000000,-29000000,-255000000,1000000,-0.01,1001000000,-135000000,376000000,-2.074,1.077,-124.295,-123.351,1900000000,0,57.975,1.194,1.194,725000000,2704000000,3019000000,3019000000,87000000,-0.003,-0.009,0.016,0.039,30000000,914000000,1.0,62174301,62174301,,48.557,6801000000,35000000,-25000000,315000000,109.386,1650000000
ASH,MRY,2017-12-31,2017-09-30,2017-09-30,2018-05-02,0,8618000000,8843250000,1903000000,6715000000,0.369,54.581,-194000000,566000000,566000000,2372000000,28000000,1.966,1.53,2819000000,235000000,2584000000,2819000000,0,301000000,0,0.013,0.84,242000000,543000000,0.167,543000000,242000000,8000000,0.01,0.01,0.01,3406000000,3320000000,3406000000,6401487443,26,11.789,171000000,2.74,1.0,888000000,0.272,3784000000,234000000,6119000000,6561750000,634000000,302000000,0,302000000,5212000000,968000000,4244000000,4080487443,-622000000,-662000000,0,228000000,-77000000,137000000,-1119000000,-2000000,365000000,-5000000,1000000,1000000,1000000,-133000000,27000000,0.0,753000000,135000000,409000000,84.0,1.198,4080.487,6539.0,1970000000,0,65.39,1.252,1.252,821000000,2696000000,3260000000,3260000000,83000000,0.0,0.0,0.037,0.074,20000000,670000000,1.0,62402316,62402316,,52.242,4834000000,28000000,7000000,375000000,77.465,935000000
