ticker,dimension,calendardate,datekey,reportperiod,lastupdated,accoci,assets,assetsavg,assetsc,assetsnc,assetturnover,bvps,capex,cashneq,cashnequsd,cor,consolinc,currentratio,de,debt,debtc,debtnc,debtusd,deferredrev,depamor,deposits,divyield,dps,ebit,ebitda,ebitdamargin,ebitdausd,ebitusd,ebt,eps,epsdil,epsusd,equity,equityavg,equityusd,ev,evebit,evebitda,fcf,fcfps,fxusd,gp,grossmargin,intangibles,intexp,invcap,invcapavg,inventory,investments,investmentsc,investmentsnc,liabilities,liabilitiesc,liabilitiesnc,marketcap,ncf,ncfbus,ncfcommon,ncfdebt,ncfdiv,ncff,ncfi,ncfinv,ncfo,ncfx,netinc,netinccmn,netinccmnusd,netincdis,netincnci,netmargin,opex,opinc,payables,payoutratio,pb,pe,pe1,ppnenet,prefdivis,price,ps,ps1,receivables,retearn,revenue,revenueusd,rnd,roa,roe,roic,ros,sbcomp,sgna,sharefactor,sharesbas,shareswa,shareswadil,sps,tangibles,taxassets,taxexp,taxliabilities,tbvps,workingcapital
ATAI,MRY,2011-12-31,2011-03-31,2011-03-31,2018-04-12,-22217189,435447036,431975068,325491044,109955992,0.704,8.192,-3875495,268058194,40933864,149216172,19754016,4.826,0.196,0,0,0,0,22924220,13635560,0,0.0,0.0,23066303,36701863,0.121,5604563,3522343,23066303,0.88,0.88,0.134,364063000,354768934,55594291,146207109,41,26.087,58222984,1.31,6.549,154687639,0.509,43778954,0,56162300,72969402,344909,0,0,0,71384036,67447588,3936448,177767048,54183942,0,0,0,0,0,-3875495,0,62098479,-4039042,19754016,19754016,3016539,0,0,0.065,133795427,20892212,0,0.0,3.198,58.931,59.532,63040178,0,8.0,3.831,7.661,46015800,-107697998,303903811,46407674,22756340,0.046,0.056,0.316,0.076,4651971,108803460,0.5,44441762,44441762,,1.044,391668082,0,3312287,112847,8.813,258043456
ATAI,MRY,2012-12-31,2012-03-31,2012-03-31,2018-04-12,-26004399,460720127,448083581,355069384,105650743,0.786,8.012,-5347008,257167696,40814134,158818041,55841470,3.899,0.257,0,0,0,0,30433204,11278264,0,0.062,0.43,70180552,81458816,0.231,12928027,11138095,70180552,2.44,2.38,0.387,366414571,365238785,58152301,117563221,10,9.094,54005858,1.181,6.301,193267519,0.549,41020116,0,71466806,63814553,0,0,0,0,94305556,91065509,3240047,158913546,-10890498,0,631844,0,-63634726,-61967086,-5347008,0,59352866,-2929270,55841470,55841470,8862393,0,0,0.159,128781530,64485989,0,1.11,2.733,17.931,17.947,59890306,0,6.95,2.844,5.688,81844571,-51856528,352085560,55878197,18402166,0.125,0.153,1.1,0.199,12264397,108028374,0.5,45730517,45730517,,1.222,419700011,0,14339082,139931,9.178,264003875
ATAI,MRY,2013-12-31,2013-03-31,2013-03-31,2018-04-12,-26379146,457818481,459269304,354770096,103048385,0.798,8.171,-7966826,290029715,46592316,188831873,23207990,4.459,0.219,0,0,0,0,10020821,10617534,0,0.043,0.174,30212972,40830506,0.111,6559286,4853614,30212972,1.0,1.0,0.161,375547719,370981145,60330501,51514391,10,7.854,59810917,1.301,6.225,177843622,0.485,38505724,0,49715255,60591030,0,0,0,0,82270762,79567787,2702975,91924752,32862019,0,-329357,0,-25331341,-26574151,-7966826,0,67777743,-374747,23207990,23207990,3728286,0,0,0.063,150830194,27013428,0,1.083,1.524,24.656,24.899,61310690,0,4.0,1.561,3.121,51114718,-28648538,366675495,58905208,21846305,0.051,0.063,0.499,0.082,12874056,119843827,0.5,45962376,45962376,,1.282,419312757,0,7004982,58681,9.123,275202309
ATAI,MRY,2014-12-31,2014-03-31,2014-03-31,2018-04-12,-27145929,491236724,474527602,398092847,93143877,0.811,8.954,-4132479,314647098,50728733,188480346,27276435,5.16,0.193,0,0,0,0,10578709,10754370,0,0.0,0.0,47171897,57926267,0.151,9339117,7605252,47171897,1.18,1.18,0.19,411891872,393719795,66406946,44430197,5,4.757,33211281,0.722,6.203,196188032,0.51,32804837,0,66635319,58175287,0,0,0,0,79344852,77149470,2195382,91540620,21917383,-9826706,-132528,0,0,-700409,-13959185,0,37343760,-766783,27276435,27276435,4397621,0,0,0.071,153736959,42451073,0,0.0,1.378,20.816,20.92,55814182,0,3.98,1.476,2.952,68353075,-1372103,384668378,62017859,27673298,0.057,0.069,0.811,0.123,10534910,118864889,0.5,46000312,46000312,,1.348,458431887,0,19895462,0,9.966,320943377
ATAI,MRY,2015-12-31,2015-03-31,2015-03-31,2018-04-12,-27176682,455244300,473240512,312950666,142293634,0.74,8.186,-14805579,240295371,38809585,172539260,23055720,4.109,0.207,0,0,0,0,23506467,7583790,0,0.1,0.41,28494412,36078202,0.103,5826912,4602070,32630866,0.98,0.98,0.158,377322408,394607140,60940526,43901684,9,7.534,31046656,0.674,6.192,177618564,0.507,31955671,-4136454,106835098,86735208,0,35729848,0,35729848,77921892,76158160,1763732,94487611,-71651727,0,-4458184,0,-58349122,-63660710,-52759443,-37953864,45852235,-1083809,23055720,23055720,3723679,0,0,0.066,145860253,31758311,0,2.59,1.55,25.375,25.904,62720375,0,4.1,1.671,3.342,48150046,21683617,350157824,56553232,36836338,0.049,0.058,0.329,0.081,7111316,109945297,0.5,46091518,46091518,,1.227,423288629,0,9575146,0,9.184,236792506
ATAI,MRY,2016-12-31,2016-03-31,2016-03-31,2018-04-12,-25174129,470461130,462852715,316488151,153972979,0.901,8.588,-3019157,247667737,38298996,208017208,26051187,4.257,0.193,0,0,0,0,18490915,8611508,0,0.0,0.0,41399955,50011463,0.12,7733703,6402031,44972666,1.14,1.14,0.176,394230588,385776498,60963273,80278445,12,10.38,61485614,1.339,6.467,209122761,0.501,31762797,-3572711,116678805,111756951,0,50685846,0,50685846,76230542,74351791,1878751,119124985,7372366,0,-19536028,0,0,-20310382,-36801464,-23782307,64504771,-20559,26051187,26051187,4028519,0,0,0.062,157388148,51734613,0,0.0,1.954,29.57,29.44,57229727,0,5.19,1.847,3.693,60552034,47734804,417139969,64505948,36529145,0.056,0.068,0.37,0.099,9164822,120986855,0.5,45905582,45905582,,1.405,438698333,3687804,18921479,0,9.557,242136360
ATAI,MRY,2017-12-31,2017-03-31,2017-03-31,2018-04-12,-25069771,519840116,495150623,295945492,223894624,0.954,8.559,-3195686,252448413,36632915,239852504,-9969407,2.872,0.325,3449650,3449650,0,500580,11953519,10293833,0,0.0,0.0,24967034,35260867,0.075,5116722,3622978,28880984,-0.42,-0.42,-0.061,392457228,393343908,56949665,49659661,13,9.705,58349040,1.272,6.891,232533212,0.492,43850496,-3913950,123960463,120319634,0,88891687,0,88891687,127382888,103030394,24352494,87123261,-25219324,-810115,0,3449650,0,7249603,-93951601,-89945800,61544726,-62052,-9716002,-9716002,-1409893,0,-253405,-0.021,161026108,71507104,0,0.0,1.53,-61.794,-62.35,51868914,0,3.8,1.271,2.542,66161255,38018802,472385716,68548128,43430385,-0.02,-0.025,0.208,0.053,6958403,116901263,0.5,45854348,45854348,,1.495,475989620,3388760,38596986,22620872,10.38,192915098
