ticker,dimension,calendardate,datekey,reportperiod,lastupdated,accoci,assets,assetsavg,assetsc,assetsnc,assetturnover,bvps,capex,cashneq,cashnequsd,cor,consolinc,currentratio,de,debt,debtc,debtnc,debtusd,deferredrev,depamor,deposits,divyield,dps,ebit,ebitda,ebitdamargin,ebitdausd,ebitusd,ebt,eps,epsdil,epsusd,equity,equityavg,equityusd,ev,evebit,evebitda,fcf,fcfps,fxusd,gp,grossmargin,intangibles,intexp,invcap,invcapavg,inventory,investments,investmentsc,investmentsnc,liabilities,liabilitiesc,liabilitiesnc,marketcap,ncf,ncfbus,ncfcommon,ncfdebt,ncfdiv,ncff,ncfi,ncfinv,ncfo,ncfx,netinc,netinccmn,netinccmnusd,netincdis,netincnci,netmargin,opex,opinc,payables,payoutratio,pb,pe,pe1,ppnenet,prefdivis,price,ps,ps1,receivables,retearn,revenue,revenueusd,rnd,roa,roe,roic,ros,sbcomp,sgna,sharefactor,sharesbas,shareswa,shareswadil,sps,tangibles,taxassets,taxexp,taxliabilities,tbvps,workingcapital
ATRC,MRY,2011-12-31,2011-12-31,2011-12-31,2018-04-28,-37000,33859000,35211677,31193000,2666000,1.829,0.984,-1133000,9759000,9759000,17406000,-5456000,2.886,1.168,6469000,1543000,4926000,6469000,0,1922000,0,0.0,0.0,-4611000,-2689000,-0.042,-2689000,-4611000,-5425000,-0.35,-0.35,-0.35,15615000,16165795,15615000,183736595,-39,-68.329,-3119000,-0.199,1.0,46996000,0.73,45000,814000,19715000,25201609,6563000,4424000,4424000,0,18244000,10809000,7435000,180347327,5528000,0,1474000,3373000,0,4847000,2724000,3857000,-1986000,-57000,-5456000,-5456000,-5456000,0,0,-0.085,51727000,-4731000,5270000,0.0,11.55,-33.055,-31.714,2351000,0,11.1,2.8,2.701,9514000,-103217000,64402000,64402000,11857000,-0.155,-0.338,-0.183,-0.072,2939000,39870000,1.0,16247507,15672000,15672000,4.109,33814000,0,31000,0,2.131,20384000
ATRC,MRY,2012-12-31,2012-12-31,2012-12-31,2018-04-28,77000,32431000,34696770,28539000,3892000,2.025,0.765,-2961000,7753000,7753000,20233000,-7534000,2.338,1.594,8436000,2029000,6407000,8436000,0,1899000,0,0.0,0.0,-6682000,-4783000,-0.068,-4783000,-6682000,-7484000,-0.47,-0.47,-0.47,12500000,13912194,12500000,115755507,-17,-24.201,-4897000,-0.302,1.0,50014000,0.712,32000,802000,20877000,22973064,5718000,4247000,4247000,0,19931000,12205000,7726000,115058507,-2006000,0,885000,1777000,0,2662000,-2797000,164000,-1936000,65000,-7534000,-7534000,-7534000,0,0,-0.107,57212000,-7198000,5103000,0.0,9.205,-15.272,-14.681,3430000,0,6.9,1.638,1.59,9948000,-110751000,70247000,70247000,12147000,-0.217,-0.542,-0.291,-0.095,3468000,45065000,1.0,16675146,16190000,16190000,4.339,32399000,0,50000,0,1.984,16334000
ATRC,MRY,2013-12-31,2013-12-31,2013-12-31,2018-04-28,-139000,111947000,71298000,52487000,59460000,1.149,3.492,-2816000,14892000,14892000,22326000,-11462000,1.965,0.542,6450000,2038000,4412000,6450000,0,2020000,0,0.0,0.0,-10878000,-8858000,-0.108,-8858000,-10878000,-11444000,-0.56,-0.56,-0.56,72604000,46397250,72604000,373780578,-34,-42.197,-8038000,-0.393,1.0,59563000,0.727,45685000,566000,31107000,24140750,10214000,19233000,11319000,7914000,39343000,26713000,12630000,392642578,7139000,3708000,28982000,-2154000,0,26828000,-14151000,-15043000,-5222000,-316000,-11462000,-11462000,-11462000,0,0,-0.14,70454000,-10891000,8605000,0.0,5.408,-34.256,-33.357,5643000,0,18.68,4.795,4.661,13652000,-122213000,81889000,81889000,13440000,-0.161,-0.247,-0.451,-0.133,3080000,57014000,1.0,21019410,20431000,20431000,4.008,66262000,0,18000,0,3.187,25774000
ATRC,MRY,2014-12-31,2014-12-31,2014-12-31,2018-04-28,-348000,158404000,157507750,93508000,64896000,0.682,4.92,-9130000,28384000,28384000,31704000,-16211000,3.647,0.195,4055000,3981000,74000,4055000,0,4774000,0,0.0,0.0,-15873000,-11099000,-0.103,-11099000,-15873000,-16178000,-0.61,-0.61,-0.61,132538000,134014000,132538000,515392217,-32,-46.436,-30730000,-1.165,1.0,75750000,0.705,44264000,305000,64168000,50688250,14257000,40159000,31265000,8894000,25866000,25643000,223000,548322217,13492000,0,68735000,-2864000,0,65871000,-30623000,-21493000,-21600000,-156000,-16211000,-16211000,-16211000,0,0,-0.151,92110000,-16360000,7621000,0.0,4.137,-33.824,-32.721,11552000,0,19.96,5.103,4.899,17558000,-138424000,107454000,107454000,18600000,-0.103,-0.121,-0.313,-0.148,7571000,73510000,1.0,27471053,26374000,26374000,4.074,114140000,0,33000,0,4.237,67865000
ATRC,MRY,2015-12-31,2015-12-31,2015-12-31,2018-04-28,-611000,273092000,187862250,74752000,198340000,0.691,6.088,-23997000,23764000,23764000,36880000,-27212000,2.366,0.463,13710000,0,13710000,13710000,0,6278000,0,0.0,0.0,-26884000,-20606000,-0.159,-20606000,-26884000,-27176000,-0.97,-0.97,-0.97,186685000,142354750,186685000,707861554,-26,-34.352,-31839000,-1.135,1.0,92875000,0.716,159032000,292000,72418000,68181000,17659000,18520000,10814000,7706000,86407000,31588000,54819000,722936554,-4620000,-7581000,3460000,10629000,0,13961000,-10501000,21077000,-7842000,-238000,-27212000,-27212000,-27212000,0,0,-0.21,119595000,-26720000,12744000,0.0,3.872,-26.567,-23.134,31279000,0,22.44,5.572,4.852,19409000,-165636000,129755000,129755000,25742000,-0.145,-0.191,-0.394,-0.207,8997000,93853000,1.0,32216424,28058000,28058000,4.625,114060000,0,36000,0,3.72,43164000
ATRC,MRY,2016-12-31,2016-12-31,2016-12-31,2018-04-28,-468000,276421000,274740000,85717000,190704000,0.565,5.298,-7689000,24208000,24208000,44008000,-33338000,2.973,0.641,37205000,0,37205000,37205000,0,9299000,0,0.0,0.0,-31497000,-22198000,-0.143,-22198000,-31497000,-33298000,-1.05,-1.05,-1.05,168442000,174975750,168442000,673337095,-21,-30.333,-22808000,-0.722,1.0,111101000,0.716,157388000,1801000,103202000,102096000,17660000,22801000,19801000,3000000,107979000,28828000,79151000,650506095,444000,0,3254000,24561000,0,27695000,-12079000,-4390000,-15119000,-53000,-33338000,-33338000,-33338000,0,0,-0.215,142239000,-31138000,10673000,0.0,3.862,-19.512,-18.638,29995000,0,19.57,4.194,3.988,21094000,-198974000,155109000,155109000,35824000,-0.121,-0.191,-0.309,-0.203,11697000,106415000,1.0,33239964,31609000,31609000,4.907,119033000,0,40000,0,3.744,56889000
ATRC,MRY,2017-12-31,2017-12-31,2017-12-31,2018-04-28,34000,267704000,267772000,82258000,185446000,0.652,4.935,-6384000,21809000,21809000,48553000,-26892000,2.578,0.661,37422000,561000,36861000,37422000,0,9128000,0,0.0,0.0,-24614000,-15486000,-0.089,-15486000,-24614000,-26878000,-0.83,-0.83,-0.83,161166000,160611000,161166000,640962930,-26,-41.39,-15328000,-0.473,1.0,126163000,0.722,156021000,2264000,95393000,93321000,22451000,12642000,12642000,0,106538000,31903000,74635000,628807930,-2399000,0,4499000,-1689000,0,2760000,3761000,10145000,-8944000,24000,-26892000,-26892000,-26892000,0,0,-0.154,151142000,-24979000,12431000,0.0,3.902,-23.383,-21.976,28749000,0,18.24,3.599,3.381,23083000,-225866000,174716000,174716000,34144000,-0.1,-0.167,-0.264,-0.141,14615000,116998000,1.0,34474119,32387000,32387000,5.395,111683000,0,14000,0,3.42,50355000
