ticker,dimension,calendardate,datekey,reportperiod,lastupdated,accoci,assets,assetsavg,assetsc,assetsnc,assetturnover,bvps,capex,cashneq,cashnequsd,cor,consolinc,currentratio,de,debt,debtc,debtnc,debtusd,deferredrev,depamor,deposits,divyield,dps,ebit,ebitda,ebitdamargin,ebitdausd,ebitusd,ebt,eps,epsdil,epsusd,equity,equityavg,equityusd,ev,evebit,evebitda,fcf,fcfps,fxusd,gp,grossmargin,intangibles,intexp,invcap,invcapavg,inventory,investments,investmentsc,investmentsnc,liabilities,liabilitiesc,liabilitiesnc,marketcap,ncf,ncfbus,ncfcommon,ncfdebt,ncfdiv,ncff,ncfi,ncfinv,ncfo,ncfx,netinc,netinccmn,netinccmnusd,netincdis,netincnci,netmargin,opex,opinc,payables,payoutratio,pb,pe,pe1,ppnenet,prefdivis,price,ps,ps1,receivables,retearn,revenue,revenueusd,rnd,roa,roe,roic,ros,sbcomp,sgna,sharefactor,sharesbas,shareswa,shareswadil,sps,tangibles,taxassets,taxexp,taxliabilities,tbvps,workingcapital
AVHI,MRY,2011-12-31,2011-12-31,2011-12-31,2018-04-28,0,409056000,505938250,,,0.176,16.667,-831000,132188000,132188000,101500000,-165881000,,0.607,105402000,,,105402000,1611000,3762000,0,0.0,0.0,-156188000,-152426000,-1.713,-152426000,-156188000,-165704000,-13.33,-13.33,-13.33,254197000,337664500,254197000,82576106,0,-0.542,-18188000,-1.193,1.0,-12518000,-0.141,0,9516000,382270000,465980500,180067000,845000,,,154410000,,,109503106,9025000,3989000,0,23470000,0,23209000,3173000,0,-17357000,0,-166177000,-165881000,-165881000,0,-296000,-1.864,147449000,-159967000,3357000,0.0,0.431,-0.66,-0.539,46413000,0,7.18,1.231,1.231,7729000,2973000,88982000,88982000,0,-0.328,-0.491,-0.335,-1.755,1589000,17502000,1.0,15251129,15251129,,5.834,409056000,1293000,473000,0,26.821,
AVHI,MRY,2012-12-31,2012-12-31,2012-12-31,2018-04-28,0,337871000,375359250,,,0.283,12.762,-4271000,84497000,84497000,111121000,-90235000,,0.951,105402000,,,105402000,1985000,4405000,0,0.0,0.0,-79710000,-75305000,-0.709,-75305000,-79710000,-87683000,-7.19,-7.19,-7.19,166172000,217749250,166172000,181745661,-2,-2.413,-52584000,-4.039,1.0,-4960000,-0.047,0,7973000,358776000,370291250,171044000,1220000,,,157995000,,,185149661,-44501000,-116000,0,-1683000,0,8199000,-4387000,0,-48313000,0,-87683000,-90235000,-90235000,0,2552000,-0.85,75191000,-80151000,4656000,0.0,1.114,-2.052,-1.978,36661000,0,14.22,1.744,1.744,6730000,-106110000,106161000,106161000,0,-0.24,-0.414,-0.215,-0.751,3034000,16148000,1.0,13020370,13020370,,8.153,337871000,1293000,0,0,25.949,
AVHI,MRY,2013-12-31,2013-12-31,2013-12-31,2018-04-28,0,466728000,431240000,,,0.328,13.003,-1023000,148683000,148683000,133066000,-9477000,,0.577,105402000,,,105402000,0,2804000,2323000,0.0,0.0,-5442000,-2638000,-0.019,-2638000,-5442000,-8272000,-1.34,-1.34,-1.34,286101000,231138250,286101000,324662231,-59,-123.071,-63460000,-2.884,1.0,8416000,0.059,0,2830000,423447000,385108000,240078000,1230000,,,164994000,,,399775231,64912000,-111000,35805000,0,0,128483000,-1134000,0,-62437000,0,-8272000,-21371000,-21371000,0,1205000,-0.151,15975000,-7559000,9757000,0.0,1.397,-18.706,-13.56,37844000,11894000,18.17,2.826,2.826,3893000,-127481000,141482000,141482000,0,-0.05,-0.092,-0.014,-0.038,1648000,15975000,1.0,22001939,22001939,,6.43,466728000,0,0,0,21.213,
AVHI,MRY,2014-12-31,2014-12-31,2014-12-31,2018-04-28,0,668886000,615121250,,,0.465,13.066,-1803000,196781000,196781000,231837000,-1274000,,1.333,299956000,,,299956000,0,3267000,4966000,0.0,0.0,4202000,7469000,0.026,7469000,4202000,-1603000,-0.09,-0.09,-0.09,286740000,284858000,286740000,427309636,101,57.211,-83212000,-3.792,1.0,54076000,0.189,6071000,5805000,765990000,690321000,383184000,17991000,,,382146000,,,321947636,35607000,-66295000,0,185334000,0,185114000,-68098000,0,-81409000,0,-1603000,-1603000,-1603000,0,329000,-0.006,50305000,3771000,16087000,0.0,1.123,-200.841,-161.889,36922000,0,14.57,1.126,1.118,2906000,-129413000,285913000,285913000,0,-0.003,-0.006,0.006,0.015,2770000,50305000,1.0,22096612,21945000,21945000,13.029,662815000,0,0,0,30.203,
AVHI,MRY,2015-12-31,2015-12-31,2015-12-31,2018-04-28,0,736139000,715765250,,,0.723,13.707,-1178000,73846000,73846000,417063000,11950000,,1.44,320846000,,,320846000,0,3693000,8629000,0.0,0.0,21425000,25118000,0.049,25118000,21425000,12386000,0.54,0.54,0.54,301681000,287062000,301681000,594422177,27,23.665,-60155000,-2.733,1.0,100703000,0.194,19295000,9039000,963844000,927579250,582531000,1172000,,,434458000,,,286228177,-133436000,-96647000,0,24695000,0,23366000,-97825000,0,-58977000,0,11950000,11950000,11950000,0,0,0.023,79586000,21117000,33606000,0.0,0.949,23.952,23.722,34973000,0,12.81,0.553,0.545,7178000,-117463000,517766000,517766000,0,0.017,0.042,0.023,0.041,3113000,79586000,1.0,22344120,22010000,22130000,23.524,716844000,0,436000,0,32.569,
AVHI,MRY,2016-12-31,2016-12-31,2016-12-31,2018-04-28,0,840233000,810746500,,,0.961,20.33,-1567000,69023000,69023000,637849000,147107000,,0.864,275660000,,,275660000,0,6368000,9979000,0.0,0.0,41253000,47621000,0.061,47621000,41253000,37586000,6.58,5.66,6.58,450807000,402314250,450807000,629437832,15,13.218,72245000,3.233,1.0,141456000,0.182,19285000,3667000,1027585000,1055892000,584408000,0,,,389426000,,,356607832,20894000,-10000,0,-46793000,0,-51341000,-1577000,0,73812000,0,147107000,147107000,147107000,0,0,0.189,100219000,41237000,37387000,0.0,0.791,2.424,2.401,33680000,0,15.8,0.458,0.453,10827000,29644000,779305000,779305000,0,0.181,0.366,0.039,0.053,2207000,100219000,1.0,22570116,22346000,26509000,34.874,820948000,110257000,-109521000,0,37.021,
AVHI,MRY,2017-12-31,2017-12-31,2017-12-31,2018-04-28,0,1010144000,1022631500,,,0.825,19.189,-2156000,242155000,242155000,699127000,-21936000,,1.338,472108000,,,472108000,0,6897000,9507000,0.0,0.0,28950000,35847000,0.043,35847000,28950000,18332000,-0.98,-0.98,-0.98,431970000,449042250,431970000,675017221,23,18.831,32453000,1.443,1.0,144126000,0.171,30290000,10618000,1209807000,1254811750,603851000,0,,,578174000,,,373887221,173198000,-41417000,0,185134000,0,182162000,-43573000,0,34609000,0,-21936000,-21936000,-21936000,0,0,-0.026,106391000,37735000,35810000,0.0,0.866,-17.044,-16.99,32664000,0,16.65,0.443,0.444,13702000,7655000,843253000,843253000,0,-0.021,-0.049,0.023,0.034,3312000,106391000,1.0,22455689,22493000,22493000,37.49,979854000,70365000,40268000,0,43.528,
