ticker,dimension,calendardate,datekey,reportperiod,lastupdated,accoci,assets,assetsavg,assetsc,assetsnc,assetturnover,bvps,capex,cashneq,cashnequsd,cor,consolinc,currentratio,de,debt,debtc,debtnc,debtusd,deferredrev,depamor,deposits,divyield,dps,ebit,ebitda,ebitdamargin,ebitdausd,ebitusd,ebt,eps,epsdil,epsusd,equity,equityavg,equityusd,ev,evebit,evebitda,fcf,fcfps,fxusd,gp,grossmargin,intangibles,intexp,invcap,invcapavg,inventory,investments,investmentsc,investmentsnc,liabilities,liabilitiesc,liabilitiesnc,marketcap,ncf,ncfbus,ncfcommon,ncfdebt,ncfdiv,ncff,ncfi,ncfinv,ncfo,ncfx,netinc,netinccmn,netinccmnusd,netincdis,netincnci,netmargin,opex,opinc,payables,payoutratio,pb,pe,pe1,ppnenet,prefdivis,price,ps,ps1,receivables,retearn,revenue,revenueusd,rnd,roa,roe,roic,ros,sbcomp,sgna,sharefactor,sharesbas,shareswa,shareswadil,sps,tangibles,taxassets,taxexp,taxliabilities,tbvps,workingcapital
AVT,MRY,2011-12-31,2011-07-02,2011-07-02,2018-05-01,377211000,9905569000,9737968000,8227207000,1678362000,2.725,26.523,-138086000,675334000,675334000,23426608000,669069000,1.837,1.442,1516588000,243079000,1273509000,1516588000,0,81389000,0,0.0,0.0,963418000,1044807000,0.039,1044807000,963418000,870966000,4.39,4.34,4.39,4056070000,3640735500,4056070000,6074074633,6,5.814,139993000,0.918,1.0,3107805000,0.117,885072000,92452000,5384023000,5236690750,2596470000,0,0,0,5849499000,4477728000,1371771000,4972872633,-416768000,-671889000,0,59282000,0,63212000,-809975000,0,278079000,51916000,669069000,669069000,669069000,0,0,0.025,2155111000,952694000,3561633000,0.0,1.226,7.433,7.415,419173000,0,32.55,0.187,0.187,4764293000,2293510000,26534413000,26534413000,0,0.069,0.184,0.184,0.036,28931000,2100650000,1.0,152776425,152481000,154337000,174.018,9020497000,0,201897000,0,58.986,3749479000
AVT,MRY,2012-12-31,2012-06-30,2012-06-30,2018-05-01,-45832000,10167866000,10070194750,8254439000,1913427000,2.553,27.024,-128652000,1006864000,1006864000,22656965000,567019000,1.72,1.603,2144389000,872404000,1271985000,2144389000,0,101336000,0,0.0,0.0,881641000,982977000,0.038,982977000,881641000,790782000,3.85,3.79,3.85,3905732000,3935902500,3905732000,5654469402,6,5.752,400066000,2.716,1.0,3050557000,0.119,1100621000,90859000,5406118000,5397857000,2388642000,0,0,0,6262134000,4798652000,1463482000,4476327402,331530000,-313218000,-318333000,595816000,0,283073000,-440824000,0,528718000,-39437000,567019000,567019000,567019000,0,0,0.022,2163474000,887083000,3230765000,0.0,1.146,7.894,8.016,461230000,0,30.86,0.174,0.177,4607324000,2545858000,25707522000,25707522000,0,0.056,0.144,0.163,0.034,35737000,2092807000,1.0,145052735,147278000,149553000,174.551,9067245000,0,223763000,0,62.737,3455787000
AVT,MRY,2013-12-31,2013-06-29,2013-06-29,2018-05-01,28895000,10474680000,10334708000,8356878000,2117802000,2.463,31.271,-97379000,1009343000,1009343000,22479123000,450073000,1.733,1.442,2045183000,838190000,1206993000,2045183000,0,120676000,0,0.0,0.0,656918000,777594000,0.031,777594000,656918000,549265000,3.26,3.21,3.26,4289125000,4114626750,4289125000,5863598505,8,7.541,598818000,4.341,1.0,2979801000,0.117,1433500000,107653000,5255576000,5613313250,2264341000,0,0,0,6185555000,4821444000,1364111000,4604918505,2479000,-262306000,-207192000,-141683000,0,-344083000,-353054000,0,696197000,3419000,450073000,450073000,450073000,0,0,0.018,2322809000,656992000,3278152000,0.0,1.074,10.231,10.307,492606000,0,33.6,0.181,0.182,4868973000,2802966000,25458924000,25458924000,0,0.044,0.109,0.117,0.026,43677000,2204319000,1.0,137051146,137951000,140003000,184.55,9041180000,0,99192000,0,65.918,3535434000
AVT,MRY,2014-12-31,2014-06-28,2014-06-28,2018-05-01,139512000,11250654000,11048749000,8954199000,2296455000,2.489,35.326,-123242000,928971000,928971000,24273923000,545604000,1.798,1.301,2074039000,865088000,1208951000,2074039000,0,137188000,0,0.014,0.6,805950000,943138000,0.034,943138000,805950000,701127000,3.95,3.89,3.95,4890193000,4687487250,4890193000,7159664133,8,7.591,114176000,0.827,1.0,3225731000,0.117,1532776000,104823000,5884120000,5808649250,2613363000,0,0,0,6360461000,4978826000,1381635000,6049448133,-80372000,-116882000,-8616000,-6235000,-82755000,-88497000,-237458000,0,237418000,8165000,545604000,545604000,545604000,0,0,0.02,2413689000,812042000,3402369000,0.152,1.237,11.088,11.066,534999000,0,43.71,0.22,0.219,5220528000,3257407000,27499654000,27499654000,0,0.049,0.116,0.139,0.029,45916000,2341168000,1.0,138399637,137991000,140119000,199.286,9717878000,0,155523000,0,70.201,3975373000
AVT,MRY,2015-12-31,2015-06-27,2015-06-27,2018-05-01,-441038000,10799953000,10973199500,8584901000,2215052000,1.609,34.485,-133356000,932553000,932553000,15445184000,571913000,2.009,1.305,1977616000,331115000,1646501000,1977616000,0,82191000,0,0.015,0.64,745129000,827320000,0.047,827320000,745129000,658049000,4.18,4.12,4.18,4685021000,4671405000,4685021000,6988817876,9,8.448,450527000,3.296,1.0,2210135000,0.125,1378487000,87080000,6194233000,6279737500,2482183000,0,0,0,6114932000,4272296000,1842636000,5716770876,3582000,0,-159984000,-36124000,-87330000,-340988000,-186343000,0,583883000,-52970000,571913000,571913000,571913000,-86538000,0,0.032,1556989000,653146000,3338052000,0.153,1.22,9.996,10.069,568779000,0,42.09,0.324,0.326,5054307000,3582599000,17655319000,17655319000,0,0.052,0.122,0.119,0.042,62006000,1515141000,1.0,135822544,136688000,138791000,129.165,9421466000,0,86136000,0,69.348,4312605000
AVT,MRY,2016-12-31,2016-07-02,2016-07-02,2018-05-01,-520775000,11239805000,11133018250,9003973000,2235832000,1.504,36.671,-137375000,1031478000,1031478000,14662651000,506531000,1.822,1.396,2491803000,1152599000,1339204000,2491803000,0,79590000,0,0.017,0.68,685571000,765161000,0.046,765161000,685571000,593635000,3.87,3.8,3.87,4691286000,4689190000,4691286000,6456104070,9,8.438,86940000,0.664,1.0,2077946000,0.124,644423000,91936000,7113214000,6315919000,2559921000,0,0,0,6548519000,4942493000,1606026000,5175308070,98925000,0,-380943000,491391000,-88594000,33355000,-152513000,0,224315000,-6232000,506531000,506531000,506531000,-115622000,0,0.03,1505034000,572912000,1590777000,0.176,1.103,10.217,10.406,453209000,0,40.27,0.309,0.315,2769906000,3632271000,16740597000,16740597000,0,0.045,0.108,0.109,0.041,56908000,1460273000,1.0,128515224,130858000,133173000,127.929,10595382000,0,87104000,0,82.822,4061480000
AVT,MRY,2017-12-31,2017-07-01,2017-07-01,2018-05-01,-243866000,9699589000,10961871250,7533808000,2165781000,1.591,41.721,-120397000,836384000,836384000,15070521000,525278000,3.07,0.872,1779325000,50113000,1729212000,1779325000,0,155360000,0,0.018,0.7,679022000,834382000,0.048,834382000,679022000,572331000,4.13,4.08,4.13,5182068000,4945632250,5182068000,5487342069,8,6.577,-489088000,-3.85,1.0,2369442000,0.136,1425638000,106691000,6763121000,7764456250,2824709000,281326000,281326000,0,4517521000,2453771000,2063750000,4859767069,-195094000,-802744000,-275884000,-825180000,-88657000,-1188144000,1338474000,0,-368691000,23267000,525278000,525278000,525278000,-261927000,0,0.03,1908042000,461400000,1861635000,0.169,0.938,9.252,9.414,519575000,0,38.88,0.279,0.283,3337624000,3799363000,17439963000,17439963000,0,0.048,0.106,0.087,0.039,47686000,1770627000,1.0,124994009,127032000,128651000,137.288,8273951000,0,47053000,0,66.613,5080037000
