ticker,dimension,calendardate,datekey,reportperiod,lastupdated,accoci,assets,assetsavg,assetsc,assetsnc,assetturnover,bvps,capex,cashneq,cashnequsd,cor,consolinc,currentratio,de,debt,debtc,debtnc,debtusd,deferredrev,depamor,deposits,divyield,dps,ebit,ebitda,ebitdamargin,ebitdausd,ebitusd,ebt,eps,epsdil,epsusd,equity,equityavg,equityusd,ev,evebit,evebitda,fcf,fcfps,fxusd,gp,grossmargin,intangibles,intexp,invcap,invcapavg,inventory,investments,investmentsc,investmentsnc,liabilities,liabilitiesc,liabilitiesnc,marketcap,ncf,ncfbus,ncfcommon,ncfdebt,ncfdiv,ncff,ncfi,ncfinv,ncfo,ncfx,netinc,netinccmn,netinccmnusd,netincdis,netincnci,netmargin,opex,opinc,payables,payoutratio,pb,pe,pe1,ppnenet,prefdivis,price,ps,ps1,receivables,retearn,revenue,revenueusd,rnd,roa,roe,roic,ros,sbcomp,sgna,sharefactor,sharesbas,shareswa,shareswadil,sps,tangibles,taxassets,taxexp,taxliabilities,tbvps,workingcapital
AVY,MRY,2011-12-31,2011-12-31,2011-12-31,2018-05-01,-263200000,4972700000,5176975000,2218800000,2753900000,1.164,15.631,-131000000,178000000,178000000,4504900000,190100000,1.347,1.998,1181300000,227100000,954200000,1181300000,0,246500000,0,0.035,1.0,339600000,586100000,0.097,586100000,339600000,268600000,1.8,1.78,1.8,1658500000,1737350000,1658500000,4313733631,12,7.36,291700000,2.757,1.0,1521400000,0.252,920500000,71000000,3408400000,3530900000,475100000,0,0,0,3314200000,1647100000,1667100000,3045733631,50500000,21500000,-9600000,-147900000,-106500000,-271500000,-104200000,300000,422700000,3500000,190100000,190100000,190100000,-35700000,0,0.032,1170900000,350500000,736500000,0.556,1.836,16.022,15.933,1079400000,0,28.68,0.505,0.504,877100000,1810500000,6026300000,6026300000,0,0.037,0.109,0.096,0.056,39600000,1170900000,1.0,106197128,105800000,106800000,56.959,4052200000,439700000,78500000,207600000,38.192,571700000
AVY,MRY,2012-12-31,2012-12-29,2012-12-29,2018-05-01,-278000000,5105300000,5084125000,2411700000,2693600000,1.187,15.777,-154100000,235400000,235400000,4458500000,215400000,1.163,2.229,1222400000,520200000,702200000,1222400000,0,220600000,0,0.031,1.08,374600000,595200000,0.099,595200000,374600000,301800000,2.1,2.08,2.1,1580900000,1600275000,1580900000,4612401367,12,7.749,359300000,3.502,1.0,1577100000,0.261,889400000,72800000,3128400000,3216325000,473300000,0,0,0,3524400000,2074500000,1449900000,3426001367,57400000,800000,-225000000,40500000,-110400000,-297600000,-160000000,-6700000,513400000,1600000,215400000,215400000,215400000,-46300000,0,0.036,1179400000,397700000,804300000,0.514,2.167,15.905,16.381,1015500000,0,34.4,0.568,0.585,972800000,1910800000,6035600000,6035600000,0,0.042,0.135,0.116,0.062,38900000,1179400000,1.0,99593063,102600000,103500000,58.827,4215900000,460700000,86400000,205600000,42.075,337200000
AVY,MRY,2013-12-31,2013-12-28,2013-12-28,2018-05-01,-281100000,4610600000,4918000000,2091800000,2518800000,1.248,15.495,-142700000,351600000,351600000,4502300000,215800000,1.346,2.09,1027500000,76900000,950600000,1027500000,0,204600000,0,0.023,1.14,393600000,598200000,0.097,598200000,393600000,334600000,2.19,2.16,2.19,1492200000,1538600000,1492200000,5633267502,14,9.417,177400000,1.803,1.0,1637700000,0.267,847100000,59000000,2885300000,3189475000,494100000,0,0,0,3118400000,1554100000,1564300000,4877167502,116200000,481200000,-238700000,-187200000,-112000000,-546200000,339400000,100000,320100000,2900000,215800000,215800000,215800000,28500000,0,0.035,1179000000,458700000,889500000,0.521,3.268,22.6,23.05,922500000,0,50.48,0.794,0.809,1016500000,2009100000,6140000000,6140000000,0,0.044,0.14,0.123,0.064,34000000,1179000000,1.0,96615838,98400000,100100000,62.398,3763500000,366800000,118800000,186600000,39.081,537700000
AVY,MRY,2014-12-31,2015-01-03,2015-01-03,2018-05-01,-545500000,4356900000,4514575000,1921300000,2435600000,1.402,11.501,-170700000,207200000,207200000,4679100000,245100000,1.206,3.159,1144400000,204300000,940100000,1144400000,0,201600000,0,0.026,1.34,421900000,623500000,0.098,623500000,421900000,358600000,2.61,2.56,2.61,1047700000,1319650000,1047700000,5634723483,13,9.037,184200000,1.964,1.0,1651200000,0.261,789000000,63300000,2912100000,3022600000,491800000,0,0,0,3309200000,1593000000,1716200000,4718123483,-143900000,0,-321300000,124900000,-125100000,-323500000,-170400000,300000,354900000,-4900000,245100000,245100000,245100000,2200000,0,0.039,1158900000,492300000,797800000,0.513,4.503,19.25,19.843,875300000,0,51.79,0.745,0.767,958100000,2116500000,6330300000,6330300000,0,0.054,0.186,0.14,0.067,28300000,1158900000,1.0,91101052,93800000,95700000,67.487,3567900000,420400000,113500000,187900000,39.165,328300000
AVY,MRY,2015-12-31,2016-01-02,2016-01-02,2018-05-01,-683000000,4133700000,4262200000,1775400000,2358300000,1.4,10.647,-143900000,158800000,158800000,4321100000,274300000,1.217,3.281,1058900000,95300000,963600000,1058900000,0,188300000,0,0.023,1.46,469300000,657600000,0.11,657600000,469300000,408800000,3.01,2.95,3.01,965700000,1035925000,965700000,6590368112,14,10.022,329800000,3.624,1.0,1645800000,0.276,732000000,60500000,2842700000,2915850000,478700000,0,0,0,3168000000,1459100000,1708900000,5708468112,-48400000,0,-128300000,-105800000,-133100000,-367300000,-142900000,-500000,473700000,-11900000,274300000,274300000,274300000,100000,0,0.046,1108100000,537700000,814600000,0.485,5.911,20.811,20.817,847900000,0,62.66,0.957,0.956,964700000,2277600000,5966900000,5966900000,0,0.064,0.265,0.161,0.079,26300000,1108100000,1.0,91102268,91000000,92900000,65.57,3401700000,403100000,134500000,153000000,37.505,316300000
AVY,MRY,2016-12-31,2016-12-31,2016-12-31,2018-05-01,-751900000,4396400000,4385250000,1904800000,2491600000,1.388,10.422,-198100000,195100000,195100000,4386800000,320700000,0.95,3.75,1292500000,579100000,713400000,1292500000,0,180100000,0,0.023,1.6,537000000,717100000,0.118,717100000,537000000,477100000,3.6,3.54,3.6,925500000,973175000,925500000,7360189239,13,10.264,387200000,4.346,1.0,1699700000,0.279,860300000,59900000,2629200000,2822650000,519100000,0,0,0,3470900000,2004300000,1466600000,6248989239,36300000,-237200000,-191400000,232200000,-142500000,-106200000,-435400000,-100000,585300000,-7400000,320700000,320700000,320700000,0,0,0.053,1097500000,602200000,841900000,0.444,6.752,19.485,19.506,915200000,0,70.22,1.027,1.028,1001000000,2473300000,6086500000,6086500000,0,0.073,0.33,0.19,0.088,27200000,1097500000,1.0,88991587,89100000,90700000,68.311,3536100000,343500000,156400000,130200000,39.821,-99500000
AVY,MRY,2017-12-31,2017-12-30,2017-12-30,2018-05-01,-680500000,5136900000,5066150000,2237900000,2899000000,1.305,11.889,-220100000,224400000,224400000,4801600000,281800000,1.135,3.91,1581700000,265400000,1316300000,1581700000,0,178700000,0,0.019,2.21,652500000,831200000,0.126,831200000,652500000,589500000,3.19,3.13,3.19,1046200000,1066375000,1046200000,11560957228,17,13.909,430000000,4.87,1.0,1812200000,0.274,1151400000,63000000,3371000000,3454175000,609600000,0,0,0,4090700000,1971800000,2118900000,10111857228,29300000,-319300000,-107700000,199900000,-155500000,-83900000,-547700000,-8300000,650100000,10800000,281800000,281800000,281800000,0,0,0.043,1123200000,689000000,1007200000,0.693,9.665,35.883,36.006,1097900000,0,114.86,1.529,1.533,1180300000,2596700000,6613800000,6613800000,0,0.056,0.264,0.189,0.099,30200000,1123200000,1.0,88036368,88300000,90100000,74.901,3985500000,196300000,307700000,173300000,45.29,266100000
