ticker,dimension,calendardate,datekey,reportperiod,lastupdated,accoci,assets,assetsavg,assetsc,assetsnc,assetturnover,bvps,capex,cashneq,cashnequsd,cor,consolinc,currentratio,de,debt,debtc,debtnc,debtusd,deferredrev,depamor,deposits,divyield,dps,ebit,ebitda,ebitdamargin,ebitdausd,ebitusd,ebt,eps,epsdil,epsusd,equity,equityavg,equityusd,ev,evebit,evebitda,fcf,fcfps,fxusd,gp,grossmargin,intangibles,intexp,invcap,invcapavg,inventory,investments,investmentsc,investmentsnc,liabilities,liabilitiesc,liabilitiesnc,marketcap,ncf,ncfbus,ncfcommon,ncfdebt,ncfdiv,ncff,ncfi,ncfinv,ncfo,ncfx,netinc,netinccmn,netinccmnusd,netincdis,netincnci,netmargin,opex,opinc,payables,payoutratio,pb,pe,pe1,ppnenet,prefdivis,price,ps,ps1,receivables,retearn,revenue,revenueusd,rnd,roa,roe,roic,ros,sbcomp,sgna,sharefactor,sharesbas,shareswa,shareswadil,sps,tangibles,taxassets,taxexp,taxliabilities,tbvps,workingcapital
AXE,MRY,2011-12-31,2011-12-30,2011-12-30,2018-04-26,-85500000,3034000000,3092950000,2402900000,631100000,1.987,30.066,-26400000,106100000,106100000,4739500000,188200000,2.34,2.03,809800000,3000000,806800000,809800000,0,33500000,0,0.0,0.0,341100000,374600000,0.061,374600000,341100000,291000000,5.5,5.36,5.5,1001200000,1058050000,1001200000,2782212121,8,7.427,119400000,3.491,1.0,1407400000,0.229,351700000,50100000,2359100000,2507625000,1070700000,0,0,0,2032800000,1026900000,1005900000,1965512121,29100000,145200000,-94100000,-98300000,-900000,-235500000,118800000,0,145800000,-1400000,188200000,188200000,188200000,12500000,0,0.031,1044600000,362800000,706500000,0.0,1.963,10.444,10.844,88300000,0,59.64,0.32,0.332,1151000000,857000000,6146900000,6146900000,0,0.061,0.178,0.136,0.055,4200000,1044600000,1.0,32956273,34200000,35100000,179.734,2682300000,37700000,102800000,0,80.55,1376000000
AXE,MRY,2012-12-31,2012-12-28,2012-12-28,2018-04-26,-51800000,3089600000,3133125000,2450100000,639500000,1.996,29.843,-34200000,89400000,89400000,4844400000,124800000,2.533,2.185,983100000,900000,982200000,983100000,0,32500000,0,0.072,4.5,269300000,301800000,0.048,301800000,269300000,209600000,3.77,3.69,3.77,969900000,994000000,969900000,2917371748,10,9.667,108700000,3.284,1.0,1408700000,0.225,342000000,59700000,2674000000,2668950000,1060900000,0,0,0,2119700000,967300000,1152400000,2019971748,-15400000,-55300000,-55800000,134600000,-151400000,-68800000,-89500000,0,142900000,-1300000,124800000,124800000,124800000,0,0,0.02,1126200000,282500000,716900000,1.194,2.083,16.186,16.615,95900000,0,62.64,0.323,0.332,1225500000,770600000,6253100000,6253100000,0,0.04,0.126,0.101,0.043,11500000,1077700000,1.0,32247314,33100000,33800000,188.915,2747600000,40700000,84800000,0,84.542,1482800000
AXE,MRY,2013-12-31,2014-01-03,2014-01-03,2018-04-26,-26600000,2855900000,2944550000,2275700000,580200000,1.797,31.323,-32200000,57300000,57300000,4092200000,200500000,2.522,1.78,831100000,0,831100000,831100000,0,30100000,0,0.056,5.0,327500000,357600000,0.068,357600000,327500000,283600000,6.12,6.04,6.12,1027400000,1044025000,1027400000,3655787719,11,10.223,302300000,9.216,1.0,1198900000,0.227,342100000,43900000,2385200000,2472150000,959800000,0,0,0,1828500000,902400000,926100000,2915987719,-21800000,0,8100000,-147700000,-165700000,-324100000,-32200000,0,334500000,-10300000,200500000,200500000,200500000,-25500000,0,0.038,888000000,310900000,691900000,0.817,2.838,14.544,14.642,104000000,0,89.61,0.551,0.556,1182800000,804800000,5291100000,5291100000,0,0.068,0.192,0.132,0.062,12000000,886300000,1.0,32540874,32800000,33200000,161.314,2513800000,32800000,83100000,0,76.64,1373300000
AXE,MRY,2014-12-31,2015-01-02,2015-01-02,2018-04-26,-138000000,3580800000,3320525000,2589800000,991000000,1.658,34.333,-40300000,92000000,92000000,4267700000,194800000,2.513,2.16,1202000000,0,1202000000,1202000000,0,35700000,0,0.0,0.0,325500000,361200000,0.066,361200000,325500000,281000000,5.9,5.84,5.9,1133000000,1131225000,1133000000,4049410220,12,11.211,63900000,1.936,1.0,1239300000,0.225,785000000,44500000,2875300000,2725300000,859000000,0,0,0,2447800000,1030500000,1417300000,2895610220,31200000,-418400000,7200000,376700000,0,385700000,-458700000,0,104200000,3500000,194800000,194800000,194800000,-31400000,0,0.035,929200000,310100000,738500000,0.0,2.556,14.865,14.946,104200000,0,88.18,0.526,0.528,1171000000,999700000,5507000000,5507000000,0,0.059,0.172,0.119,0.059,8000000,929200000,1.0,32837494,33000000,33300000,166.879,2795800000,33700000,86200000,0,84.721,1559300000
AXE,MRY,2015-12-31,2016-01-01,2016-01-01,2018-04-26,-230500000,4142000000,3683575000,2727800000,1414200000,1.681,35.524,-28600000,151300000,151300000,4850000000,127600000,2.359,2.512,1642900000,0,1642900000,1642900000,0,49200000,0,0.0,0.0,277400000,326600000,0.053,326600000,277400000,213600000,3.84,3.81,3.84,1179400000,1171425000,1179400000,2661577624,9,8.149,63900000,1.925,1.0,1340500000,0.217,1210300000,63800000,3267100000,2896250000,1182600000,0,0,0,2962600000,1156200000,1806400000,1991077624,62400000,-450700000,0,456900000,0,449200000,-479300000,0,92500000,-3100000,127600000,127600000,127600000,-30700000,0,0.021,1072700000,267800000,905600000,0.0,1.688,15.604,15.727,131800000,0,60.39,0.322,0.324,1326400000,1127400000,6190500000,6190500000,0,0.035,0.109,0.096,0.045,14500000,1072700000,1.0,32970320,33200000,33400000,186.461,2931700000,0,86000000,0,88.304,1571600000
AXE,MRY,2016-12-31,2016-12-30,2016-12-30,2018-04-26,-250900000,4093600000,4116125000,2688500000,1405100000,1.852,38.689,-32600000,115100000,115100000,6074800000,120500000,2.127,2.168,1378800000,0,1378800000,1378800000,0,65500000,0,0.0,0.0,275600000,341100000,0.045,341100000,275600000,196900000,3.61,3.59,3.61,1292200000,1262450000,1292200000,3982595770,14,11.676,246500000,7.38,1.0,1548000000,0.203,1180000000,78700000,2913400000,3041250000,1178300000,0,0,0,2801400000,1263900000,1537500000,2679195770,-31500000,-4700000,2400000,-275100000,0,-273300000,-37300000,0,279100000,-4700000,120500000,120500000,120500000,600000,0,0.016,1262700000,285300000,1006000000,0.0,2.073,22.234,22.452,140300000,0,81.05,0.351,0.355,1353200000,1247900000,7622800000,7622800000,0,0.029,0.095,0.091,0.036,16500000,1262700000,1.0,33056086,33400000,33600000,228.228,2913600000,0,76400000,0,87.234,1424600000
AXE,MRY,2017-12-31,2017-12-29,2017-12-29,2018-04-26,-210300000,4252200000,4187200000,2833800000,1418400000,1.893,43.423,-41100000,116000000,116000000,6356400000,109000000,2.098,1.914,1247900000,0,1247900000,1247900000,0,64300000,0,0.0,0.0,312300000,376600000,0.048,376600000,312300000,237600000,3.24,3.21,3.24,1459000000,1413575000,1459000000,3721898372,11,9.883,142700000,4.247,1.0,1571000000,0.198,1156900000,74700000,2876400000,2881525000,1238700000,0,0,0,2793200000,1350800000,1442400000,2528698372,6600000,0,5000000,-140900000,0,-136100000,-41100000,0,183800000,-5700000,109000000,109000000,109000000,0,0,0.014,1257900000,313100000,1081600000,0.0,1.733,23.199,23.457,154300000,0,76.0,0.319,0.322,1434200000,1356900000,7927400000,7927400000,0,0.026,0.077,0.108,0.039,18100000,1257900000,1.0,33272347,33600000,34000000,235.935,3095300000,0,128600000,0,92.122,1483000000
