ticker,dimension,calendardate,datekey,reportperiod,lastupdated,accoci,assets,assetsavg,assetsc,assetsnc,assetturnover,bvps,capex,cashneq,cashnequsd,cor,consolinc,currentratio,de,debt,debtc,debtnc,debtusd,deferredrev,depamor,deposits,divyield,dps,ebit,ebitda,ebitdamargin,ebitdausd,ebitusd,ebt,eps,epsdil,epsusd,equity,equityavg,equityusd,ev,evebit,evebitda,fcf,fcfps,fxusd,gp,grossmargin,intangibles,intexp,invcap,invcapavg,inventory,investments,investmentsc,investmentsnc,liabilities,liabilitiesc,liabilitiesnc,marketcap,ncf,ncfbus,ncfcommon,ncfdebt,ncfdiv,ncff,ncfi,ncfinv,ncfo,ncfx,netinc,netinccmn,netinccmnusd,netincdis,netincnci,netmargin,opex,opinc,payables,payoutratio,pb,pe,pe1,ppnenet,prefdivis,price,ps,ps1,receivables,retearn,revenue,revenueusd,rnd,roa,roe,roic,ros,sbcomp,sgna,sharefactor,sharesbas,shareswa,shareswadil,sps,tangibles,taxassets,taxexp,taxliabilities,tbvps,workingcapital
AXU,MRY,2011-12-31,2011-06-30,2011-06-30,2018-03-15,0,210593000,172959000,66867000,143726000,0.261,2.546,-55169000,54339000,56337925,30249000,3097000,4.864,0.555,0,0,0,0,520000,5338000,0,0.0,0.0,3145000,8483000,0.188,8795057,3260692,3097000,0.05,0.05,0.052,135437000,110166000,140419214,352423878,108,40.071,-44147000,-0.83,0.965,14853000,0.329,629000,48000,141877000,117122000,9656000,0,0,0,75156000,13748000,61408000,383492228,26060000,0,45544000,0,0,66490000,-51452000,0,11022000,0,3097000,3097000,3210926,0,0,0.069,11221000,3632000,13410000,0.0,2.731,119.433,139.084,139201000,0,7.21,8.201,8.201,6287000,,45102000,46761131,0,0.018,0.028,0.027,0.07,2950000,11221000,1.0,53188936,53188936,,0.879,209964000,0,0,7272000,3.948,53119000
AXU,MRY,2012-12-31,2012-12-31,2012-12-31,2018-03-15,0,212300000,211484000,42127000,170173000,0.401,2.445,-30281000,32022000,32203758,66788000,3420000,2.569,0.449,0,0,0,0,1977000,24177000,0,0.0,0.0,3466000,27643000,0.326,27799902,3485673,3420000,0.06,0.06,0.06,146545000,142802500,147376794,167381449,48,6.021,-16224000,-0.271,0.994,17920000,0.212,459000,46000,163419000,156685500,8700000,2699000,0,2699000,65755000,16400000,49355000,213977107,-18653000,0,560000,0,0,560000,-33270000,0,14057000,0,3420000,3420000,3439412,0,0,0.04,16657000,1263000,15596000,0.0,1.452,62.213,59.164,158081000,0,3.57,2.512,2.512,9797000,,84708000,85188805,0,0.016,0.024,0.022,0.041,2992000,16657000,1.0,59937565,59937565,,1.421,211841000,0,0,14246000,3.534,25727000
AXU,MRY,2013-12-31,2013-12-31,2013-12-31,2018-03-15,0,131213000,171756500,19236000,111977000,0.346,1.678,-22109000,18070000,16988000,50613000,-50450000,4.907,0.297,0,0,0,0,1406000,18637000,0,0.0,0.0,-50403000,-31766000,-0.534,-29863907,-47384957,-50450000,-0.81,-0.81,-0.761,101179000,123862000,95120580,44463584,0,-1.489,-18702000,-0.31,1.064,8820000,0.148,321000,47000,108902000,136160500,5260000,539000,0,539000,30034000,3920000,26114000,75965271,-14478000,0,5306000,0,0,4754000,-22639000,0,3407000,0,-50450000,-50450000,-47429143,0,0,-0.849,13681000,-4861000,2220000,0.0,0.799,-1.602,-1.655,101657000,0,1.26,1.36,1.36,4929000,,59433000,55874256,0,-0.294,-0.407,-0.37,-0.848,2419000,12471000,1.0,60289898,60289898,,0.927,130892000,0,0,2796000,2.171,15316000
AXU,MRY,2014-12-31,2014-12-31,2014-12-31,2018-03-15,0,105195000,118204000,14229000,90966000,0.129,1.231,-6487000,18854000,16223728,10037000,-32772000,3.749,0.366,0,0,0,0,1817000,2949000,0,0.0,0.0,-32730000,-29781000,-1.948,-25626331,-28163923,-32772000,-0.5,-0.5,-0.43,77037000,89108000,66289770,15742704,0,-0.614,-7210000,-0.115,1.162,5249000,0.343,343000,42000,82203000,95552500,5240000,597000,0,597000,28158000,3795000,24363000,31994034,29000,0,8068000,0,0,7179000,-6427000,0,-723000,0,-32772000,-32772000,-28200064,0,0,-2.144,11596000,-6347000,2398000,0.0,0.483,-1.135,-1.188,75707000,0,0.511,2.432,2.432,3951000,,15286000,13153490,0,-0.277,-0.368,-0.343,-2.141,1038000,8466000,1.0,62573898,62573898,,0.21,104852000,0,0,1411000,1.676,10434000
AXU,MRY,2015-12-31,2015-12-31,2015-12-31,2018-03-15,0,102542000,103868500,15615000,86927000,0.141,1.07,-2077000,17123000,12377359,11411000,-5509000,5.183,0.367,0,0,0,0,719000,2246000,0,0.0,0.0,-5509000,-3263000,-0.223,-2358659,-3982180,-5509000,-0.08,-0.08,-0.058,75033000,76035000,54237599,8166972,-2,-3.463,-6468000,-0.092,1.383,3251000,0.222,316000,0,82090000,82146500,5247000,386000,386000,0,27509000,3013000,24496000,23646307,-476000,0,3962000,0,0,3615000,300000,0,-4391000,0,-5509000,-5509000,-3982180,0,0,-0.376,10825000,-7574000,2143000,0.0,0.436,-5.938,-5.876,76575000,0,0.34,2.231,2.247,2488000,,14662000,10598425,0,-0.053,-0.072,-0.067,-0.376,645000,8474000,1.0,69588898,70092259,70092259,0.151,102226000,0,0,784000,1.458,12602000
AXU,MRY,2016-12-31,2016-12-31,2016-12-31,2018-03-15,0,117632000,110087000,25563000,92069000,0.103,1.049,-5344000,27330000,20328771,8495000,-4359000,12.058,0.297,0,0,0,0,337000,2076000,0,0.0,0.0,-4359000,-2283000,-0.201,-1698155,-3242338,-4359000,-0.05,-0.05,-0.037,90673000,82853000,67444956,90930512,-28,-53.547,-9952000,-0.115,1.344,2866000,0.252,195000,0,87987000,85038500,5261000,1691000,1691000,0,26959000,2120000,24839000,104417129,12219000,0,19447000,0,0,18511000,-1684000,1778000,-4608000,0,-4359000,-4359000,-3242338,0,0,-0.384,9468000,-6602000,1832000,0.0,1.548,-32.204,-36.299,79816000,0,1.35,12.356,13.815,2938000,,11361000,8450609,0,-0.04,-0.053,-0.051,-0.384,1095000,7514000,1.0,77346022,86475882,86475882,0.098,117437000,0,0,1440000,1.358,23443000
AXU,MRY,2017-12-31,2017-12-31,2017-12-31,2018-03-15,0,123836000,120734000,22403000,101433000,0.089,1.016,-9137000,24998000,19638620,6732000,-7648000,5.616,0.238,0,0,0,0,196000,1634000,0,0.0,0.0,-7648000,-6014000,-0.56,-4724644,-6008327,-7648000,-0.08,-0.08,-0.063,100060000,95366500,78607903,127297407,-21,-26.943,-13191000,-0.134,1.273,4000000,0.373,115000,0,94734000,91360500,5389000,1755000,728000,1027000,23776000,3989000,19787000,147790808,-2476000,0,9623000,0,0,8907000,-7329000,2003000,-4054000,0,-7648000,-7648000,-6008327,0,0,-0.713,12665000,-8665000,3601000,0.0,1.88,-24.598,-25.299,88955000,0,1.59,17.529,18.573,2086000,,10732000,8431141,0,-0.063,-0.08,-0.084,-0.713,2359000,10942000,1.0,92950194,98486437,98486437,0.086,123721000,0,0,3004000,1.256,18414000
