ticker,dimension,calendardate,datekey,reportperiod,lastupdated,accoci,assets,assetsavg,assetsc,assetsnc,assetturnover,bvps,capex,cashneq,cashnequsd,cor,consolinc,currentratio,de,debt,debtc,debtnc,debtusd,deferredrev,depamor,deposits,divyield,dps,ebit,ebitda,ebitdamargin,ebitdausd,ebitusd,ebt,eps,epsdil,epsusd,equity,equityavg,equityusd,ev,evebit,evebitda,fcf,fcfps,fxusd,gp,grossmargin,intangibles,intexp,invcap,invcapavg,inventory,investments,investmentsc,investmentsnc,liabilities,liabilitiesc,liabilitiesnc,marketcap,ncf,ncfbus,ncfcommon,ncfdebt,ncfdiv,ncff,ncfi,ncfinv,ncfo,ncfx,netinc,netinccmn,netinccmnusd,netincdis,netincnci,netmargin,opex,opinc,payables,payoutratio,pb,pe,pe1,ppnenet,prefdivis,price,ps,ps1,receivables,retearn,revenue,revenueusd,rnd,roa,roe,roic,ros,sbcomp,sgna,sharefactor,sharesbas,shareswa,shareswadil,sps,tangibles,taxassets,taxexp,taxliabilities,tbvps,workingcapital
BAC,MRY,2011-12-31,2011-12-31,2011-12-31,2018-04-30,-5437000000,2129046000000,2221131250000,,,0.042,22.377,-1307000000,357289000000,357289000000,0,1446000000,,8.253,622827000000,,,622827000000,0,3485000000,1033041000000,0.007,0.04,-230000000,3255000000,0.035,3255000000,-230000000,-230000000,0.01,0.01,0.01,230101000000,228351250000,230101000000,386112447286,-1678,118.621,63141000000,6.225,1.0,93454000000,1.0,85498000000,0,2309086000000,2463649250000,0,1290618000000,,,1898945000000,,,56355447285,11675000000,0,0,-130572000000,-1738000000,-104654000000,52429000000,52099000000,64448000000,-548000000,1446000000,85000000,85000000,0,0,0.001,80274000000,13180000000,0,4.0,0.245,663.005,556.0,13637000000,1361000000,5.56,0.603,0.603,66999000000,60520000000,93454000000,93454000000,0,0.0,0.0,0.0,-0.002,0,74943000000,1.0,10135871814,10142625000,10254824000,9.214,2043548000000,0,-1676000000,0,198.732,
BAC,MRY,2012-12-31,2012-12-31,2012-12-31,2018-04-30,-2797000000,2209974000000,2179609750000,,,0.038,21.986,5000000,349370000000,349370000000,0,4188000000,,8.327,599575000000,,,599575000000,0,3038000000,1105261000000,0.003,0.04,3072000000,6110000000,0.073,6110000000,3072000000,3072000000,0.26,0.25,0.26,236956000000,236009000000,236956000000,364459487496,118,59.65,-16051000000,-1.494,1.0,83334000000,1.0,82511000000,0,2377668000000,2351706250000,0,1316881000000,,,1973018000000,,,125133487496,-9350000000,0,0,-28811000000,-1909000000,42416000000,-34979000000,-37463000000,-16056000000,-731000000,4188000000,2760000000,2760000000,0,0,0.033,72093000000,11241000000,0,0.154,0.528,45.338,44.654,11858000000,1428000000,11.61,1.502,1.497,71467000000,62843000000,83334000000,83334000000,0,0.001,0.012,0.001,0.037,0,70829000000,1.0,10778078165,10746028000,10840854000,7.755,2127463000000,0,-1116000000,0,197.394,
BAC,MRY,2013-12-31,2013-12-31,2013-12-31,2018-04-30,-8457000000,2102273000000,2131766250000,,,0.042,21.885,0,333190000000,333190000000,0,11431000000,,8.035,493779000000,,,493779000000,0,2683000000,1119271000000,0.003,0.04,16172000000,18855000000,0.212,18855000000,16172000000,16172000000,0.94,0.9,0.94,232685000000,233323000000,232685000000,340756705493,21,18.072,92817000000,8.649,1.0,88942000000,1.0,80470000000,0,2182392000000,2244557750000,0,1293607000000,,,1869588000000,,,166071705493,20570000000,0,-3220000000,-99088000000,-1677000000,-95442000000,25058000000,25546000000,92817000000,-1863000000,11431000000,10082000000,10082000000,0,0,0.113,69214000000,19728000000,0,0.043,0.714,16.472,16.564,10475000000,1349000000,15.57,1.867,1.879,59448000000,72497000000,88942000000,88942000000,0,0.005,0.043,0.007,0.182,0,68128000000,1.0,10666133943,10731165000,11491418000,8.288,2021803000000,0,4741000000,0,190.162,
BAC,MRY,2014-12-31,2014-12-31,2014-12-31,2018-04-30,-4320000000,2104534000000,2137138750000,,,0.04,23.152,0,337922000000,337922000000,0,5520000000,,7.644,475588000000,,,475588000000,0,2522000000,1118936000000,0.007,0.12,7963000000,10485000000,0.122,10485000000,7963000000,7963000000,0.43,0.42,0.43,243471000000,237862750000,243471000000,329626298837,41,31.438,30795000000,2.925,1.0,85894000000,1.0,77919000000,0,2164281000000,2192759000000,0,1312951000000,,,1861063000000,,,188139298837,7267000000,0,-1675000000,-13832000000,-2306000000,-12201000000,-8260000000,-5756000000,30795000000,-3067000000,5520000000,4476000000,4476000000,0,0,0.052,75656000000,10238000000,0,0.279,0.773,42.033,41.605,10049000000,1044000000,17.89,2.19,2.193,61845000000,75024000000,85894000000,85894000000,0,0.002,0.019,0.004,0.093,78000000,74720000000,1.0,10516450466,10527818000,10584535000,8.159,2026615000000,0,2443000000,0,192.713,
BAC,MRY,2015-12-31,2015-12-31,2015-12-31,2018-04-30,-5358000000,2144287000000,2147468000000,,,0.039,24.635,0,359579000000,359579000000,0,15910000000,,7.37,439153000000,,,439153000000,0,2389000000,1197259000000,0.012,0.2,22187000000,24576000000,0.296,24576000000,22187000000,22187000000,1.38,1.31,1.38,256176000000,253482000000,256176000000,262694032863,11,10.689,28397000000,2.714,1.0,82965000000,1.0,76616000000,0,2147245000000,2167901250000,0,1349080000000,,,1888111000000,,,175242032863,20764000000,0,-2374000000,-26755000000,-3574000000,48535000000,-55571000000,-55865000000,28397000000,-597000000,15910000000,14427000000,14427000000,0,0,0.174,57617000000,25348000000,0,0.145,0.684,12.147,12.196,9485000000,1483000000,16.83,2.112,2.122,58312000000,88219000000,82965000000,82965000000,0,0.007,0.057,0.01,0.267,-89000000,57617000000,1.0,10412479671,10462282000,11236230000,7.93,2067671000000,0,6277000000,0,198.839,
BAC,MRY,2016-12-31,2016-12-31,2016-12-31,2018-04-30,-7288000000,2188067000000,2188872000000,,,0.038,26.103,0,355823000000,355823000000,0,17822000000,,7.22,411058000000,,,411058000000,0,2241000000,1260934000000,0.011,0.25,25021000000,27262000000,0.326,27262000000,25021000000,25021000000,1.57,1.49,1.57,266195000000,266530750000,266195000000,282791531053,11,10.373,18361000000,1.785,1.0,83701000000,1.0,71716000000,0,2171586000000,2166510250000,0,1377755000000,,,1921872000000,,,223321531053,-11615000000,0,-5112000000,-24326000000,-4194000000,32927000000,-63143000000,-63250000000,18361000000,240000000,17822000000,16140000000,16140000000,0,0,0.193,55083000000,28618000000,0,0.159,0.839,13.837,14.076,9139000000,1682000000,22.1,2.668,2.715,58759000000,101225000000,83701000000,83701000000,0,0.007,0.061,0.012,0.299,1367000000,55083000000,1.0,10105046654,10284147000,11046806000,8.139,2116351000000,0,7199000000,0,207.527,
BAC,MRY,2017-12-31,2017-12-31,2017-12-31,2018-04-30,-7082000000,2281234000000,2266840000000,,,0.039,25.509,0,381334000000,381334000000,0,18232000000,,7.539,436933000000,,,436933000000,0,2103000000,1309545000000,0.013,0.39,29213000000,31316000000,0.359,31316000000,29213000000,29213000000,1.63,1.56,1.63,267146000000,269686250000,267146000000,359958715686,12,11.494,10403000000,1.02,1.0,87352000000,1.0,68951000000,0,2267882000000,2253870750000,0,1415678000000,,,2014088000000,,,307911715686,9696000000,0,-12814000000,19495000000,-5700000000,49195000000,-52007000000,-60187000000,10403000000,2105000000,18232000000,16618000000,16618000000,0,0,0.19,54743000000,32609000000,0,0.239,1.153,18.529,18.11,9247000000,1614000000,29.52,3.525,3.446,61623000000,113816000000,87352000000,87352000000,0,0.007,0.062,0.013,0.334,1649000000,54743000000,1.0,10430613675,10195646000,10778428000,8.568,2212283000000,0,10981000000,0,211.248,
