ticker,dimension,calendardate,datekey,reportperiod,lastupdated,accoci,assets,assetsavg,assetsc,assetsnc,assetturnover,bvps,capex,cashneq,cashnequsd,cor,consolinc,currentratio,de,debt,debtc,debtnc,debtusd,deferredrev,depamor,deposits,divyield,dps,ebit,ebitda,ebitdamargin,ebitdausd,ebitusd,ebt,eps,epsdil,epsusd,equity,equityavg,equityusd,ev,evebit,evebitda,fcf,fcfps,fxusd,gp,grossmargin,intangibles,intexp,invcap,invcapavg,inventory,investments,investmentsc,investmentsnc,liabilities,liabilitiesc,liabilitiesnc,marketcap,ncf,ncfbus,ncfcommon,ncfdebt,ncfdiv,ncff,ncfi,ncfinv,ncfo,ncfx,netinc,netinccmn,netinccmnusd,netincdis,netincnci,netmargin,opex,opinc,payables,payoutratio,pb,pe,pe1,ppnenet,prefdivis,price,ps,ps1,receivables,retearn,revenue,revenueusd,rnd,roa,roe,roic,ros,sbcomp,sgna,sharefactor,sharesbas,shareswa,shareswadil,sps,tangibles,taxassets,taxexp,taxliabilities,tbvps,workingcapital
BBBY,MRY,2011-12-31,2011-02-26,2011-02-26,2018-05-02,5100000,5646193000,5501844500,4073838000,1572355000,1.592,15.819,-183474000,1183587000,1183587000,5135574000,791333000,3.081,0.436,0,0,0,0,0,183820000,0,0.0,0.0,1288458000,1472278000,0.168,1472278000,1288458000,1292978000,3.11,3.07,3.11,3931659000,3824632750,3931659000,11348585783,8,7.708,803933000,3.161,1.0,3622929000,0.414,0,-4520000,3140166000,3167360500,1968907000,727054000,605608000,121446000,1714534000,1322440000,392094000,12188918783,87487000,0,-561905000,0,0,-558961000,-340959000,-157485000,987407000,0,791333000,791333000,791333000,0,0,0.09,2334471000,1288458000,709550000,0.0,3.1,15.403,15.386,1116297000,0,47.85,1.392,1.389,0,5546287000,8758503000,8758503000,0,0.144,0.207,0.407,0.147,40823000,2334471000,1.0,254731845,254297000,258079000,34.442,5646193000,0,501645000,212712000,22.717,2751398000
BBBY,MRY,2012-12-31,2012-02-25,2012-02-25,2018-05-02,-1879000,5724546000,5786417750,4142939000,1581607000,1.642,16.765,-243374000,1003166000,1003166000,5568957000,989537000,3.094,0.459,0,0,0,0,0,183873000,0,0.0,0.0,1568369000,1752242000,0.184,1752242000,1568369000,1569488000,4.12,4.06,4.12,3922528000,3919965750,3922528000,13793437470,8,7.872,981910000,4.091,1.0,3930933000,0.414,198749000,-1119000,3183501000,3312324250,2071890000,852174000,756389000,95785000,1802018000,1339130000,462888000,14559187470,-180421000,0,-1046868000,0,0,-1041705000,-364000000,-120626000,1225284000,0,989537000,989537000,989537000,0,0,0.104,2362564000,1568369000,752064000,0.0,3.712,14.713,14.648,1198255000,0,60.35,1.533,1.525,0,6535824000,9499890000,9499890000,0,0.171,0.252,0.473,0.165,45286000,2362564000,1.0,241245857,240016000,243890000,39.58,5525797000,0,579951000,171868000,23.618,2803809000
BBBY,MRY,2013-12-31,2013-03-02,2013-03-02,2018-05-02,-4320000,6279952000,6149650500,3867485000,2412467000,1.775,18.594,-315937000,564971000,564971000,6525830000,1037788000,2.365,0.539,0,0,0,0,0,195117000,0,0.0,0.0,1638218000,1833335000,0.168,1833335000,1638218000,1634059000,4.62,4.56,4.62,4079730000,3962879250,4079730000,12201637708,7,6.655,880288000,3.919,1.0,4388755000,0.402,483518000,4159000,3596253000,3618000500,2466214000,527258000,449933000,77325000,2200222000,1635210000,565012000,12873899708,-438195000,-643098000,-944903000,-25511000,0,-965393000,-667047000,331988000,1196225000,-1980000,1037788000,1037788000,1037788000,0,0,0.095,2750537000,1638218000,913365000,0.0,3.156,12.405,12.323,1466667000,0,56.93,1.18,1.172,0,7573612000,10914585000,10914585000,0,0.169,0.262,0.453,0.15,60380000,2750537000,1.0,226135600,224623000,227723000,48.591,5796434000,0,596271000,157414000,26.419,2232275000
BBBY,MRY,2014-12-31,2014-03-01,2014-03-01,2018-05-02,-13847000,6356033000,6380285750,3788987000,2567046000,1.803,19.174,-320812000,366516000,366516000,6938381000,1022290000,2.065,0.613,0,0,0,0,0,220116000,0,0.0,0.0,1614587000,1834703000,0.159,1834703000,1614587000,1613447000,4.85,4.79,4.85,3941287000,4025719500,3941287000,13969661755,8,7.614,1060914000,5.035,1.0,4565582000,0.397,486279000,1140000,3668102000,3701590500,2578956000,576724000,489331000,87393000,2414746000,1835136000,579610000,14440725755,-198455000,-3436000,-1229180000,0,0,-1210054000,-363382000,-39134000,1381726000,-6745000,1022290000,1022290000,1022290000,0,0,0.089,2950995000,1614587000,1104668000,0.0,3.664,14.126,13.984,1579804000,0,67.82,1.255,1.242,0,8595902000,11503963000,11503963000,0,0.16,0.254,0.436,0.14,37118000,2950995000,1.0,212927245,210710000,213363000,54.596,5869754000,0,591157000,152912000,28.556,1953851000
BBBY,MRY,2015-12-31,2015-02-28,2015-02-28,2018-05-02,-42313000,6758993000,6872854000,4083603000,2675390000,1.729,15.608,-330637000,875574000,875574000,7261397000,957474000,2.102,1.464,1500000000,0,1500000000,1500000000,0,239193000,0,0.0,0.0,1554293000,1793486000,0.151,1793486000,1554293000,1503835000,5.13,5.07,5.13,2743190000,3191505750,2743190000,14313163270,9,7.981,847852000,4.542,1.0,4619779000,0.389,486279000,50458000,4954459000,4611979250,2731881000,207152000,109992000,97160000,4015803000,1942681000,2073122000,13857001270,509058000,0,-2209400000,1489908000,0,-704931000,48769000,379406000,1178489000,-13269000,957474000,957474000,957474000,0,0,0.081,3065486000,1554293000,1156368000,0.0,5.051,14.472,14.554,1676700000,0,74.66,1.166,1.173,0,9553376000,11881176000,11881176000,0,0.139,0.3,0.337,0.131,51978000,3065486000,1.0,185601410,186659000,188880000,63.652,6272714000,0,546361000,156591000,35.689,2140922000
BBBY,MRY,2016-12-31,2016-02-27,2016-02-27,2018-05-02,-54998000,6490077000,6646113000,3825962000,2664115000,1.821,16.279,-328395000,515573000,515573000,7483577000,841489000,2.049,1.536,1491137000,0,1491137000,1491137000,0,273947000,0,0.0,0.0,1414903000,1688850000,0.14,1688850000,1414903000,1327445000,5.15,5.1,5.15,2559540000,2561439500,2559540000,9023412322,6,5.343,694159000,4.252,1.0,4620310000,0.382,487169000,87458000,5111247000,5075694250,2848119000,157486000,86197000,71289000,3930537000,1867225000,2063312000,8014149322,-360001000,0,-1091476000,0,0,-1099122000,-275632000,52763000,1022554000,-7801000,841489000,841489000,841489000,0,0,0.07,3205407000,1414903000,1100958000,0.0,3.131,9.524,9.513,1725043000,0,48.99,0.662,0.661,0,10394865000,12103887000,12103887000,0,0.127,0.329,0.279,0.117,66965000,3205407000,1.0,163587453,163257000,165016000,74.14,6002908000,0,485956000,131699000,38.18,1958737000
BBBY,MRY,2017-12-31,2017-02-25,2017-02-25,2018-05-02,-47250000,6822655000,6825952000,3591901000,3230754000,1.79,18.775,-373574000,488329000,488329000,7639407000,685108000,1.767,1.509,1491603000,0,1491603000,1491603000,0,290914000,0,0.009,0.375,1135210000,1426124000,0.117,1426124000,1135210000,1065655000,4.61,4.58,4.61,2719277000,2609335500,2719277000,7187417095,6,5.04,669697000,4.507,1.0,4576350000,0.375,697085000,69555000,5096343000,5064369500,2905660000,89592000,0,89592000,4103378000,2032501000,2070877000,6168936095,-27244000,-204595000,-526598000,0,-55612000,-582210000,-491929000,86240000,1043271000,3624000,685108000,685108000,685108000,0,0,0.056,3441140000,1135210000,1179088000,0.081,2.269,9.004,8.902,1837129000,0,41.04,0.505,0.499,0,11003890000,12215757000,12215757000,0,0.1,0.263,0.224,0.093,71911000,3441140000,1.0,150315207,148590000,149708000,82.211,6125570000,0,380547000,127792000,42.294,1559400000
BBBY,MRY,2018-12-31,2018-03-03,2018-03-03,2018-05-02,-48296000,7040806000,6972036000,3971078000,3069728000,1.771,21.033,-375793000,346140000,346140000,7906286000,424858000,1.834,1.437,1492078000,0,1492078000,1492078000,0,313107000,0,0.026,0.575,761321000,1074428000,0.087,1074428000,761321000,695660000,3.05,3.04,3.05,2888628000,2757941000,2888628000,4147719965,5,3.86,483896000,3.475,1.0,4443015000,0.36,716283000,65661000,5304776000,5158744250,2730874000,397556000,378039000,19517000,4152178000,2165685000,1986493000,3108870965,-142189000,-6119000,-242120000,0,-80877000,-323431000,-674412000,-292500000,859689000,-4035000,424858000,424858000,424858000,0,0,0.034,3681694000,761321000,1197504000,0.189,1.076,7.317,7.157,1909289000,0,21.83,0.252,0.246,0,11343503000,12349301000,12349301000,0,0.061,0.154,0.148,0.062,70510000,3681694000,1.0,142412779,139238000,139739000,88.692,6324523000,0,270802000,62823000,46.051,1805393000
