ticker,dimension,calendardate,datekey,reportperiod,lastupdated,accoci,assets,assetsavg,assetsc,assetsnc,assetturnover,bvps,capex,cashneq,cashnequsd,cor,consolinc,currentratio,de,debt,debtc,debtnc,debtusd,deferredrev,depamor,deposits,divyield,dps,ebit,ebitda,ebitdamargin,ebitdausd,ebitusd,ebt,eps,epsdil,epsusd,equity,equityavg,equityusd,ev,evebit,evebitda,fcf,fcfps,fxusd,gp,grossmargin,intangibles,intexp,invcap,invcapavg,inventory,investments,investmentsc,investmentsnc,liabilities,liabilitiesc,liabilitiesnc,marketcap,ncf,ncfbus,ncfcommon,ncfdebt,ncfdiv,ncff,ncfi,ncfinv,ncfo,ncfx,netinc,netinccmn,netinccmnusd,netincdis,netincnci,netmargin,opex,opinc,payables,payoutratio,pb,pe,pe1,ppnenet,prefdivis,price,ps,ps1,receivables,retearn,revenue,revenueusd,rnd,roa,roe,roic,ros,sbcomp,sgna,sharefactor,sharesbas,shareswa,shareswadil,sps,tangibles,taxassets,taxexp,taxliabilities,tbvps,workingcapital
BBOX,MRY,2011-12-31,2011-03-31,2011-03-31,2018-02-06,19523000,1171983000,1159985500,371244000,800739000,0.921,42.839,-5030000,31212000,31212000,711119000,52862000,1.796,0.529,181127000,0,181127000,181127000,53505000,18222000,0,0.007,0.24,90710000,108932000,0.102,108932000,90710000,85280000,2.99,2.97,2.99,766259000,733270000,766259000,794885562,8,7.297,49835000,2.819,1.0,357110000,0.334,770157000,5430000,345092000,361573250,52014000,0,0,0,405724000,206649000,199075000,624393562,10327000,-12811000,8754000,-30284000,-4232000,-26462000,-19670000,0,54865000,1594000,52862000,52862000,52862000,0,0,0.049,266052000,91058000,71463000,0.08,0.815,11.812,11.756,23427000,0,35.15,0.585,0.582,260535000,599923000,1068229000,1068229000,0,0.046,0.072,0.251,0.085,10270000,253896000,1.0,17763686,17680000,17795000,60.42,401826000,0,32418000,11957000,22.465,164595000
BBOX,MRY,2012-12-31,2012-03-31,2012-03-31,2018-02-06,7262000,888023000,1041056250,353600000,534423000,1.045,28.28,-7353000,22444000,22444000,741032000,-247734000,1.887,0.796,179621000,0,179621000,179621000,49916000,18459000,0,0.011,0.28,-240918000,-222459000,-0.205,-222459000,-240918000,-246066000,-13.98,-13.98,-13.98,494384000,633729750,494384000,594199116,-2,-2.671,58468000,3.299,1.0,346496000,0.319,472979000,5148000,384788000,368387000,56956000,0,0,0,393639000,187433000,206206000,445923116,-8768000,-39770000,-15292000,-1911000,-4798000,-23744000,-48418000,0,65821000,-2427000,-247734000,-247734000,-247734000,0,0,-0.228,586169000,-239673000,71095000,-0.02,0.902,-1.8,-1.825,27109000,0,25.51,0.41,0.416,251522000,347242000,1087528000,1087528000,0,-0.238,-0.391,-0.654,-0.222,9296000,255347000,1.0,17480326,17725000,17725000,61.356,415044000,0,1668000,2574000,23.741,166167000
BBOX,MRY,2013-12-31,2013-03-31,2013-03-31,2018-02-06,1457000,878001000,887440000,366682000,511319000,1.124,29.844,-5934000,30720000,30720000,677856000,28806000,2.01,0.821,187648000,0,187648000,187648000,47255000,19123000,0,0.015,0.32,52553000,71676000,0.072,71676000,52553000,46463000,1.73,1.73,1.73,482247000,481830000,482247000,517831743,9,7.225,40767000,2.452,1.0,319930000,0.321,456065000,6090000,396411000,402907750,55469000,0,0,0,395754000,182453000,213301000,355497743,8276000,17000,-37214000,12977000,-5206000,-29463000,-8305000,0,46701000,-657000,28806000,28806000,28806000,0,0,0.029,263661000,56269000,66236000,0.185,0.737,12.341,12.607,27720000,0,21.81,0.356,0.363,254425000,370775000,997786000,997786000,0,0.032,0.06,0.13,0.053,7712000,249924000,1.0,16299759,16627000,16689000,60.01,421936000,0,17657000,6650000,26.112,184229000
BBOX,MRY,2014-12-31,2014-03-31,2014-03-31,2018-02-06,7327000,712029000,823122500,356333000,355696000,1.18,22.586,-7322000,30810000,30810000,668092000,-115873000,1.973,1.028,160429000,0,160429000,160429000,49779000,18211000,0,0.015,0.36,-109589000,-91378000,-0.094,-91378000,-109589000,-114236000,-7.33,-7.33,-7.33,351117000,452017000,351117000,535054428,-4,-5.855,49024000,3.1,1.0,303582000,0.312,291599000,4647000,369408000,380485750,52211000,0,0,0,360912000,180641000,180271000,381351428,90000,0,-20806000,-25639000,-5576000,-52021000,-8101000,0,56346000,3866000,-115873000,-115873000,-115873000,0,0,-0.119,411974000,-108392000,64603000,-0.049,1.086,-3.291,-3.321,29052000,0,24.34,0.392,0.396,246338000,249217000,971674000,971674000,0,-0.141,-0.256,-0.288,-0.113,6589000,245521000,1.0,15667684,15813000,15813000,61.448,420430000,0,1637000,0,27.044,175692000
BBOX,MRY,2015-12-31,2015-03-31,2015-03-31,2018-02-06,-13399000,686259000,707355500,339207000,347052000,1.403,22.018,-8307000,23534000,23534000,690175000,15342000,1.807,1.036,137267000,0,137267000,137267000,51293000,17527000,0,0.019,0.4,28004000,45531000,0.046,45531000,28004000,23588000,1.0,0.99,1.0,337111000,345338500,337111000,464311776,16,10.198,38191000,2.479,1.0,302269000,0.305,279276000,4416000,332997000,376124250,54437000,0,0,0,349148000,187719000,161429000,321551776,-7276000,0,-8076000,-27087000,-6034000,-41197000,-9087000,0,46498000,-3490000,15342000,15342000,15342000,0,0,0.015,273695000,28574000,64509000,0.4,0.954,20.959,20.93,32247000,0,20.93,0.324,0.325,229891000,258388000,992444000,992444000,0,0.022,0.044,0.074,0.028,6009000,263146000,1.0,15363200,15407000,15483000,64.415,406983000,31138000,8246000,0,26.581,151488000
BBOX,MRY,2016-12-31,2016-03-31,2016-03-31,2018-02-06,-13075000,475794000,556228250,299401000,176393000,1.641,10.29,-10315000,23497000,23497000,642318000,-171102000,1.758,2.045,119663000,0,119663000,119663000,49852000,18873000,0,0.033,0.44,-188372000,-169499000,-0.186,-169499000,-188372000,-193084000,-11.18,-11.18,-11.18,156233000,227683250,156233000,317860938,-1,-1.875,26887000,1.757,1.0,270337000,0.296,78181000,4712000,323426000,356940500,42703000,0,0,0,319561000,170353000,149208000,207201938,-37000,-773000,-7154000,-13893000,-6617000,-27664000,-11088000,0,37202000,1513000,-171102000,-171102000,-171102000,0,0,-0.187,458162000,-187825000,56774000,-0.039,1.326,-1.211,-1.205,34474000,0,13.47,0.227,0.226,205886000,80553000,912655000,912655000,0,-0.308,-0.751,-0.528,-0.206,5065000,255665000,1.0,15382475,15303000,15303000,59.639,397613000,57065000,-21982000,0,26.188,129048000
BBOX,MRY,2017-12-31,2017-03-31,2017-03-31,2018-02-06,-15481000,427117000,445574250,268647000,158470000,1.921,9.429,-3430000,14247000,14247000,612771000,-7051000,1.513,2.015,89746000,964000,88782000,89746000,48160000,18721000,0,0.054,0.48,-939000,17782000,0.021,17782000,-939000,-5294000,-0.47,-0.47,-0.47,141649000,146211750,141649000,215734206,-229,12.132,36500000,2.421,1.0,242960000,0.284,68820000,4355000,256283000,282078500,25382000,0,0,0,285468000,177513000,107955000,135578206,-9250000,0,-2481000,-34926000,-7109000,-45565000,-3430000,0,39930000,-185000,-7051000,-7051000,-7051000,0,0,-0.008,244279000,-1319000,69858000,-1.021,0.957,-19.228,-19.043,29103000,0,8.95,0.158,0.158,200474000,66246000,855731000,855731000,0,-0.016,-0.048,-0.003,-0.001,4610000,234404000,1.0,15148403,15077000,15077000,56.757,358297000,53539000,1757000,0,23.85,91134000
