ticker,dimension,calendardate,datekey,reportperiod,lastupdated,accoci,assets,assetsavg,assetsc,assetsnc,assetturnover,bvps,capex,cashneq,cashnequsd,cor,consolinc,currentratio,de,debt,debtc,debtnc,debtusd,deferredrev,depamor,deposits,divyield,dps,ebit,ebitda,ebitdamargin,ebitdausd,ebitusd,ebt,eps,epsdil,epsusd,equity,equityavg,equityusd,ev,evebit,evebitda,fcf,fcfps,fxusd,gp,grossmargin,intangibles,intexp,invcap,invcapavg,inventory,investments,investmentsc,investmentsnc,liabilities,liabilitiesc,liabilitiesnc,marketcap,ncf,ncfbus,ncfcommon,ncfdebt,ncfdiv,ncff,ncfi,ncfinv,ncfo,ncfx,netinc,netinccmn,netinccmnusd,netincdis,netincnci,netmargin,opex,opinc,payables,payoutratio,pb,pe,pe1,ppnenet,prefdivis,price,ps,ps1,receivables,retearn,revenue,revenueusd,rnd,roa,roe,roic,ros,sbcomp,sgna,sharefactor,sharesbas,shareswa,shareswadil,sps,tangibles,taxassets,taxexp,taxliabilities,tbvps,workingcapital
BFIN,MRY,2011-12-31,2011-12-31,2011-12-31,2018-04-30,1111000,1563575000,1641380000,,,0.029,10.024,-2370000,120704000,120704000,0,-48696000,,6.823,9322000,,,9322000,0,6248000,1332552000,0.04,0.22,-36321000,-30073000,-0.624,-30073000,-36321000,-36321000,-2.46,-2.46,-2.46,199857000,237012250,199857000,17407772,0,-0.579,17609000,0.891,1.0,48214000,1.0,3671000,0,1448522000,1514919000,0,1338487000,,,1363718000,,,116322772,-100106000,61619000,0,-10810000,-4636000,-131035000,10950000,-48299000,19979000,0,-48696000,-48696000,-48696000,0,0,-1.01,84535000,-36321000,0,-0.089,0.582,-2.389,-2.244,39155000,0,5.52,2.413,2.263,0,17946000,48214000,48214000,0,-0.03,-0.205,-0.024,-0.753,53000,40146000,1.0,21072966,19770023,19770023,2.439,1559904000,1809000,12375000,0,78.24,
BFIN,MRY,2012-12-31,2012-12-31,2012-12-31,2018-04-30,1118000,1481192000,1513098750,,,0.021,8.671,-2335000,275764000,275764000,0,-27109000,,7.567,5567000,,,5567000,0,5179000,1282351000,0.004,0.03,-27109000,-21930000,-0.675,-21930000,-27109000,-27109000,-1.36,-1.36,-1.36,172890000,193985250,172890000,-73421592,2,3.348,14678000,0.738,1.0,32481000,1.0,3038000,0,1207957000,1290153000,0,1118875000,,,1308302000,,,156361407,155060000,0,0,-4026000,-633000,-54685000,192732000,195067000,17013000,0,-27109000,-27109000,-27109000,0,0,-0.835,59590000,-27109000,0,-0.022,0.904,-5.768,-5.456,38251000,0,7.42,4.814,4.543,0,-9796000,32481000,32481000,0,-0.018,-0.14,-0.021,-0.835,41000,39486000,1.0,21072966,19888517,19888517,1.633,1478154000,0,0,0,74.13,
BFIN,MRY,2013-12-31,2013-12-31,2013-12-31,2018-04-30,419000,1453594000,1455702250,,,0.037,8.748,-10000,160957000,160957000,0,3298000,,7.277,3055000,,,3055000,0,5058000,1252708000,0.004,0.04,3298000,8356000,0.153,8356000,3298000,3298000,0.16,0.16,0.16,175627000,174201500,175627000,-41475991,-12,-4.964,9769000,0.488,1.0,54560000,1.0,2433000,0,1293259000,1200491500,0,1215052000,,,1277967000,,,193294008,-114807000,0,0,-2785000,-844000,-33272000,-91314000,-91304000,9779000,0,3298000,3298000,3298000,0,0,0.06,51262000,3298000,0,0.25,1.101,58.609,57.25,35328000,0,9.16,3.543,3.361,0,-7342000,54560000,54560000,0,0.002,0.019,0.003,0.06,86000,39455000,1.0,21101966,20020838,20025321,2.725,1451161000,0,0,0,72.283,
BFIN,MRY,2014-12-31,2014-12-31,2014-12-31,2018-04-30,757000,1465410000,1444297750,,,0.037,10.676,-1176000,59581000,59581000,0,40614000,,5.781,24410000,,,24410000,0,4389000,1211713000,0.007,0.08,9297000,13686000,0.255,13686000,9297000,9297000,2.01,2.01,2.01,216121000,188145000,216121000,166940316,17,12.198,16669000,0.826,1.0,53748000,1.0,1855000,0,1428384000,1347502500,0,1299787000,,,1249289000,,,250269316,-101376000,0,0,10923000,-1688000,-31760000,-87461000,-86285000,17845000,0,40614000,40614000,40614000,0,0,0.756,44451000,9297000,0,0.04,1.158,6.162,5.9,34286000,0,11.86,4.656,4.452,0,31584000,53748000,53748000,0,0.028,0.216,0.007,0.173,70000,35114000,1.0,21101966,20177271,20186376,2.664,1463555000,31643000,-31317000,0,72.294,
BFIN,MRY,2015-12-31,2015-12-31,2015-12-31,2018-04-30,547000,1512443000,1456743250,,,0.038,10.794,-542000,59377000,59377000,0,8675000,,6.122,75846000,,,75846000,0,4232000,1212919000,0.013,0.16,14100000,18332000,0.327,18332000,14100000,14100000,0.44,0.44,0.44,212364000,213683000,212364000,223272830,15,12.179,14340000,0.72,1.0,56045000,1.0,1305000,0,1527607000,1421138750,0,1353267000,,,1300079000,,,258939830,-204000,0,-9970000,51436000,-4145000,38527000,-53613000,-53071000,14882000,0,8675000,8675000,8675000,0,0,0.155,41945000,14100000,0,0.364,1.219,29.849,28.705,32726000,0,12.63,4.62,4.489,0,36114000,56045000,56045000,0,0.006,0.041,0.01,0.252,657000,33990000,1.0,20501966,19918003,19921519,2.814,1511138000,26695000,5425000,0,76.806,
BFIN,MRY,2016-12-31,2016-12-31,2016-12-31,2018-04-30,376000,1620037000,1542987250,,,0.035,11.005,-696000,96684000,96684000,0,7502000,,6.911,62110000,,,62110000,0,4300000,1339390000,0.014,0.21,12200000,16500000,0.307,16500000,12200000,12200000,0.4,0.39,0.4,204780000,206160500,204780000,194945347,15,11.815,18245000,0.961,1.0,53742000,1.0,782000,0,1584681000,1482936000,0,1431814000,,,1415257000,,,285599347,37307000,0,-13215000,-13736000,-4133000,95387000,-77021000,-76325000,18941000,0,7502000,7502000,7502000,0,0,0.14,41542000,12200000,0,0.525,1.395,38.07,37.05,31413000,0,14.82,5.314,5.236,0,39483000,53742000,53742000,0,0.005,0.036,0.008,0.227,982000,34261000,1.0,19271211,18987951,19047139,2.83,1619255000,22411000,4698000,0,87.019,
BFIN,MRY,2017-12-31,2017-12-31,2017-12-31,2018-04-30,370000,1625558000,1626679500,,,0.035,10.972,-1133000,127592000,127592000,0,9004000,,7.225,72413000,,,72413000,0,4285000,1340051000,0.018,0.28,16194000,20479000,0.362,20479000,16194000,16194000,0.49,0.49,0.49,197634000,199873750,197634000,222828148,13,10.881,21597000,1.181,1.0,56585000,1.0,286000,0,1570093000,1591055750,0,1416324000,,,1427924000,,,276878148,30908000,0,-10819000,10303000,-5153000,-6227000,14405000,15538000,22730000,0,9004000,9004000,9004000,0,0,0.159,40391000,16194000,0,0.571,1.401,30.751,31.306,30523000,0,15.34,4.893,4.956,0,43274000,56585000,56585000,0,0.006,0.045,0.01,0.286,0,33503000,1.0,18049423,18279899,18280336,3.095,1625272000,12563000,7190000,0,90.226,
