ticker,dimension,calendardate,datekey,reportperiod,lastupdated,accoci,assets,assetsavg,assetsc,assetsnc,assetturnover,bvps,capex,cashneq,cashnequsd,cor,consolinc,currentratio,de,debt,debtc,debtnc,debtusd,deferredrev,depamor,deposits,divyield,dps,ebit,ebitda,ebitdamargin,ebitdausd,ebitusd,ebt,eps,epsdil,epsusd,equity,equityavg,equityusd,ev,evebit,evebitda,fcf,fcfps,fxusd,gp,grossmargin,intangibles,intexp,invcap,invcapavg,inventory,investments,investmentsc,investmentsnc,liabilities,liabilitiesc,liabilitiesnc,marketcap,ncf,ncfbus,ncfcommon,ncfdebt,ncfdiv,ncff,ncfi,ncfinv,ncfo,ncfx,netinc,netinccmn,netinccmnusd,netincdis,netincnci,netmargin,opex,opinc,payables,payoutratio,pb,pe,pe1,ppnenet,prefdivis,price,ps,ps1,receivables,retearn,revenue,revenueusd,rnd,roa,roe,roic,ros,sbcomp,sgna,sharefactor,sharesbas,shareswa,shareswadil,sps,tangibles,taxassets,taxexp,taxliabilities,tbvps,workingcapital
BGS,MRY,2011-12-31,2011-12-31,2011-12-31,2018-05-08,-10430000,1132923000,940719250,150224000,982699000,0.578,4.938,-10556000,16738000,16738000,366090000,50243000,2.09,3.81,720107000,9750000,710357000,720107000,0,16229000,0,0.036,0.86,113479000,129708000,0.238,129708000,113479000,76804000,1.05,1.04,1.05,235547000,236020500,235547000,1528023177,13,11.78,61477000,1.289,1.0,177776000,0.327,897349000,36675000,867076000,679418250,82666000,0,0,0,897376000,71867000,825509000,1148142177,-82000000,-326000000,-3652000,225654000,-38238000,182575000,-336556000,0,72033000,-52000,50243000,50243000,50243000,0,0,0.092,64297000,113479000,24427000,0.819,4.874,22.852,22.924,61930000,0,24.07,2.111,2.111,39476000,85584000,543866000,543866000,0,0.053,0.213,0.167,0.209,3051000,57618000,1.0,47700132,47700132,,11.402,235574000,4225000,26561000,105743000,4.939,78357000
BGS,MRY,2012-12-31,2012-12-29,2012-12-29,2018-05-08,-11095000,1191968000,1152712500,164096000,1027872000,0.55,6.872,-10637000,19219000,19219000,410469000,59260000,1.574,2.3,637689000,40375000,597314000,637689000,0,18853000,0,0.04,1.1,138574000,157427000,0.248,157427000,138574000,90914000,1.2,1.2,1.2,361175000,271812750,361175000,2148721114,15,13.649,89891000,1.71,1.0,223343000,0.352,905136000,47660000,801024000,851600500,89757000,0,0,0,830793000,104278000,726515000,1450677114,2481000,-62667000,120355000,-91772000,-50161000,-24744000,-73304000,0,100528000,1000,59260000,59260000,59260000,0,0,0.093,74338000,149005000,25050000,0.917,4.017,24.48,23.0,104746000,0,27.6,2.289,2.289,43357000,144844000,633812000,633812000,0,0.051,0.218,0.163,0.219,-4254000,66212000,1.0,52560765,52560765,,12.059,286832000,6437000,31654000,121163000,5.457,59818000
BGS,MRY,2013-12-31,2013-12-28,2013-12-28,2018-05-08,-2471000,1484343000,1373029750,181737000,1302606000,0.528,7.079,-14649000,4107000,4107000,482050000,52343000,1.719,2.923,870885000,26250000,844635000,870885000,0,24077000,0,0.036,1.23,122705000,146782000,0.202,146782000,122705000,80892000,0.99,0.98,0.99,378363000,359707250,378363000,2665711726,21,18.161,100261000,1.876,1.0,242923000,0.335,1163433000,41813000,1081974000,998082250,101251000,0,0,0,1105980000,105714000,1000266000,1813419726,-15112000,-247281000,0,209846000,-62824000,131828000,-261930000,0,114910000,80000,52343000,52343000,52343000,0,0,0.072,88927000,153996000,42638000,1.242,4.793,34.645,34.273,110374000,0,33.93,2.501,2.501,62763000,197187000,724973000,724973000,0,0.038,0.146,0.123,0.169,-257000,79043000,1.0,53445910,53445910,,13.565,320910000,5537000,28549000,146939000,6.004,76023000
BGS,MRY,2014-12-31,2015-01-03,2015-01-03,2018-05-08,-11034000,1649353000,1634426000,196519000,1452834000,0.519,6.298,-19025000,1490000,1490000,600246000,40956000,2.12,3.88,1025857000,18750000,1007107000,1025857000,0,27434000,0,0.046,1.36,110350000,137784000,0.162,137784000,110350000,63777000,0.76,0.76,0.76,337995000,360804000,337995000,2632068526,23,19.103,80101000,1.493,1.0,247771000,0.292,1318319000,46573000,1262709000,1228415000,106557000,0,0,0,1311358000,92692000,1218666000,1592738526,-2617000,-154277000,0,154500000,-72369000,71619000,-173302000,0,99126000,-60000,40956000,40956000,40956000,0,0,0.048,139879000,107892000,38052000,1.789,4.712,38.889,39.053,116197000,0,29.68,1.878,1.878,55925000,238143000,848017000,848017000,0,0.025,0.114,0.09,0.13,-121000,93033000,1.0,53663697,53663697,,15.802,331034000,17717000,22821000,204207000,6.169,103827000
BGS,MRY,2015-12-31,2016-01-02,2016-01-02,2018-05-08,-12696000,2543620000,1924488250,463161000,2080459000,0.502,7.894,-18574000,5246000,5246000,676794000,69090000,3.434,4.558,1731521000,33750000,1697771000,1731521000,0,28653000,0,0.039,1.38,172370000,201023000,0.208,201023000,172370000,121239000,1.22,1.22,1.22,457685000,432399750,457685000,2963268574,17,14.741,109905000,1.942,1.0,289564000,0.3,1915485000,51131000,2219542000,1479061750,312880000,0,0,0,2085935000,134868000,1951067000,2030345574,3756000,-873811000,126230000,733500000,-76528000,767444000,-892385000,0,128479000,218000,69090000,69090000,69090000,0,0,0.071,117194000,172370000,49593000,1.131,4.436,29.387,28.705,163642000,0,35.02,2.101,2.051,69712000,307233000,966358000,966358000,0,0.036,0.16,0.117,0.178,5278000,105939000,1.0,57976744,56585000,56656000,17.078,628135000,7806000,52149000,250084000,10.834,328293000
BGS,MRY,2016-12-31,2016-12-31,2016-12-31,2018-05-08,-19364000,3043505000,2741311250,541874000,2501631000,0.508,11.831,-42418000,28833000,28833000,943295000,109425000,2.634,2.874,1725783000,10515000,1715268000,1725783000,0,37266000,0,0.039,1.725,251522000,288788000,0.208,288788000,251522000,177066000,1.73,1.73,1.73,785657000,707958000,785657000,4216474553,16,14.601,247243000,3.912,1.0,447962000,0.322,2243760000,74456000,2291000000,2082504250,356590000,0,0,0,2257848000,205695000,2052153000,2908596553,23587000,-438787000,331879000,-14000000,-100807000,216005000,-481205000,0,289661000,-874000,109425000,109425000,109425000,0,0,0.079,193967000,253995000,98033000,0.997,3.702,26.581,25.318,245344000,0,43.8,2.091,1.99,119265000,416658000,1391257000,1391257000,0,0.04,0.155,0.121,0.181,5455000,174759000,1.0,66406314,63203000,63420000,22.013,799745000,18689000,67641000,319355000,12.043,336179000
BGS,MRY,2017-12-31,2017-12-30,2017-12-30,2018-05-08,-20756000,3561038000,3246788000,886595000,2674443000,0.514,13.246,-59802000,206506000,206506000,1205809000,217463000,4.4,3.043,2217574000,0,2217574000,2217574000,0,49172000,0,0.053,1.86,239846000,289018000,0.173,289018000,239846000,148062000,3.27,3.26,3.27,880819000,812710250,880819000,4167663104,17,14.42,-22003000,-0.331,1.0,462247000,0.277,2397512000,91784000,2973108000,2617971500,501849000,0,0,0,2680219000,201486000,2478733000,2337346104,177673000,-162965000,112000,504360000,-123631000,359336000,-220538000,0,37799000,1076000,217463000,217463000,217463000,0,0,0.13,222845000,239402000,122358000,0.569,2.654,10.748,10.749,272192000,0,35.15,1.401,1.401,141392000,634121000,1668056000,1668056000,0,0.067,0.268,0.092,0.144,4615000,205234000,1.0,66496333,66487000,66706000,25.088,1163526000,19916000,-69401000,236417000,17.498,685109000
