ticker,dimension,calendardate,datekey,reportperiod,lastupdated,accoci,assets,assetsavg,assetsc,assetsnc,assetturnover,bvps,capex,cashneq,cashnequsd,cor,consolinc,currentratio,de,debt,debtc,debtnc,debtusd,deferredrev,depamor,deposits,divyield,dps,ebit,ebitda,ebitdamargin,ebitdausd,ebitusd,ebt,eps,epsdil,epsusd,equity,equityavg,equityusd,ev,evebit,evebitda,fcf,fcfps,fxusd,gp,grossmargin,intangibles,intexp,invcap,invcapavg,inventory,investments,investmentsc,investmentsnc,liabilities,liabilitiesc,liabilitiesnc,marketcap,ncf,ncfbus,ncfcommon,ncfdebt,ncfdiv,ncff,ncfi,ncfinv,ncfo,ncfx,netinc,netinccmn,netinccmnusd,netincdis,netincnci,netmargin,opex,opinc,payables,payoutratio,pb,pe,pe1,ppnenet,prefdivis,price,ps,ps1,receivables,retearn,revenue,revenueusd,rnd,roa,roe,roic,ros,sbcomp,sgna,sharefactor,sharesbas,shareswa,shareswadil,sps,tangibles,taxassets,taxexp,taxliabilities,tbvps,workingcapital
BLX,MRY,2011-12-31,2011-12-31,2011-12-31,2018-04-30,-3112000,6360032000,5730059500,,,0.023,20.538,-2220000,843484000,843484000,0,83856000,,7.369,3189126000,,,3189126000,0,2139000,2303506000,0.05,0.8,83180000,85319000,0.635,85319000,83180000,83180000,2.25,2.24,2.25,759282000,728166000,759282000,2615170167,31,30.652,177967000,4.814,1.0,134363000,1.0,0,0,8705674000,7915863500,0,5448026000,,,5595203000,,,589204167,368851000,0,4101000,752549000,-29505000,1195647000,-1006131000,-995904000,180187000,-852000,83180000,83180000,83180000,0,676000,0.619,50087000,84276000,0,0.356,0.776,7.083,7.133,6673000,0,16.05,4.385,4.416,0,372644000,134363000,134363000,0,0.015,0.114,0.011,0.619,2311000,37982000,1.0,36710540,36969000,37145000,3.634,6360032000,0,0,0,172.037,
BLX,MRY,2012-12-31,2012-12-31,2012-12-31,2018-04-30,-730000,6756396000,6558214000,,,0.023,21.851,-2800000,707030000,707030000,0,93325000,,7.171,3514094000,,,3514094000,0,2269000,2317260000,0.049,1.05,93032000,95301000,0.636,95301000,93032000,93032000,2.46,2.45,2.46,826475000,792878500,826475000,3146206669,33,33.013,94294000,2.493,1.0,149820000,1.0,0,0,9563460000,9134567000,0,5963763000,,,5926537000,,,800564669,-96979000,0,13136000,324921000,-39714000,309825000,-503830000,-510502000,97094000,-68000,93032000,93032000,93032000,0,293000,0.621,55814000,94006000,0,0.427,0.969,8.605,8.764,12808000,0,21.56,5.344,5.443,0,422048000,149820000,149820000,0,0.014,0.117,0.01,0.621,2271000,42113000,1.0,37131942,37824000,37938000,3.961,6756396000,0,0,0,178.627,
BLX,MRY,2013-12-31,2013-12-31,2013-12-31,2018-04-30,-9700000,7418108000,7087252000,,,0.019,22.366,-476000,839718000,839718000,0,80568000,,7.636,4141339000,,,4141339000,0,2747000,2361336000,0.043,1.2,84753000,87500000,0.649,87500000,84753000,84753000,2.21,2.2,2.21,859002000,842738500,859002000,3875891999,45,44.296,54078000,1.408,1.0,134878000,1.0,1890000,0,10717839000,10140649500,0,6173086000,,,6559106000,,,1068827999,138175000,-2135000,3675000,632461000,-46025000,685153000,-601612000,-604551000,54554000,80000,84753000,84753000,84753000,0,-4185000,0.628,54306000,80572000,0,0.543,1.244,12.611,12.679,8432000,0,28.02,7.924,7.979,0,454896000,134878000,134878000,0,0.012,0.101,0.008,0.628,2996000,39830000,1.0,38145182,38406000,38533000,3.512,7416218000,0,0,0,193.101,
BLX,MRY,2014-12-31,2014-12-31,2014-12-31,2018-04-30,-7837000,8022408000,7720258000,,,0.022,23.545,-67000,780515000,780515000,0,102366000,,7.806,4506730000,,,4506730000,0,2487000,2506694000,0.059,1.785,102366000,104853000,0.626,104853000,102366000,102366000,2.65,2.63,2.65,911039000,885020500,911039000,4467860326,43,42.611,-266605000,-6.89,1.0,167610000,1.0,1024000,0,11747599000,11232719000,0,6712360000,,,7111369000,,,1161052326,-89381000,0,829000,253177000,-54262000,199744000,-22588000,-22438000,-266538000,0,102366000,102366000,102366000,0,0,0.611,65244000,102366000,0,0.674,1.274,11.342,11.358,6961000,0,30.1,6.927,6.949,0,501669000,167610000,167610000,0,0.013,0.116,0.009,0.611,2573000,31566000,1.0,38573167,38693000,38882000,4.332,8021384000,0,0,0,207.308,
BLX,MRY,2015-12-31,2015-12-31,2015-12-31,2018-04-30,-10681000,8286216000,8154312000,,,0.021,24.969,-615000,1299966000,1299966000,0,103984000,,7.526,4441354000,,,4441354000,0,1967000,2795469000,0.045,1.155,103984000,105951000,0.609,105951000,103984000,103984000,2.67,2.66,2.67,971931000,941485000,971931000,4737574400,45,44.715,267787000,6.88,1.0,173858000,1.0,427000,0,11427177000,11587388000,0,6754097000,,,7314285000,,,1005496400,525997000,0,1467000,34910000,-59943000,-23566000,130100000,130715000,268402000,0,103984000,103984000,103984000,0,0,0.598,69874000,103984000,0,0.433,1.035,9.67,9.712,6173000,0,25.93,5.783,5.805,0,560642000,173858000,173858000,0,0.013,0.11,0.009,0.598,3296000,30435000,1.0,38777339,38925000,39113000,4.466,8285789000,0,0,0,212.865,
BLX,MRY,2016-12-31,2016-12-31,2016-12-31,2018-04-30,-2801000,7180783000,7733499500,,,0.022,25.875,-3973000,1069538000,1069538000,0,87045000,,6.1,3266224000,,,3266224000,0,2086000,2802852000,0.052,1.54,87045000,89131000,0.531,89131000,87045000,87045000,2.23,2.22,2.23,1011314000,991622500,1011314000,4288632563,49,48.116,669941000,17.141,1.0,167974000,1.0,2909000,0,9374560000,10400868500,0,6015315000,,,6169469000,,,1147244563,-259576000,0,1575000,-1179441000,-60135000,-1238001000,149146000,156230000,673914000,0,87045000,87045000,87045000,0,0,0.518,80929000,87045000,0,0.691,1.134,13.18,13.202,8549000,0,29.44,6.83,6.85,0,587507000,167974000,167974000,0,0.011,0.088,0.008,0.518,3063000,25196000,1.0,38968905,39085000,39210000,4.298,7177874000,0,0,0,183.648,
BLX,MRY,2017-12-31,2017-12-31,2017-12-31,2018-04-30,1963000,6267747000,6724265000,,,0.021,26.527,-2654000,672048000,672048000,0,81999000,,5.01,2217936000,,,2217936000,0,2416000,2928844000,0.057,1.54,81999000,84415000,0.61,84415000,81999000,81999000,2.09,2.08,2.09,1042812000,1027063000,1042812000,3250067291,39,38.501,556091000,14.146,1.0,138313000,1.0,5425000,0,7808210000,8591385000,0,5513448000,,,5224935000,,,1053405291,-388919000,0,4950000,-1035246000,-60605000,-1090901000,10894000,16918000,558745000,0,81999000,81999000,81999000,0,0,0.593,56314000,81999000,0,0.737,1.01,12.847,12.871,7420000,0,26.9,7.616,7.645,0,608966000,138313000,138313000,0,0.012,0.08,0.01,0.593,296000,27653000,1.0,39160048,39311000,39329000,3.518,6262322000,0,0,0,159.302,
