ticker,dimension,calendardate,datekey,reportperiod,lastupdated,accoci,assets,assetsavg,assetsc,assetsnc,assetturnover,bvps,capex,cashneq,cashnequsd,cor,consolinc,currentratio,de,debt,debtc,debtnc,debtusd,deferredrev,depamor,deposits,divyield,dps,ebit,ebitda,ebitdamargin,ebitdausd,ebitusd,ebt,eps,epsdil,epsusd,equity,equityavg,equityusd,ev,evebit,evebitda,fcf,fcfps,fxusd,gp,grossmargin,intangibles,intexp,invcap,invcapavg,inventory,investments,investmentsc,investmentsnc,liabilities,liabilitiesc,liabilitiesnc,marketcap,ncf,ncfbus,ncfcommon,ncfdebt,ncfdiv,ncff,ncfi,ncfinv,ncfo,ncfx,netinc,netinccmn,netinccmnusd,netincdis,netincnci,netmargin,opex,opinc,payables,payoutratio,pb,pe,pe1,ppnenet,prefdivis,price,ps,ps1,receivables,retearn,revenue,revenueusd,rnd,roa,roe,roic,ros,sbcomp,sgna,sharefactor,sharesbas,shareswa,shareswadil,sps,tangibles,taxassets,taxexp,taxliabilities,tbvps,workingcapital
BMRN,MRY,2011-12-31,2011-12-31,2011-12-31,2018-04-28,4887000,1305709000,1286330750,469802000,835907000,0.343,6.757,-154219000,46272000,46272000,84023000,-53836000,4.991,0.689,348329000,0,348329000,348329000,0,35046000,0,0.0,0.0,-35218000,-172000,0.0,-172000,-35218000,-43627000,-0.48,-0.48,-0.48,773048000,750183000,773048000,4203776312,-119,-24440.56,-135804000,-1.211,1.0,357335000,0.81,231820000,8409000,1281821000,1311421750,130118000,243764000,148820000,94944000,532661000,94125000,438536000,3926691312,-41807000,-1903000,33592000,-879000,0,29338000,-89560000,66562000,18415000,0,-53836000,-53836000,-53836000,0,0,-0.122,391225000,-33890000,94125000,0.0,5.079,-72.938,-71.625,268971000,0,34.38,8.897,8.734,104839000,-425101000,441358000,441358000,214374000,-0.042,-0.072,-0.027,-0.08,43494000,175423000,1.0,114214407,112122000,112122000,3.936,1073889000,245792000,10209000,37155000,9.386,375677000
BMRN,MRY,2012-12-31,2012-12-31,2012-12-31,2018-04-28,-202000,1568347000,1491333750,743431000,824916000,0.336,8.149,-44571000,180527000,180527000,91830000,-114347000,4.362,0.544,348224000,23365000,324859000,348224000,0,44335000,0,0.0,0.0,-110639000,-66304000,-0.132,-66304000,-110639000,-118278000,-0.95,-0.95,-0.95,1015763000,950833250,1015763000,6259213447,-56,-94.402,-26962000,-0.224,1.0,408893000,0.817,214523000,7639000,1351088000,1329290500,128695000,384351000,267278000,117073000,552584000,170433000,382151000,6092242447,134255000,-1743000,318560000,0,0,312291000,-195645000,-149331000,17609000,0,-114347000,-114347000,-114347000,0,0,-0.228,519108000,-110215000,147068000,0.0,5.998,-53.279,-51.789,284473000,0,49.2,12.167,11.818,109066000,-539448000,500723000,500723000,302218000,-0.077,-0.12,-0.083,-0.221,46867000,198173000,1.0,123826066,120271000,120271000,4.163,1353824000,221659000,-3931000,0,10.861,572998000
BMRN,MRY,2013-12-31,2013-12-31,2013-12-31,2018-04-28,5018000,2244060000,1766100750,1137418000,1106642000,0.311,9.397,-65193000,568781000,568781000,88391000,-176353000,6.206,0.673,655566000,0,655566000,655566000,0,36014000,0,0.0,0.0,-166056000,-130042000,-0.237,-130042000,-166056000,-176503000,-1.28,-1.28,-1.28,1341041000,1281484250,1341041000,9901405419,-59,-76.14,-122528000,-0.889,1.0,460094000,0.839,217405000,10447000,1930169000,1353193000,162605000,484458000,215942000,268516000,903019000,183271000,719748000,10004660419,388254000,-9875000,72579000,726202000,0,746671000,-298852000,-106399000,-57335000,-2230000,-176353000,-176353000,-176353000,0,0,-0.322,616101000,-156007000,183271000,0.0,7.46,-56.731,-54.961,319316000,0,70.35,18.241,17.669,117822000,-715801000,548485000,548485000,354780000,-0.1,-0.138,-0.123,-0.303,63643000,235356000,1.0,142212657,137755000,137755000,3.982,2026655000,175795000,-150000,0,14.201,954147000
BMRN,MRY,2014-12-31,2014-12-31,2014-12-31,2018-04-28,27466000,2475379000,2400556250,1397640000,1077739000,0.312,10.308,-117062000,875486000,875486000,122267000,-133969000,5.929,0.62,642902000,0,642902000,642902000,0,45871000,0,0.0,0.0,-88226000,-42355000,-0.057,-42355000,-88226000,-124868000,-0.92,-0.92,-0.92,1527894000,1489606500,1527894000,13589764358,-154,-320.854,-187484000,-1.281,1.0,627017000,0.837,210836000,36642000,1796220000,2022317000,199452000,167562000,69706000,97856000,947485000,235739000,711746000,13330885358,306705000,0,197368000,0,0,184198000,196327000,248989000,-70422000,-3398000,-133969000,-133969000,-133969000,0,0,-0.179,719908000,-92891000,231844000,0.0,8.725,-99.507,-98.261,523516000,0,90.4,17.791,17.657,144472000,-849770000,749284000,749284000,461543000,-0.056,-0.09,-0.044,-0.118,86410000,302156000,1.0,147465546,146349000,146349000,5.12,2264543000,190974000,9101000,0,15.278,1161901000
BMRN,MRY,2015-12-31,2015-12-31,2015-12-31,2018-04-28,21033000,3729368000,3665399000,1089639000,2639729000,0.243,14.897,-227653000,397040000,397040000,152008000,-171799000,2.446,0.553,662286000,0,662286000,662286000,0,47187000,0,0.0,0.0,-116480000,-69293000,-0.078,-69293000,-116480000,-154724000,-1.07,-1.07,-1.07,2400847000,2368974750,2400847000,17184176663,-147,-247.993,-447152000,-2.794,1.0,737887000,0.829,881035000,38244000,2668122000,2361242250,271683000,621231000,195579000,425652000,1328521000,445457000,883064000,16892729663,-478446000,-910148000,951302000,0,0,925723000,-1179598000,-448471000,-219499000,-5072000,-171799000,-171799000,-171799000,0,0,-0.193,848589000,-110702000,392511000,0.0,7.036,-98.328,-97.907,704207000,0,104.76,18.983,18.838,164959000,-1021569000,889895000,889895000,634806000,-0.047,-0.073,-0.049,-0.131,111525000,402271000,1.0,161251715,160025000,160025000,5.561,2848333000,220191000,17075000,143527000,17.674,644182000
BMRN,MRY,2016-12-31,2016-12-31,2016-12-31,2018-04-28,12816000,4023690000,3655056250,1421791000,2601899000,0.306,16.078,-148380000,408330000,408330000,209620000,-630210000,3.236,0.455,683239000,22478000,660761000,683239000,0,96912000,0,0.0,0.0,-791551000,-694639000,-0.622,-694639000,-791551000,-831050000,-3.8,-3.81,-3.8,2766275000,2404973750,2766275000,14215728281,-17,-20.465,-376217000,-2.267,1.0,907234000,0.812,750819000,39499000,3108470000,2601589500,355126000,954058000,381347000,572711000,1257415000,439310000,818105000,14247439281,11290000,-2789000,787165000,0,0,727108000,-484047000,-332180000,-227837000,-3934000,-630210000,-630210000,-630210000,0,0,-0.564,1710663000,-803429000,370505000,0.0,5.15,-22.607,-21.8,798768000,0,82.84,12.757,12.312,215280000,-1520506000,1116854000,1116854000,661905000,-0.172,-0.262,-0.304,-0.709,134641000,476593000,1.0,171987437,165985000,166219000,6.729,3272871000,446786000,-200840000,0,19.023,982481000
BMRN,MRY,2017-12-31,2017-12-31,2017-12-31,2018-04-28,-22961000,4633125000,4293098500,2207144000,2425981000,0.306,16.004,-199219000,598028000,598028000,241786000,-117042000,2.703,0.65,1174470000,360949000,813521000,1174470000,0,87861000,0,0.0,0.0,6832000,94693000,0.072,94693000,6832000,-35875000,-0.67,-0.67,-0.67,2808663000,2796722750,2808663000,16394786270,2399,173.136,-207976000,-1.192,1.0,1071860000,0.816,714549000,42707000,3678500000,3569399000,475775000,1183725000,797940000,385785000,1824462000,816518000,1007944000,15660149270,189698000,0,60859000,481713000,0,507145000,-305459000,-229487000,-8757000,-3231000,-117042000,-117042000,-117042000,0,0,-0.089,1086560000,-14700000,401921000,0.0,5.576,-133.799,-133.09,896700000,0,89.17,11.921,11.84,261365000,-1637548000,1313646000,1313646000,610753000,-0.027,-0.042,0.002,0.005,140263000,554336000,1.0,175621277,174427000,174427000,7.531,3918576000,399095000,81167000,0,22.329,1390626000
