ticker,dimension,calendardate,datekey,reportperiod,lastupdated,accoci,assets,assetsavg,assetsc,assetsnc,assetturnover,bvps,capex,cashneq,cashnequsd,cor,consolinc,currentratio,de,debt,debtc,debtnc,debtusd,deferredrev,depamor,deposits,divyield,dps,ebit,ebitda,ebitdamargin,ebitdausd,ebitusd,ebt,eps,epsdil,epsusd,equity,equityavg,equityusd,ev,evebit,evebitda,fcf,fcfps,fxusd,gp,grossmargin,intangibles,intexp,invcap,invcapavg,inventory,investments,investmentsc,investmentsnc,liabilities,liabilitiesc,liabilitiesnc,marketcap,ncf,ncfbus,ncfcommon,ncfdebt,ncfdiv,ncff,ncfi,ncfinv,ncfo,ncfx,netinc,netinccmn,netinccmnusd,netincdis,netincnci,netmargin,opex,opinc,payables,payoutratio,pb,pe,pe1,ppnenet,prefdivis,price,ps,ps1,receivables,retearn,revenue,revenueusd,rnd,roa,roe,roic,ros,sbcomp,sgna,sharefactor,sharesbas,shareswa,shareswadil,sps,tangibles,taxassets,taxexp,taxliabilities,tbvps,workingcapital
BNS,MRY,2011-12-31,2011-10-31,2011-10-31,2017-11-28,-497000000,594423000000,569196500000,,,0.03,28.675,-371000000,45222000000,45423635518,0,5330000000,,18.288,282060000000,,,283317647035,0,413000000,154370000000,0.039,2.05,6604000000,7017000000,0.405,7048287347,6633445866,6604000000,4.63,4.53,4.651,30740000000,28221500000,30877063283,270801571441,40,38.421,10962000000,10.226,0.996,17310000000,1.0,7639000000,0,823622000000,785802000000,0,475628000000,,,562183000000,,,54867648405,561000000,-544000000,736000000,0,-2416000000,-4275000000,-6438000000,-1356000000,11333000000,-59000000,5181000000,4965000000,4987137905,0,58000000,0.287,9481000000,7829000000,0,0.441,1.777,11.002,11.312,2504000000,216000000,52.61,3.156,3.244,0,18421000000,17310000000,17387181699,0,0.009,0.176,0.008,0.382,46000000,7493000000,1.0,1042912914,1072000000,1074000000,16.219,586784000000,2214000000,1423000000,0,547.373,
BNS,MRY,2012-12-31,2012-10-31,2012-10-31,2017-11-28,-31000000,668044000000,631233500000,,,0.031,36.381,-435000000,113526000000,113520096955,0,6390000000,,15.811,310436000000,,,310419858167,0,446000000,172229000000,0.05,2.73,7762000000,8208000000,0.418,8207573206,7761596396,7762000000,5.27,5.18,5.27,39636000000,35188000000,39633939035,306980011851,39,37.402,5858000000,5.377,1.0,19646000000,1.0,8692000000,0,856262000000,839942000000,0,481270000000,,,626665000000,,,59245866932,1742000000,-458000000,4200000000,3230000000,-2713000000,4956000000,-9419000000,-9635000000,6293000000,-88000000,6194000000,5974000000,5973689368,0,196000000,0.304,10436000000,9210000000,0,0.518,1.495,9.918,10.319,2260000000,220000000,54.38,3.016,3.016,0,21978000000,19646000000,19644978461,0,0.009,0.17,0.009,0.395,38000000,8199000000,1.0,1089478980,1089478980,,18.032,659352000000,1936000000,1568000000,0,605.199,
BNS,MRY,2013-12-31,2013-10-31,2013-10-31,2017-11-28,388000000,743644000000,705844000000,,,0.03,37.354,-180000000,135871000000,130102514703,0,6610000000,,15.78,330217000000,,,316197437994,0,516000000,204067000000,0.049,2.96,8116000000,8632000000,0.405,8265523230,7771430322,8116000000,5.15,5.11,4.931,44249000000,41942500000,42370382002,334382646248,43,40.455,8774000000,7.407,1.044,21299000000,1.0,10704000000,0,927286000000,891774000000,0,540554000000,,,698257000000,,,71986538279,-587000000,-3439000000,1256000000,-4210000000,-3075000000,-6379000000,-3264000000,679000000,8954000000,102000000,6379000000,6162000000,5900388571,0,231000000,0.289,11664000000,9635000000,0,0.6,1.699,12.2,12.323,2214000000,217000000,60.77,3.53,3.53,0,25068000000,21299000000,20394738102,0,0.009,0.147,0.009,0.381,36000000,8991000000,1.0,1184573610,1184573610,,17.217,732940000000,1938000000,1737000000,0,618.737,
BNS,MRY,2014-12-31,2014-10-31,2014-10-31,2017-11-28,949000000,805666000000,774655000000,,,0.03,39.628,-277000000,150596000000,133876082216,0,7298000000,,15.793,357114000000,,,317465425539,0,526000000,211650000000,0.049,2.98,9073000000,9599000000,0.407,8533271223,8065670362,9073000000,5.69,5.66,5.058,47899000000,46074000000,42581014516,255423398612,31,29.933,4667000000,3.861,1.125,23604000000,1.0,10884000000,0,1001300000000,964293000000,0,579944000000,,,756455000000,,,74094677419,379000000,2045000000,433000000,-1000000000,-3265000000,-4186000000,-586000000,-2239000000,4944000000,207000000,7071000000,6916000000,6148151243,0,227000000,0.293,12601000000,11003000000,0,0.589,1.74,12.052,12.119,2272000000,155000000,61.3,3.531,3.531,0,28609000000,23604000000,20983366388,0,0.009,0.15,0.009,0.384,30000000,9525000000,1.0,1208722307,1208722307,,17.36,794782000000,1763000000,2002000000,0,657.539,
BNS,MRY,2015-12-31,2015-10-31,2015-10-31,2017-11-28,2455000000,856497000000,831081500000,,,0.029,42.758,-282000000,161239000000,123150421795,0,7213000000,,15.437,391622000000,,,299111347033,0,584000000,225775000000,0.055,2.59,8867000000,9451000000,0.393,7218443654,6772398675,8867000000,5.7,5.67,4.354,52019000000,49959000000,39730845461,238173822245,35,32.995,16144000000,13.27,1.309,24049000000,1.0,11449000000,0,1075431000000,1038365500000,0,606795000000,,,803018000000,,,57155033870,896000000,-701000000,-854000000,1230000000,-3406000000,-2316000000,-13519000000,-11483000000,16426000000,305000000,7014000000,6897000000,5267760647,0,199000000,0.287,13041000000,11008000000,0,0.595,1.439,10.85,10.791,2286000000,117000000,46.98,3.112,3.112,0,31316000000,24049000000,18368040571,0,0.008,0.138,0.009,0.369,14000000,9907000000,1.0,1216582245,1216582245,,15.098,845048000000,2034000000,1853000000,0,694.608,
BNS,MRY,2016-12-31,2016-10-31,2016-10-31,2017-11-28,2240000000,896266000000,876381500000,,,0.03,46.761,-348000000,138473000000,103184053651,0,7368000000,,14.905,391914000000,,,292037257824,0,684000000,239574000000,0.04,2.17,9147000000,9831000000,0.373,7325633383,6815946348,9147000000,5.8,5.77,4.322,56251000000,54135000000,41915797317,236948630411,34,32.345,4188000000,3.481,1.342,26350000000,1.0,12141000000,0,1137566000000,1106498500000,0,668716000000,,,838445000000,,,64669904140,131000000,-1050000000,311000000,1430000000,-3598000000,-1633000000,-2754000000,-925000000,4536000000,-18000000,7117000000,6987000000,5206408345,0,251000000,0.265,14540000000,11810000000,0,0.502,1.543,12.421,12.439,2520000000,130000000,53.76,3.294,3.294,0,34752000000,26350000000,19634873323,0,0.008,0.129,0.008,0.347,7000000,10573000000,1.0,1202937205,1202937205,,16.322,884125000000,2021000000,2030000000,0,734.972,
BNS,MRY,2017-12-31,2017-10-31,2017-10-31,2017-11-28,1577000000,915273000000,905769500000,,,0.03,49.701,3000000,154982000000,,0,8243000000,,14.22,404483000000,,,,0,761000000,240379000000,0.036,2.31,10038000000,10799000000,0.398,,,10038000000,6.55,6.49,,60033000000,58142000000,,267011928574,,,16587000000,13.732,,27155000000,1.0,12106000000,0,1152668000000,1145117000000,0,678515000000,,,853648000000,,,77933295330,970000000,229000000,-696000000,-1500000000,-3797000000,-2932000000,-12540000000,-12387000000,16584000000,-142000000,8005000000,7876000000,,0,238000000,0.29,14630000000,12525000000,0,,,,,2381000000,129000000,64.52,,,0,38117000000,27155000000,,0,0.009,0.135,0.009,0.37,8000000,11167000000,1.0,1207893604,1207893604,,,903167000000,1713000000,2033000000,0,747.721,
