ticker,dimension,calendardate,datekey,reportperiod,lastupdated,accoci,assets,assetsavg,assetsc,assetsnc,assetturnover,bvps,capex,cashneq,cashnequsd,cor,consolinc,currentratio,de,debt,debtc,debtnc,debtusd,deferredrev,depamor,deposits,divyield,dps,ebit,ebitda,ebitdamargin,ebitdausd,ebitusd,ebt,eps,epsdil,epsusd,equity,equityavg,equityusd,ev,evebit,evebitda,fcf,fcfps,fxusd,gp,grossmargin,intangibles,intexp,invcap,invcapavg,inventory,investments,investmentsc,investmentsnc,liabilities,liabilitiesc,liabilitiesnc,marketcap,ncf,ncfbus,ncfcommon,ncfdebt,ncfdiv,ncff,ncfi,ncfinv,ncfo,ncfx,netinc,netinccmn,netinccmnusd,netincdis,netincnci,netmargin,opex,opinc,payables,payoutratio,pb,pe,pe1,ppnenet,prefdivis,price,ps,ps1,receivables,retearn,revenue,revenueusd,rnd,roa,roe,roic,ros,sbcomp,sgna,sharefactor,sharesbas,shareswa,shareswadil,sps,tangibles,taxassets,taxexp,taxliabilities,tbvps,workingcapital
BNSO,MRY,2011-12-31,2011-03-31,2011-03-31,2017-08-15,2439000,21812000,22750500,14223000,7589000,1.248,2.254,-632000,5407000,5407000,24760000,-1560000,1.93,0.844,1333000,1333000,0,1333000,0,307000,0,0.0,0.0,-1504000,-1197000,-0.042,-1197000,-1504000,-1560000,-0.29,-0.29,-0.29,11827000,12507500,11827000,6616896,-4,-5.528,-1822000,-0.347,1.0,3627000,0.128,4031000,56000,6336000,6207000,4848000,0,0,0,9985000,7371000,2614000,12487218,-2624000,0,0,-120000,0,-120000,-1314000,0,-1190000,-78000,-1560000,-1560000,-1560000,129000,0,-0.055,5062000,-1435000,2729000,0.0,1.056,-8.005,-7.72,3558000,0,2.239,0.44,0.414,1311000,-10932000,28387000,28387000,334000,-0.069,-0.125,-0.242,-0.053,0,4924000,1.0,5577639,5246903,,5.41,17781000,1944000,0,2638000,3.389,6852000
BNSO,MRY,2012-12-31,2012-03-31,2012-03-31,2017-08-15,2792000,23168000,22490000,12207000,10961000,1.186,2.149,-3390000,3014000,3014000,22782000,-902000,1.314,1.054,1870000,1870000,0,1870000,0,230000,0,0.0,0.0,-813000,-583000,-0.022,-583000,-813000,-900000,-0.17,-0.17,-0.17,11278000,11552500,11278000,2619166,-3,-4.493,-3320000,-0.633,1.0,3900000,0.146,3990000,87000,8741000,7538500,4105000,0,0,0,11890000,9293000,2597000,6693166,-2905000,0,0,537000,0,537000,-3512000,0,70000,507000,-902000,-902000,-902000,0,0,-0.034,5583000,-1683000,5032000,0.0,0.593,-7.42,-7.059,6971000,0,1.2,0.251,0.236,2081000,-11834000,26682000,26682000,312000,-0.04,-0.078,-0.108,-0.03,0,5285000,1.0,5577639,5246903,5246903,5.085,19178000,1903000,2000,2641000,3.655,2914000
BNSO,MRY,2013-12-31,2013-03-31,2013-03-31,2017-08-15,2854000,27123000,25145500,13782000,13341000,1.208,2.018,-1410000,1140000,1140000,25263000,-754000,0.989,1.562,3813000,3813000,0,3813000,0,346000,0,0.0,0.0,-657000,-311000,-0.01,-311000,-657000,-725000,-0.14,-0.14,-0.14,10586000,10932000,10586000,7110905,-10,-22.865,-2003000,-0.382,1.0,5123000,0.169,4590000,68000,11264000,10002500,5460000,1232000,1068000,164000,16537000,13942000,2595000,8254905,-1876000,0,0,1943000,0,1943000,-3226000,-1014000,-593000,2000,-754000,-754000,-754000,0,0,-0.025,5691000,-568000,7793000,0.0,0.78,-10.948,-10.571,8299000,0,1.48,0.272,0.256,2759000,-12588000,30386000,30386000,396000,-0.03,-0.069,-0.066,-0.022,0,5297000,1.0,5577639,5246903,5246903,5.791,22533000,1740000,29000,2602000,4.295,-160000
BNSO,MRY,2014-12-31,2014-03-31,2014-03-31,2017-08-15,3111000,32140000,29631500,14877000,17263000,1.056,2.024,-2738000,409000,409000,28631000,-221000,0.798,2.026,5896000,5619000,277000,5896000,0,1375000,0,0.0,0.0,-85000,1290000,0.041,1290000,-85000,-221000,-0.04,-0.04,-0.04,10622000,10604000,10622000,11140986,-131,8.636,-2493000,-0.475,1.0,2674000,0.085,4387000,136000,14594000,12929000,7545000,1180000,1049000,131000,21518000,18646000,2872000,9481986,-892000,0,0,1636000,0,1636000,-2773000,-35000,245000,-132000,-221000,-221000,-221000,0,0,-0.007,3107000,-433000,10423000,0.0,0.893,-42.905,-42.5,12452000,0,1.7,0.303,0.285,2646000,-12809000,31305000,31305000,366000,-0.007,-0.021,-0.007,-0.003,0,6336000,1.0,5577639,5246903,5246903,5.966,27753000,1740000,0,2602000,5.289,-3769000
BNSO,MRY,2015-12-31,2015-03-31,2015-03-31,2017-08-15,3234000,25777000,28958500,9038000,16739000,0.999,2.259,-791000,3027000,3027000,23092000,1110000,0.673,1.174,5941000,5448000,493000,5941000,0,1376000,0,0.0,0.0,346000,1722000,0.059,1722000,346000,73000,0.21,0.21,0.21,11855000,11238500,11855000,13254594,38,7.697,1856000,0.354,1.0,5852000,0.202,4119000,273000,11143000,12868500,3121000,527000,391000,136000,13922000,13429000,493000,7474594,2691000,0,0,-295000,0,176000,-132000,659000,2647000,220000,1110000,1110000,1110000,0,0,0.038,7363000,-1511000,4857000,0.0,0.631,6.734,6.381,12484000,0,1.34,0.258,0.243,1306000,-11699000,28944000,28944000,228000,0.038,0.099,0.027,0.012,0,7233000,1.0,5577639,5246903,5246903,5.516,21658000,39000,-1037000,7000,4.128,-4391000
BNSO,MRY,2016-12-31,2016-03-31,2016-03-31,2017-08-15,2384000,23021000,24399000,7607000,15414000,0.979,2.818,324000,3547000,3547000,16476000,2871000,0.935,0.579,2393000,2087000,306000,2393000,0,1335000,0,0.0,0.0,3294000,4629000,0.194,4629000,3294000,3181000,0.55,0.55,0.55,14578000,13216500,14578000,10611699,3,2.292,4179000,0.808,1.0,7416000,0.31,3292000,113000,10438000,10790500,1823000,284000,144000,140000,8443000,8137000,306000,7697699,709000,0,-99000,-3494000,0,-3727000,581000,257000,3855000,-189000,2871000,2871000,2871000,0,0,0.12,5847000,1569000,2580000,0.0,0.528,2.681,2.509,11717000,0,1.38,0.322,0.299,1178000,-8828000,23892000,23892000,200000,0.118,0.217,0.305,0.138,801000,6884000,1.0,5577639,5173431,5173431,4.618,19729000,0,310000,317000,3.814,-530000
BNSO,MRY,2017-12-31,2017-03-31,2017-03-31,2017-08-15,974000,20966000,21993500,7743000,13223000,0.795,3.032,-169000,3745000,3745000,10715000,2795000,1.477,0.344,583000,456000,127000,583000,0,1317000,0,0.0,0.0,3432000,4749000,0.272,4749000,3432000,3395000,0.54,0.53,0.54,15595000,15086500,15595000,13180532,3,2.775,2976000,0.579,1.0,6761000,0.387,2785000,37000,9775000,10106500,1018000,311000,167000,144000,5371000,5244000,127000,14334532,721000,0,-368000,-1511000,0,-2014000,-410000,-16000,3145000,-523000,2795000,2795000,2795000,0,0,0.16,5546000,1215000,1237000,0.0,0.919,5.129,4.759,10294000,0,2.57,0.82,0.756,1167000,-6033000,17476000,17476000,158000,0.127,0.185,0.34,0.196,0,5467000,1.0,5577639,5143648,5316393,3.398,18181000,0,600000,533000,3.535,2499000
