ticker,dimension,calendardate,datekey,reportperiod,lastupdated,accoci,assets,assetsavg,assetsc,assetsnc,assetturnover,bvps,capex,cashneq,cashnequsd,cor,consolinc,currentratio,de,debt,debtc,debtnc,debtusd,deferredrev,depamor,deposits,divyield,dps,ebit,ebitda,ebitdamargin,ebitdausd,ebitusd,ebt,eps,epsdil,epsusd,equity,equityavg,equityusd,ev,evebit,evebitda,fcf,fcfps,fxusd,gp,grossmargin,intangibles,intexp,invcap,invcapavg,inventory,investments,investmentsc,investmentsnc,liabilities,liabilitiesc,liabilitiesnc,marketcap,ncf,ncfbus,ncfcommon,ncfdebt,ncfdiv,ncff,ncfi,ncfinv,ncfo,ncfx,netinc,netinccmn,netinccmnusd,netincdis,netincnci,netmargin,opex,opinc,payables,payoutratio,pb,pe,pe1,ppnenet,prefdivis,price,ps,ps1,receivables,retearn,revenue,revenueusd,rnd,roa,roe,roic,ros,sbcomp,sgna,sharefactor,sharesbas,shareswa,shareswadil,sps,tangibles,taxassets,taxexp,taxliabilities,tbvps,workingcapital
BOFI,MRY,2011-12-31,2011-06-30,2011-06-30,2018-04-26,-971000,1940087000,1713773250,,,0.035,3.569,-3150000,9052000,9052000,0,20579000,,12.129,442655000,,,442655000,0,618000,1340325000,0.0,0.0,33863000,34481000,0.568,34481000,33863000,33863000,0.47,0.468,0.47,147766000,140077250,147766000,459643884,13,13.33,965000,0.023,1.0,60706000,1.0,0,0,2373690000,2089127000,0,1887111000,,,1792321000,,,149169884,-9153000,0,1589000,124500000,0,497925000,-511193000,-511527000,4115000,0,20270000,20270000,20270000,0,309000,0.334,26534000,34172000,7104000,0.0,1.01,7.359,7.665,3153000,0,3.603,2.457,2.457,0,60152000,60706000,60706000,0,0.012,0.145,0.016,0.558,2153000,22345000,1.0,41407324,41407324,,1.466,1940087000,9719000,13593000,0,46.854,
BOFI,MRY,2012-12-31,2012-06-30,2012-06-30,2018-04-26,-5435000,2386845000,2246428500,,,0.039,4.519,-2571000,35426000,35426000,0,29476000,,10.552,547155000,,,547155000,0,1316000,1615088000,0.0,0.0,48266000,49582000,0.567,49582000,48266000,48266000,0.613,0.583,0.613,206620000,192487000,206620000,684184625,14,13.799,-58842000,-1.287,1.0,87495000,1.0,0,0,2898574000,2696788000,0,2308719000,,,2180225000,,,225887625,26374000,0,14810000,104500000,0,412591000,-329946000,-335776000,-56271000,0,28205000,28205000,28205000,0,1271000,0.322,37958000,49537000,16180000,0.0,1.093,8.009,8.059,4408000,0,4.94,2.582,2.582,0,88357000,87495000,87495000,0,0.013,0.147,0.018,0.552,2493000,32733000,1.0,45726240,45726240,,1.913,2386845000,15095000,20061000,0,52.199,
BOFI,MRY,2013-12-31,2013-06-30,2013-06-30,2018-04-26,-10800000,3090771000,2886018750,,,0.042,4.91,-3914000,201694000,201694000,0,40291000,,10.521,705572000,,,705572000,0,1904000,2091999000,0.0,0.0,67366000,69270000,0.569,69270000,67366000,67366000,0.75,0.723,0.75,268262000,246571250,268262000,1057567620,15,15.267,11836000,0.217,1.0,121788000,1.0,0,0,3594649000,3380770500,0,2835513000,,,2822509000,,,625902620,166268000,0,9357000,158417000,0,662092000,-511574000,-510811000,15750000,0,39456000,39456000,39456000,0,835000,0.324,53587000,68201000,23264000,0.0,2.333,15.863,15.273,6418000,0,11.455,5.139,5.139,0,127813000,121788000,121788000,0,0.014,0.16,0.02,0.553,3297000,49053000,1.0,54640124,54640124,,2.229,3090771000,23555000,27910000,0,56.566,
BOFI,MRY,2014-12-31,2014-06-30,2014-06-30,2018-04-26,-10366000,4402999000,3776576250,,,0.041,6.529,-3163000,155584000,155584000,0,55956000,,10.875,960155000,,,960155000,0,2874000,3041536000,0.0,0.0,93960000,96834000,0.628,96834000,93960000,93960000,0.97,0.96,0.97,370778000,325977500,370778000,1571788475,16,16.232,18156000,0.32,1.0,154202000,1.0,0,0,5207570000,4427768500,0,4187180000,,,4032221000,,,1043031475,-46110000,0,46932000,254583000,0,1250743000,-1318172000,-1317733000,21319000,0,55647000,55647000,55647000,0,309000,0.361,59933000,94269000,29180000,0.0,2.813,18.744,18.936,6707000,0,18.367,6.764,6.764,0,183460000,154202000,154202000,0,0.015,0.171,0.021,0.609,4358000,54865000,1.0,56786796,56786796,,2.715,4402999000,25245000,38313000,0,77.536,
BOFI,MRY,2015-12-31,2015-06-30,2015-06-30,2018-04-26,-9399000,5823719000,5342955750,,,0.041,8.689,-5117000,222874000,222874000,0,82682000,,9.916,793155000,,,793155000,0,3273000,4451917000,0.0,0.0,140548000,143821000,0.659,143821000,140548000,140548000,1.35,1.34,1.35,533526000,473019250,533526000,2017398216,14,14.027,110985000,1.807,1.0,218335000,1.0,0,0,6394000000,5938405000,0,5500763000,,,5290193000,,,1622793216,67290000,0,82292000,-167000000,0,1325364000,-1374176000,-1370577000,116102000,0,82373000,82373000,82373000,0,309000,0.377,77478000,140857000,43855000,0.0,3.042,19.701,19.576,8551000,0,26.427,7.433,7.433,0,265833000,218335000,218335000,0,0.015,0.174,0.024,0.644,1122000,70891000,1.0,61405476,61405476,,3.556,5823719000,32955000,58175000,0,94.84,
BOFI,MRY,2016-12-31,2016-06-30,2016-06-30,2018-04-26,-7304000,7599304000,7056697250,,,0.045,10.84,-10239000,486727000,486727000,0,119291000,,10.117,818016000,,,818016000,0,4795000,6044051000,0.0,0.0,204586000,209381000,0.659,209381000,204586000,204586000,1.85,1.85,1.85,683590000,632106500,683590000,1170406563,5,5.59,200405000,3.178,1.0,317651000,1.0,0,0,7930593000,7404678000,0,6944398000,,,6915714000,,,1116805563,263853000,0,23802000,25000000,0,1640627000,-1587418000,-1578657000,210644000,0,118982000,118982000,118982000,0,309000,0.375,112756000,204895000,51980000,0.0,1.634,9.386,9.573,13995000,0,17.71,3.516,3.516,0,384815000,317651000,317651000,0,0.017,0.188,0.028,0.644,8795000,103375000,1.0,63060732,63060732,,5.037,7599304000,39171000,85604000,0,120.508,
BOFI,MRY,2017-12-31,2017-06-30,2017-06-30,2018-04-26,487000,8501680000,8306157500,,,0.045,13.16,-8758000,643541000,643541000,0,134740000,,9.191,714463000,,,714463000,0,6094000,6899507000,0.0,0.0,232384000,238478000,0.644,238478000,232384000,232384000,2.07,2.07,2.07,834247000,777520250,834247000,1475313643,6,6.186,215126000,3.394,1.0,370298000,1.0,0,0,8572602000,8365879250,0,7742078000,,,7667433000,,,1503620643,156814000,0,432000,-102000000,0,753579000,-820649000,-812258000,223884000,0,134431000,134431000,134431000,0,309000,0.363,137605000,232693000,52179000,0.0,1.802,11.185,11.459,16659000,0,23.72,4.061,4.061,0,519246000,370298000,370298000,0,0.016,0.173,0.028,0.628,14103000,126683000,1.0,63390415,63390415,,5.842,8501680000,34341000,97953000,0,134.116,
