ticker,dimension,calendardate,datekey,reportperiod,lastupdated,accoci,assets,assetsavg,assetsc,assetsnc,assetturnover,bvps,capex,cashneq,cashnequsd,cor,consolinc,currentratio,de,debt,debtc,debtnc,debtusd,deferredrev,depamor,deposits,divyield,dps,ebit,ebitda,ebitdamargin,ebitdausd,ebitusd,ebt,eps,epsdil,epsusd,equity,equityavg,equityusd,ev,evebit,evebitda,fcf,fcfps,fxusd,gp,grossmargin,intangibles,intexp,invcap,invcapavg,inventory,investments,investmentsc,investmentsnc,liabilities,liabilitiesc,liabilitiesnc,marketcap,ncf,ncfbus,ncfcommon,ncfdebt,ncfdiv,ncff,ncfi,ncfinv,ncfo,ncfx,netinc,netinccmn,netinccmnusd,netincdis,netincnci,netmargin,opex,opinc,payables,payoutratio,pb,pe,pe1,ppnenet,prefdivis,price,ps,ps1,receivables,retearn,revenue,revenueusd,rnd,roa,roe,roic,ros,sbcomp,sgna,sharefactor,sharesbas,shareswa,shareswadil,sps,tangibles,taxassets,taxexp,taxliabilities,tbvps,workingcapital
BOLT,MRY,2011-12-31,2011-06-30,2011-06-30,2017-05-28,0,87740000,81259500,56301000,31439000,0.478,9.085,-417000,31683000,31683000,20138000,5527000,7.243,0.134,0,0,0,0,0,1219000,0,0.0,0.0,7975000,9194000,0.237,9194000,7975000,7975000,0.65,0.65,0.65,77365000,75098750,77365000,76586552,9,8.33,4849000,0.57,1.0,18720000,0.482,26125000,0,22159000,21958000,15374000,0,0,0,10375000,7773000,2602000,106884552,-7785000,-11184000,-877000,-539000,0,-1450000,-11601000,0,5266000,0,5527000,5527000,5527000,0,0,0.142,11026000,7694000,901000,0.0,1.382,19.339,19.077,5061000,0,12.4,2.751,2.716,7924000,47902000,38858000,38858000,733000,0.068,0.074,0.363,0.205,794000,10293000,1.0,8619722,8510590,8535362,4.566,61615000,579000,2448000,2851000,7.235,48528000
BOLT,MRY,2012-12-31,2012-06-30,2012-06-30,2017-05-28,0,82714000,82480500,52470000,30244000,0.638,8.152,-1060000,24613000,24613000,27872000,1982000,7.321,0.185,0,0,0,0,0,1628000,0,0.073,1.1,4877000,6505000,0.124,6505000,4877000,4877000,0.23,0.23,0.23,69818000,72774500,69818000,107935129,22,16.593,6865000,0.799,1.0,24738000,0.47,25129000,0,25805000,26142000,17708000,0,0,0,12896000,7167000,5729000,128725129,-7070000,-1560000,-966000,0,-9005000,-12375000,-2620000,0,7925000,0,1982000,1982000,1982000,0,0,0.038,20000000,4738000,2319000,4.783,1.844,64.947,65.261,4860000,0,15.01,2.447,2.451,8869000,40450000,52610000,52610000,2066000,0.024,0.027,0.187,0.093,775000,13434000,1.0,8575958,8592193,8595602,6.123,57585000,391000,2895000,2842000,6.724,45303000
BOLT,MRY,2013-12-31,2013-06-30,2013-06-30,2017-05-28,0,83086000,80748250,53720000,29366000,0.716,8.197,-792000,22816000,22816000,30916000,6700000,6.397,0.175,0,0,0,0,0,1670000,0,0.016,0.28,10191000,11861000,0.205,11861000,10191000,10191000,0.78,0.78,0.78,70709000,69881750,70709000,126531558,12,10.668,4440000,0.516,1.0,26926000,0.466,24194000,0,27678000,26947000,17137000,0,0,0,12377000,8398000,3979000,147332558,-1797000,0,0,0,-6550000,-6237000,-792000,0,5232000,0,6700000,6700000,6700000,0,0,0.116,16885000,10041000,2899000,0.359,2.084,21.99,21.897,4922000,0,17.08,2.547,2.542,12308000,40425000,57842000,57842000,2893000,0.083,0.096,0.378,0.176,736000,13492000,1.0,8626028,8608694,8611482,6.719,58892000,478000,3491000,2451000,6.827,45322000
BOLT,MRY,2014-12-31,2014-06-30,2014-06-30,2017-05-28,0,83663000,85275250,54483000,29180000,0.792,8.344,-1485000,24245000,24245000,33126000,8149000,5.989,0.156,0,0,0,0,0,1649000,0,0.02,0.36,13503000,15152000,0.224,15152000,13503000,13503000,0.94,0.94,0.94,72395000,72060500,72395000,138009086,10,9.108,7868000,0.908,1.0,34389000,0.509,23399000,0,26922000,27363750,20812000,0,0,0,11268000,9097000,2171000,159214086,1429000,0,0,0,-7283000,-6968000,-956000,0,9353000,0,8149000,8149000,8149000,0,0,0.121,21603000,12786000,2426000,0.383,2.199,19.538,19.521,5544000,0,18.35,2.358,2.355,7568000,41114000,67515000,67515000,3999000,0.096,0.113,0.493,0.2,712000,15104000,1.0,8676517,8664967,8677306,7.792,60264000,498000,5354000,2171000,6.946,45386000
