ticker,dimension,calendardate,datekey,reportperiod,lastupdated,accoci,assets,assetsavg,assetsc,assetsnc,assetturnover,bvps,capex,cashneq,cashnequsd,cor,consolinc,currentratio,de,debt,debtc,debtnc,debtusd,deferredrev,depamor,deposits,divyield,dps,ebit,ebitda,ebitdamargin,ebitdausd,ebitusd,ebt,eps,epsdil,epsusd,equity,equityavg,equityusd,ev,evebit,evebitda,fcf,fcfps,fxusd,gp,grossmargin,intangibles,intexp,invcap,invcapavg,inventory,investments,investmentsc,investmentsnc,liabilities,liabilitiesc,liabilitiesnc,marketcap,ncf,ncfbus,ncfcommon,ncfdebt,ncfdiv,ncff,ncfi,ncfinv,ncfo,ncfx,netinc,netinccmn,netinccmnusd,netincdis,netincnci,netmargin,opex,opinc,payables,payoutratio,pb,pe,pe1,ppnenet,prefdivis,price,ps,ps1,receivables,retearn,revenue,revenueusd,rnd,roa,roe,roic,ros,sbcomp,sgna,sharefactor,sharesbas,shareswa,shareswadil,sps,tangibles,taxassets,taxexp,taxliabilities,tbvps,workingcapital
BOOT,MRY,2013-12-31,2013-03-30,2013-03-30,2018-05-16,,,,,,,,-3787000,,,160556000,680000,,,,,,,,5588000,,,0.0,8887000,14475000,0.062,14475000,8887000,1472000,0.03,0.03,0.03,,,,,,,8137000,0.434,1.0,72647000,0.312,,7415000,,,,,,,,,,,598000,-41912000,1999000,33541000,0,34373000,-45699000,0,11924000,0,646000,646000,646000,0,34000,0.003,63747000,8900000,,0.0,,,,,0,,,,,,233203000,233203000,0,,,,0.038,787000,62609000,,,18757000,18757000,12.433,,,826000,,,
BOOT,MRY,2014-12-31,2014-03-29,2014-03-29,2018-05-16,0,291863000,,114696000,177167000,,4.252,-11376000,1118000,1118000,232663000,5660000,1.327,2.575,128124000,29624000,98500000,128124000,0,8129000,0,,0.0,20292000,28421000,0.082,28421000,20292000,8698000,0.28,0.28,0.28,80488000,,80488000,,,,1404000,0.074,1.0,113205000,0.327,152820000,11594000,179633000,,102702000,0,0,0,207288000,86416000,120872000,,-72000,-15696000,0,17770000,0,14420000,-27272000,0,12780000,0,5377000,5377000,5377000,0,283000,0.016,92669000,20536000,36029000,0.0,,,,21450000,0,,,,2191000,1652000,345868000,345868000,0,,,,0.059,1291000,91998000,1.0,,18929000,19175000,18.272,139043000,0,3321000,19960000,7.346,28280000
BOOT,MRY,2015-12-31,2015-03-28,2015-03-28,2018-05-16,0,326128000,308995500,145279000,180849000,1.303,5.537,-14074000,1448000,1448000,267907000,13730000,1.68,1.29,89841000,17796000,72045000,89841000,0,9207000,0,0.0,0.0,35483000,44690000,0.111,44690000,35483000,22192000,0.56,0.54,0.56,142422000,111455000,142422000,672603392,18,15.05,-2566000,-0.116,1.0,134777000,0.335,150228000,13291000,177800000,178716500,129312000,0,0,0,183706000,86493000,97213000,596710392,330000,0,82688000,-37812000,-41300000,2896000,-14074000,0,11508000,0,13726000,13726000,13726000,0,4000,0.034,99341000,35436000,44636000,0.0,4.19,43.473,41.446,30054000,0,23.21,1.482,1.275,3863000,13726000,402684000,402684000,0,0.044,0.123,0.199,0.088,2048000,99341000,1.0,25709194,22126000,22888000,18.2,175900000,0,8466000,21102000,6.839,58786000
BOOT,MRY,2016-12-31,2016-03-26,2016-03-26,2018-05-16,0,539326000,488871500,203219000,336107000,1.164,6.133,-36127000,7195000,7195000,395817000,9868000,1.334,2.34,250701000,49850000,200851000,250701000,0,14016000,0,0.0,0.0,30234000,44250000,0.078,44250000,30234000,17311000,0.38,0.37,0.38,161490000,154680250,161490000,460483552,15,10.406,-3198000,-0.122,1.0,173203000,0.304,257956000,12923000,372577000,315668000,176335000,0,0,0,377836000,152299000,225537000,246106552,5747000,-146541000,2698000,155654000,0,155486000,-182668000,0,32929000,0,9868000,9868000,9868000,0,0,0.017,142969000,30234000,66553000,0.0,1.524,24.94,24.579,76076000,0,9.34,0.433,0.43,4131000,23594000,569020000,569020000,0,0.02,0.064,0.096,0.053,2881000,142078000,1.0,26349738,26170000,26955000,21.743,281370000,0,7443000,12255000,10.685,50920000
BOOT,MRY,2017-12-31,2017-04-01,2017-04-01,2018-05-16,0,565581000,560257250,224303000,341278000,1.124,6.779,-22293000,8035000,8035000,439930000,14197000,1.518,2.144,233678000,34336000,199342000,233678000,0,16710000,0,0.0,0.0,37818000,54528000,0.087,54528000,37818000,23119000,0.54,0.53,0.54,179909000,171071250,179909000,455104201,12,8.346,18858000,0.713,1.0,189886000,0.301,257606000,14699000,385817000,375863000,189096000,0,0,0,385672000,147801000,237871000,262527201,840000,-1305000,1275000,-17919000,0,-16713000,-23598000,0,41151000,0,14197000,14197000,14197000,0,0,0.023,152068000,37818000,77482000,0.0,1.459,18.492,18.315,82711000,0,9.89,0.417,0.415,4354000,37791000,629816000,629816000,0,0.025,0.083,0.101,0.06,3023000,152068000,1.0,26544712,26459000,26939000,23.803,307975000,0,8922000,20961000,11.604,76502000
BOOT,MRY,2018-12-31,2018-03-31,2018-03-31,2018-05-16,0,587941000,581303750,241127000,346814000,1.166,7.909,-24418000,9016000,9016000,470034000,28879000,1.597,1.74,211509000,21006000,190503000,211509000,0,17128000,0,0.0,0.0,46255000,63383000,0.093,63383000,46255000,31179000,1.08,1.05,1.08,214606000,195858250,214606000,652154392,14,10.289,19782000,0.74,1.0,207915000,0.307,256478000,15076000,382958000,373549000,211472000,0,0,0,373335000,150998000,222337000,480901392,981000,0,3695000,-22716000,0,-19666000,-23553000,0,44200000,0,28879000,28879000,28879000,0,0,0.043,161660000,46255000,89958000,0.0,2.241,16.652,16.417,89208000,0,17.73,0.709,0.699,4389000,66670000,677949000,677949000,0,0.05,0.147,0.124,0.068,2248000,161660000,1.0,27123598,26744000,27528000,25.35,331463000,0,2300000,13030000,12.216,90129000
