ticker,dimension,calendardate,datekey,reportperiod,lastupdated,accoci,assets,assetsavg,assetsc,assetsnc,assetturnover,bvps,capex,cashneq,cashnequsd,cor,consolinc,currentratio,de,debt,debtc,debtnc,debtusd,deferredrev,depamor,deposits,divyield,dps,ebit,ebitda,ebitdamargin,ebitdausd,ebitusd,ebt,eps,epsdil,epsusd,equity,equityavg,equityusd,ev,evebit,evebitda,fcf,fcfps,fxusd,gp,grossmargin,intangibles,intexp,invcap,invcapavg,inventory,investments,investmentsc,investmentsnc,liabilities,liabilitiesc,liabilitiesnc,marketcap,ncf,ncfbus,ncfcommon,ncfdebt,ncfdiv,ncff,ncfi,ncfinv,ncfo,ncfx,netinc,netinccmn,netinccmnusd,netincdis,netincnci,netmargin,opex,opinc,payables,payoutratio,pb,pe,pe1,ppnenet,prefdivis,price,ps,ps1,receivables,retearn,revenue,revenueusd,rnd,roa,roe,roic,ros,sbcomp,sgna,sharefactor,sharesbas,shareswa,shareswadil,sps,tangibles,taxassets,taxexp,taxliabilities,tbvps,workingcapital
BOSC,MRY,2011-12-31,2011-12-31,2011-12-31,2018-03-29,-243000,20069000,21182000,13682000,6387000,1.578,5.229,-357000,411000,411000,26924000,-3214000,0.975,4.578,9026000,7496000,1530000,9026000,550000,656000,0,0.0,0.0,-1145000,-489000,-0.015,-489000,-1145000,-3386000,-4.56,-4.56,-4.56,3598000,3655500,3598000,12680969,-11,-25.932,-722000,-1.049,1.0,6510000,0.195,4662000,2241000,9991000,10878000,4020000,495000,0,495000,16471000,14031000,2440000,2751969,-292000,-256000,0,1113000,0,1113000,-1040000,-427000,-365000,0,-3214000,-3214000,-3214000,0,0,-0.096,7483000,-973000,4165000,0.0,0.765,-0.856,-0.877,1166000,0,3.999,0.082,0.082,9251000,-70317000,33434000,33434000,403000,-0.152,-0.879,-0.105,-0.034,169000,6525000,1.0,688130,688129,,48.587,15407000,0,-172000,0,22.39,-349000
BOSC,MRY,2012-12-31,2012-12-31,2012-12-31,2018-03-29,-243000,18049000,19059000,12137000,5912000,1.286,2.825,-56000,354000,354000,19435000,-549000,0.943,4.719,7571000,6383000,1188000,7571000,467000,363000,0,0.0,0.0,45000,408000,0.017,408000,45000,-736000,-0.49,-0.49,-0.49,3156000,3377000,3156000,13652584,303,33.462,1653000,1.48,1.0,5068000,0.207,4479000,781000,7911000,8951000,3160000,438000,0,438000,14893000,12876000,2017000,5037584,-57000,-255000,0,-1455000,0,-1455000,-311000,0,1709000,0,-549000,-549000,-549000,0,0,-0.022,4876000,192000,4915000,0.0,1.596,-9.176,-9.204,963000,0,4.51,0.206,0.206,8623000,-70866000,24503000,24503000,0,-0.029,-0.163,0.005,0.002,107000,4876000,1.0,1116981,1116981,,21.937,13570000,0,-187000,0,12.149,-739000
BOSC,MRY,2013-12-31,2013-12-31,2013-12-31,2018-03-29,-243000,19187000,18618000,13679000,5508000,1.391,3.269,224000,1005000,1005000,20872000,0,0.971,4.181,7498000,6352000,1146000,7498000,665000,352000,0,0.0,0.0,584000,936000,0.036,936000,584000,13000,0.0,0.0,0.0,3703000,3429500,3703000,15995308,27,17.089,1272000,1.123,1.0,5031000,0.194,4298000,571000,7294000,7602500,3718000,486000,0,486000,15484000,14088000,1396000,8778308,651000,0,336000,-866000,0,-607000,210000,-14000,1048000,0,0,0,0,0,0,0.0,4447000,584000,6232000,,2.371,,,689000,0,7.75,0.339,0.339,8956000,-70866000,25903000,25903000,0,0.0,0.0,0.077,0.023,211000,4447000,1.0,1132685,1132685,,22.869,14889000,0,13000,0,13.145,-409000
BOSC,MRY,2014-12-31,2014-12-31,2014-12-31,2018-03-29,-243000,16261000,17724000,11215000,5046000,1.557,3.656,-32000,1522000,1522000,22556000,-433000,1.06,2.07,5057000,4867000,190000,5057000,621000,269000,0,0.0,0.0,120000,389000,0.014,389000,120000,-325000,-0.3,-0.3,-0.3,5297000,4500000,5297000,9676054,80,24.874,1052000,0.726,1.0,5045000,0.183,4192000,445000,5023000,6158500,2843000,216000,216000,0,10964000,10581000,383000,3976054,517000,0,1725000,-2081000,0,-486000,-81000,-49000,1084000,0,-433000,-433000,-433000,0,0,-0.016,4925000,120000,4468000,0.0,0.751,-9.183,-10.533,556000,0,3.16,0.144,0.166,6634000,-71299000,27601000,27601000,0,-0.024,-0.096,0.019,0.004,302000,4925000,1.0,1258245,1449000,1449000,19.048,12069000,0,108000,0,8.329,634000
BOSC,MRY,2015-12-31,2015-12-31,2015-12-31,2018-03-29,-259000,16825000,16543000,11913000,4912000,1.547,3.302,-66000,1419000,1419000,20462000,334000,1.787,1.586,3858000,400000,3458000,3858000,796000,205000,0,0.0,0.0,688000,893000,0.035,893000,688000,312000,0.17,0.17,0.17,6505000,5901000,6505000,7050249,10,7.895,304000,0.154,1.0,5137000,0.201,4129000,376000,8468000,6745500,2503000,195000,195000,0,10320000,6667000,3653000,3515249,-103000,-256000,760000,-1127000,0,-426000,-47000,275000,370000,0,334000,334000,334000,0,0,0.013,4449000,688000,4671000,0.0,0.54,10.525,11.471,480000,0,1.95,0.137,0.15,7796000,-70965000,25599000,25599000,0,0.02,0.057,0.102,0.027,130000,4449000,1.0,1802692,1970000,1970000,12.994,12696000,0,-22000,0,6.445,5246000
BOSC,MRY,2016-12-31,2016-12-31,2016-12-31,2018-03-29,-275000,18144000,17484500,12716000,5428000,1.569,3.318,-124000,1286000,1286000,22112000,360000,1.922,1.114,3134000,400000,2734000,3134000,680000,248000,0,0.0,0.0,706000,954000,0.035,954000,706000,367000,0.14,0.14,0.14,8584000,7544500,8584000,7086608,10,7.428,-485000,-0.187,1.0,5315000,0.194,4871000,339000,8504000,8486000,2314000,196000,196000,0,9560000,6617000,2943000,4647608,-133000,-154000,1290000,-794000,0,496000,-268000,10000,-361000,0,360000,360000,360000,0,0,0.013,4609000,706000,4601000,0.0,0.541,12.91,15.143,514000,0,2.12,0.169,0.2,8920000,-70605000,27427000,27427000,0,0.021,0.048,0.083,0.026,124000,4609000,1.0,2192268,2587000,2593000,10.602,13273000,0,7000,0,5.131,6099000
BOSC,MRY,2017-12-31,2017-12-31,2017-12-31,2018-03-29,-220000,21407000,19775500,15722000,5685000,1.463,3.222,-315000,1533000,1533000,22587000,773000,1.876,1.095,3028000,505000,2523000,3028000,798000,245000,0,0.0,0.0,1086000,1331000,0.046,1331000,1086000,789000,0.24,0.24,0.24,10218000,9401000,10218000,8275982,7,6.218,40000,0.013,1.0,6345000,0.219,4814000,297000,9708000,9106000,3240000,247000,247000,0,11189000,8380000,2809000,6427982,247000,0,606000,-370000,0,236000,-344000,-29000,355000,0,773000,773000,773000,0,0,0.027,5259000,1086000,5951000,0.0,0.629,8.316,9.125,651000,0,2.19,0.222,0.24,10702000,-69832000,28932000,28932000,0,0.039,0.082,0.119,0.038,60000,5259000,1.0,2935286,3171000,3171000,9.124,16593000,0,16000,0,5.233,7342000
