ticker,dimension,calendardate,datekey,reportperiod,lastupdated,accoci,assets,assetsavg,assetsc,assetsnc,assetturnover,bvps,capex,cashneq,cashnequsd,cor,consolinc,currentratio,de,debt,debtc,debtnc,debtusd,deferredrev,depamor,deposits,divyield,dps,ebit,ebitda,ebitdamargin,ebitdausd,ebitusd,ebt,eps,epsdil,epsusd,equity,equityavg,equityusd,ev,evebit,evebitda,fcf,fcfps,fxusd,gp,grossmargin,intangibles,intexp,invcap,invcapavg,inventory,investments,investmentsc,investmentsnc,liabilities,liabilitiesc,liabilitiesnc,marketcap,ncf,ncfbus,ncfcommon,ncfdebt,ncfdiv,ncff,ncfi,ncfinv,ncfo,ncfx,netinc,netinccmn,netinccmnusd,netincdis,netincnci,netmargin,opex,opinc,payables,payoutratio,pb,pe,pe1,ppnenet,prefdivis,price,ps,ps1,receivables,retearn,revenue,revenueusd,rnd,roa,roe,roic,ros,sbcomp,sgna,sharefactor,sharesbas,shareswa,shareswadil,sps,tangibles,taxassets,taxexp,taxliabilities,tbvps,workingcapital
BRC,MRY,2011-12-31,2011-07-31,2011-07-31,2018-02-22,113898000,1861505000,1837644750,758287000,1103218000,0.576,21.892,-20532000,389971000,389971000,471405000,108652000,2.512,0.61,393178000,61264000,331914000,393178000,0,48827000,0,0.024,0.72,152443000,201270000,0.19,201270000,152443000,130319000,2.06,2.04,2.06,1156192000,1105755750,1156192000,1602469448,10,7.962,146818000,2.789,1.0,587950000,0.555,890304000,22124000,672527000,713783250,104186000,0,0,0,705313000,301881000,403432000,1563394448,75131000,3482000,8193000,-61264000,-38064000,-91574000,-22631000,-5542000,167350000,21986000,108652000,108652000,108652000,-2695000,0,0.103,442191000,145759000,98847000,0.35,1.352,14.389,14.369,139915000,0,29.6,1.476,1.471,228483000,789100000,1059355000,1059355000,38268000,0.059,0.098,0.214,0.144,9830000,397472000,1.0,52817380,52639000,53133000,20.125,971201000,53755000,21667000,17566000,18.389,456406000
BRC,MRY,2012-12-31,2012-07-31,2012-07-31,2018-02-22,59411000,1607719000,1703595250,650854000,956865000,0.629,19.338,-24147000,305900000,305900000,480535000,-17911000,2.437,0.593,316208000,61264000,254944000,316208000,0,43987000,0,0.028,0.74,38341000,82328000,0.077,82328000,38341000,19251000,-0.35,-0.34,-0.35,1009353000,1068603000,1009353000,1360017322,35,16.519,120558000,2.298,1.0,590969000,0.552,760910000,19090000,590099000,654242750,105524000,0,0,0,598366000,267018000,331348000,1392366322,-84071000,-39373000,-46069000,-63648000,-38899000,-147824000,-64604000,-797000,144705000,-16348000,-17911000,-17911000,-17911000,121404000,0,-0.017,433306000,157663000,86646000,-2.114,1.379,-77.738,-75.8,130015000,0,26.53,1.299,1.299,199006000,732290000,1071504000,1071504000,34528000,-0.011,-0.017,0.059,0.036,9735000,392694000,1.0,52482711,52453000,52821000,20.428,846809000,45356000,37162000,23664000,16.224,383836000
BRC,MRY,2013-12-31,2013-07-31,2013-07-31,2018-02-22,56063000,1438683000,1639261000,512490000,926193000,0.706,16.073,-35687000,91058000,91058000,548444000,-154535000,1.584,0.732,313027000,111877000,201150000,313027000,0,48725000,0,0.023,0.76,-95311000,-46586000,-0.04,-46586000,-95311000,-111952000,-2.7,-2.7,-2.7,830797000,985817000,830797000,1980472258,-20,-42.512,107816000,2.1,1.0,609348000,0.526,774087000,16641000,563068000,606261250,94707000,0,0,0,607886000,323497000,284389000,1719205258,-214842000,-290979000,15203000,-10651000,-39243000,-33060000,-325766000,0,143503000,481000,-154535000,-154535000,-154535000,16278000,0,-0.133,691904000,-82556000,82519000,-0.281,2.069,-11.125,-12.322,122158000,0,33.27,1.485,1.475,169261000,538512000,1157792000,1157792000,33552000,-0.094,-0.157,-0.157,-0.082,1736000,427858000,1.0,51674339,51330000,51330000,22.556,664596000,8623000,42583000,15299000,12.857,188993000
BRC,MRY,2014-12-31,2014-07-31,2014-07-31,2018-02-22,64156000,1253665000,1406934750,463842000,789823000,0.871,14.304,-43398000,81834000,81834000,615470000,-45968000,1.589,0.71,263232000,103936000,159296000,263232000,0,44598000,0,0.03,0.78,-36631000,7967000,0.007,7967000,-36631000,-50931000,-0.93,-0.93,-0.93,733076000,831619250,733076000,1559096314,-42,195.694,50022000,0.964,1.0,609564000,0.498,606018000,14300000,537100000,571189750,113275000,0,0,0,520589000,291945000,228644000,1338527314,-9224000,54242000,-18468000,-50328000,-40487000,-115387000,10207000,0,93420000,2536000,-45968000,-45968000,-45968000,-2178000,0,-0.038,650775000,-41211000,88099000,-0.839,1.826,-29.119,-28.118,134171000,0,26.15,1.093,1.107,177648000,452057000,1225034000,1225034000,35048000,-0.033,-0.055,-0.064,-0.03,5214000,452164000,1.0,51186513,51866000,51866000,23.619,647647000,27320000,-4963000,15887000,12.637,171897000
BRC,MRY,2015-12-31,2015-07-31,2015-07-31,2018-02-22,-45034000,1062897000,1140693750,396140000,666757000,1.027,11.453,-26673000,114492000,114492000,613299000,2987000,1.895,0.809,253699000,52925000,200774000,253699000,0,39458000,0,0.034,0.8,34236000,73694000,0.063,73694000,34236000,23080000,0.1,0.1,0.1,587688000,642052250,587688000,1374869178,40,18.656,66675000,1.3,1.0,558432000,0.477,502087000,11156000,491025000,520964500,104507000,0,0,0,475209000,208992000,266217000,1206983178,32658000,6111000,1644000,8554000,-40976000,-32152000,-14365000,0,93348000,-14173000,2987000,2987000,2987000,1915000,0,0.003,523126000,35306000,73020000,8.0,2.054,404.079,235.2,111214000,0,23.52,1.03,1.029,157386000,414069000,1171731000,1171731000,36734000,0.003,0.005,0.066,0.029,4471000,422704000,1.0,51317312,51285000,51383000,22.847,560810000,34752000,20093000,14826000,10.929,187148000
BRC,MRY,2016-12-31,2016-07-31,2016-07-31,2018-02-22,-54745000,1043964000,1046343250,407424000,636540000,1.071,11.986,-17140000,141228000,141228000,561852000,80110000,2.444,0.73,216910000,4928000,211982000,216910000,0,32432000,0,0.025,0.81,117169000,149601000,0.133,149601000,117169000,109345000,1.59,1.58,1.59,603598000,583546000,603598000,1716376700,14,11.473,121836000,2.411,1.0,558773000,0.499,489677000,7824000,463242000,500107000,99427000,0,0,0,440366000,166727000,273639000,1615432700,26736000,0,-18306000,-38800000,-40808000,-99576000,-15416000,0,138976000,2752000,80110000,80110000,80110000,0,0,0.071,440895000,117878000,62245000,0.509,2.676,20.165,20.214,102444000,0,32.14,1.442,1.45,147333000,453371000,1120625000,1120625000,35799000,0.077,0.137,0.234,0.105,8154000,405096000,1.0,50262374,50541000,50769000,22.173,554287000,27238000,29235000,13539000,11.007,240697000
BRC,MRY,2017-12-31,2017-07-31,2017-07-31,2018-02-22,-44682000,1050223000,1029218500,407814000,642409000,1.082,13.646,-15167000,133944000,133944000,555024000,95645000,2.179,0.5,107764000,3228000,104536000,107764000,0,27303000,0,0.025,0.82,132136000,159439000,0.143,159439000,132136000,126632000,1.87,1.84,1.87,700140000,653287250,700140000,1711952919,12,10.737,128865000,2.524,1.0,558292000,0.501,490773000,5504000,346072000,398083500,107024000,0,0,0,350083000,187198000,162885000,1703063919,-7284000,0,19728000,-113250000,-41880000,-136241000,-15253000,0,144032000,178000,95645000,95645000,95645000,0,0,0.086,427277000,131015000,66817000,0.439,2.432,17.806,17.754,98103000,0,33.2,1.53,1.523,149638000,507136000,1113316000,1113316000,39624000,0.093,0.146,0.332,0.119,9495000,387653000,1.0,51297106,51056000,51956000,21.806,559450000,35456000,30987000,15343000,10.904,220616000
