ticker,dimension,calendardate,datekey,reportperiod,lastupdated,accoci,assets,assetsavg,assetsc,assetsnc,assetturnover,bvps,capex,cashneq,cashnequsd,cor,consolinc,currentratio,de,debt,debtc,debtnc,debtusd,deferredrev,depamor,deposits,divyield,dps,ebit,ebitda,ebitdamargin,ebitdausd,ebitusd,ebt,eps,epsdil,epsusd,equity,equityavg,equityusd,ev,evebit,evebitda,fcf,fcfps,fxusd,gp,grossmargin,intangibles,intexp,invcap,invcapavg,inventory,investments,investmentsc,investmentsnc,liabilities,liabilitiesc,liabilitiesnc,marketcap,ncf,ncfbus,ncfcommon,ncfdebt,ncfdiv,ncff,ncfi,ncfinv,ncfo,ncfx,netinc,netinccmn,netinccmnusd,netincdis,netincnci,netmargin,opex,opinc,payables,payoutratio,pb,pe,pe1,ppnenet,prefdivis,price,ps,ps1,receivables,retearn,revenue,revenueusd,rnd,roa,roe,roic,ros,sbcomp,sgna,sharefactor,sharesbas,shareswa,shareswadil,sps,tangibles,taxassets,taxexp,taxliabilities,tbvps,workingcapital
BRKS,MRY,2011-12-31,2011-09-30,2011-09-30,2018-05-02,17324000,636958000,591293750,320524000,316434000,1.164,8.005,-6455000,60126000,60126000,465084000,130437000,3.348,0.228,0,0,0,0,14073000,17249000,0,0.01,0.08,132404000,149653000,0.217,149653000,132404000,132339000,2.02,2.01,2.02,518347000,472244500,518347000,404512125,3,2.703,81195000,1.258,1.0,223021000,0.324,129041000,65000,352052000,338062750,107654000,181935000,65695000,116240000,118022000,95739000,22283000,538387125,-990000,-10060000,1358000,0,-5180000,-3822000,-84250000,-66623000,87650000,-568000,130385000,130385000,130385000,0,52000,0.189,143424000,79597000,40199000,0.04,1.039,4.129,4.035,68596000,0,8.15,0.782,0.765,76701000,-1108105000,688105000,688105000,39846000,0.221,0.276,0.392,0.192,6752000,102542000,1.0,66059770,64549000,65003000,10.66,507917000,0,1954000,15743000,7.844,224785000
BRKS,MRY,2012-12-31,2012-09-30,2012-09-30,2018-05-02,23642000,741960000,661440750,347489000,394471000,0.739,9.919,-8653000,55402000,55402000,329530000,136835000,4.28,0.143,0,0,0,0,9986000,21620000,0,0.04,0.32,10602000,32222000,0.066,32222000,10602000,10588000,2.1,2.08,2.1,648666000,552363000,648666000,469830434,44,14.581,27385000,0.42,1.0,159453000,0.326,127840000,14000,477527000,378519500,102985000,177020000,85646000,91374000,92659000,81191000,11468000,532156434,-4194000,-9216000,1705000,0,-20953000,-19248000,-21037000,-3698000,36038000,53000,136789000,136789000,136789000,-5000000,46000,0.28,157811000,1642000,28988000,0.152,0.82,3.89,3.826,64478000,0,8.035,1.088,1.07,78855000,-992524000,488983000,488983000,44717000,0.207,0.248,0.028,0.022,8647000,97978000,1.0,66229799,65128000,65722000,7.508,614120000,120157000,-126201000,8055000,9.391,266298000
BRKS,MRY,2013-12-31,2013-09-30,2013-09-30,2018-05-02,22604000,736763000,725946000,354589000,382174000,0.582,9.553,10447000,83148000,83148000,290133000,-2150000,3.831,0.165,0,0,0,0,19610000,24155000,0,0.034,0.32,-7198000,16957000,0.04,16957000,-7198000,-7200000,-0.03,-0.03,-0.03,631956000,629579500,631956000,556938306,-77,32.844,64836000,0.984,1.0,132307000,0.313,158012000,2000,403042000,403730500,94411000,116078000,45900000,70178000,104107000,92561000,11546000,618826306,28332000,-68331000,1851000,0,-21328000,-19477000,-7149000,53283000,54389000,569000,-2215000,-2215000,-2215000,-4964000,65000,-0.005,149105000,-16798000,35392000,-10.667,0.979,-279.38,-310.333,47506000,0,9.31,1.465,1.453,77483000,-1015991000,422440000,422440000,46209000,-0.003,-0.004,-0.018,-0.017,7757000,96516000,1.0,66468991,65912000,65912000,6.409,578751000,115985000,-4985000,8113000,8.748,262028000
BRKS,MRY,2014-12-31,2014-09-30,2014-09-30,2018-05-02,15687000,778038000,767733250,374313000,403725000,0.629,9.618,-5518000,94114000,94114000,315511000,31522000,3.288,0.21,8298000,881000,7417000,8298000,26279000,23459000,0,0.032,0.34,29583000,53042000,0.11,53042000,29583000,29381000,0.47,0.46,0.47,642889000,641389250,642889000,595030016,20,11.218,48263000,0.724,1.0,167337000,0.347,169051000,202000,409330000,404297000,93567000,180286000,68130000,112156000,135149000,113841000,21308000,702159016,11143000,49744000,1838000,-239000,-22875000,-24465000,-17799000,-62202000,53781000,-374000,31361000,31361000,31361000,-30002000,161000,0.065,170036000,-2699000,33740000,0.723,1.092,22.39,22.362,50183000,0,10.51,1.454,1.451,80106000,-1007265000,482848000,482848000,52649000,0.041,0.049,0.073,0.061,10912000,111098000,1.0,66808660,66648000,67644000,7.245,608987000,86572000,-1980000,10891000,9.111,260472000
BRKS,MRY,2015-12-31,2015-09-30,2015-09-30,2018-05-02,5898000,758702000,760794250,355868000,402834000,0.726,9.339,-16140000,80722000,80722000,363603000,14221000,3.149,0.2,0,0,0,0,17886000,25160000,0,0.034,0.4,18046000,43206000,0.078,43206000,18046000,17651000,0.21,0.21,0.21,632045000,630678000,632045000,718569082,39,16.631,27587000,0.409,1.0,189105000,0.342,176854000,395000,388126000,400357000,100619000,157616000,70021000,87595000,126657000,113000000,13657000,790309082,-13392000,-12672000,1807000,-8829000,-26992000,-34014000,-17637000,11175000,43727000,-5468000,14221000,14221000,14221000,0,0,0.026,172215000,16890000,44890000,1.905,1.25,55.573,55.762,41855000,0,11.71,1.43,1.428,86448000,-1020065000,552708000,552708000,52232000,0.019,0.023,0.045,0.033,12159000,115270000,1.0,67490101,67411000,68549000,8.199,581848000,87133000,3430000,13250000,8.597,242868000
BRKS,MRY,2016-12-31,2016-09-30,2016-09-30,2018-05-02,15166000,685905000,700413750,299334000,386571000,0.8,8.058,-10042000,85086000,85086000,362242000,-69476000,2.499,0.239,0,0,0,0,14966000,28046000,0,0.029,0.4,6491000,34537000,0.062,34537000,6491000,6334000,-1.01,-1.01,-1.01,553690000,563733250,553690000,868063811,133,25.134,29505000,0.431,1.0,198081000,0.354,283981000,157000,197045000,221719250,92572000,33408000,39000,33369000,132215000,119793000,12422000,934179811,4364000,-125248000,1888000,-342000,-27503000,-25957000,-10874000,124416000,39547000,1648000,-69476000,-69476000,-69476000,0,0,-0.124,193843000,4238000,41128000,-0.396,1.687,-13.446,-13.475,54885000,0,13.61,1.667,1.664,106372000,-1117044000,560323000,560323000,51543000,-0.099,-0.123,0.029,0.012,11737000,130261000,1.0,68639222,68507000,68507000,8.179,401924000,1982000,75810000,13148000,5.849,179541000
BRKS,MRY,2017-12-31,2017-09-30,2017-09-30,2018-05-02,15213000,766628000,731971250,352011000,414617000,0.947,8.704,-12577000,101622000,101622000,425481000,62612000,2.398,0.262,0,0,0,0,24292000,28149000,0,0.013,0.4,75160000,103309000,0.149,103309000,75160000,74752000,0.9,0.89,0.9,607644000,580233000,607644000,2000811348,26,19.367,83647000,1.202,1.0,267404000,0.386,317158000,408000,201070000,193747000,106395000,31263000,28000,31235000,158984000,146778000,12206000,2117892348,16536000,-44791000,2040000,-28000,-27932000,-25920000,-54188000,3420000,96224000,420000,62612000,62612000,62612000,0,0,0.09,203291000,64113000,49100000,0.444,3.485,33.826,33.733,58462000,0,30.36,3.057,3.049,120828000,-1082364000,692885000,692885000,47004000,0.086,0.108,0.388,0.108,17278000,153061000,1.0,69759300,69575000,70485000,9.959,449470000,1692000,12140000,16852000,6.438,205233000
