ticker,dimension,calendardate,datekey,reportperiod,lastupdated,accoci,assets,assetsavg,assetsc,assetsnc,assetturnover,bvps,capex,cashneq,cashnequsd,cor,consolinc,currentratio,de,debt,debtc,debtnc,debtusd,deferredrev,depamor,deposits,divyield,dps,ebit,ebitda,ebitdamargin,ebitdausd,ebitusd,ebt,eps,epsdil,epsusd,equity,equityavg,equityusd,ev,evebit,evebitda,fcf,fcfps,fxusd,gp,grossmargin,intangibles,intexp,invcap,invcapavg,inventory,investments,investmentsc,investmentsnc,liabilities,liabilitiesc,liabilitiesnc,marketcap,ncf,ncfbus,ncfcommon,ncfdebt,ncfdiv,ncff,ncfi,ncfinv,ncfo,ncfx,netinc,netinccmn,netinccmnusd,netincdis,netincnci,netmargin,opex,opinc,payables,payoutratio,pb,pe,pe1,ppnenet,prefdivis,price,ps,ps1,receivables,retearn,revenue,revenueusd,rnd,roa,roe,roic,ros,sbcomp,sgna,sharefactor,sharesbas,shareswa,shareswadil,sps,tangibles,taxassets,taxexp,taxliabilities,tbvps,workingcapital
BRN,MRY,2011-12-31,2011-09-30,2011-09-30,2018-05-14,290000,88772000,92927500,29530000,59242000,0.414,4.56,-14068000,9834000,9834000,15286000,205000,1.226,1.326,23714000,12314000,11400000,23714000,0,10127000,0,0.0,0.0,2480000,12607000,0.328,12607000,2480000,1392000,-0.01,-0.01,-0.01,37747000,39490000,37747000,36401674,14,2.887,-805000,-0.097,1.0,23174000,0.603,0,1088000,78563000,79104250,0,4623000,0,4623000,50058000,24089000,25969000,28928674,-840000,0,0,-2286000,0,-2689000,-11473000,0,13263000,59000,-109000,-109000,-109000,0,314000,-0.003,20380000,2794000,3762000,0.0,0.766,-265.401,-349.5,67259000,0,3.495,0.752,0.752,5760000,34231000,38460000,38460000,0,-0.001,-0.003,0.031,0.064,274000,9025000,1.0,8277160,8277160,8277160,4.647,88772000,0,1501000,4680000,10.725,5441000
BRN,MRY,2012-12-31,2012-09-30,2012-09-30,2018-05-14,2322000,69890000,78472500,18885000,51005000,0.434,3.581,-6338000,8845000,8845000,19426000,-10962000,1.319,1.341,17164000,5764000,11400000,17164000,0,10990000,0,0.0,0.0,-10443000,547000,0.016,547000,-10443000,-11233000,-1.22,-1.22,-1.22,29643000,34513500,29643000,34293455,-3,62.694,5128000,0.62,1.0,14636000,0.43,0,790000,63894000,72111250,0,0,0,0,39765000,14315000,25450000,26652455,-989000,0,0,-6550000,0,-6209000,-6277000,0,11466000,31000,-10136000,-10136000,-10136000,0,-826000,-0.298,25905000,-11269000,3534000,0.0,0.899,-2.629,-2.639,56314000,0,3.22,0.782,0.782,3600000,24095000,34062000,34062000,0,-0.129,-0.294,-0.145,-0.307,-103000,8268000,1.0,8277160,8277160,8277160,4.115,69890000,0,-1097000,3307000,8.444,4570000
BRN,MRY,2013-12-31,2013-09-30,2013-09-30,2018-05-14,2991000,62714000,63672250,19027000,43687000,0.386,2.628,-3840000,7828000,7828000,12231000,-8672000,1.157,1.857,16640000,5240000,11400000,16640000,0,8542000,0,0.0,0.0,-9473000,-931000,-0.038,-931000,-9473000,-10060000,-1.03,-1.03,-1.03,21749000,23134750,21749000,36213202,-3,-38.897,-649000,-0.078,1.0,12377000,0.503,0,587000,55079000,55998250,0,2381000,0,2381000,40394000,16447000,23947000,28556202,-1017000,0,0,-517000,0,-319000,-3778000,0,3191000,-111000,-8563000,-8563000,-8563000,0,-109000,-0.348,21959000,-9582000,4602000,0.0,1.313,-3.335,-3.35,46754000,0,3.45,1.16,1.16,3287000,15532000,24608000,24608000,0,-0.134,-0.37,-0.169,-0.385,-73000,8911000,1.0,8277160,8277160,8277160,2.973,62714000,0,-1497000,1890000,7.577,2580000
BRN,MRY,2014-12-31,2014-09-30,2014-09-30,2018-05-14,-258000,54770000,59609750,26520000,28250000,0.528,2.319,10906000,16104000,16104000,13940000,1338000,1.826,1.814,11099000,4449000,6650000,11099000,594000,6391000,0,0.0,0.0,1940000,8331000,0.265,8331000,1940000,1276000,0.08,0.08,0.08,19198000,19233250,19198000,27214395,14,3.267,16475000,1.99,1.0,17505000,0.557,0,664000,35242000,50528500,0,5900000,0,5900000,34825000,14523000,20302000,21651395,8276000,-5140000,0,-5541000,0,-6031000,9078000,3297000,5569000,-340000,672000,672000,672000,0,666000,0.021,14417000,3088000,4368000,0.0,1.128,32.219,32.697,28937000,0,2.616,0.689,0.689,2910000,16204000,31445000,31445000,0,0.011,0.035,0.038,0.062,-380000,8026000,1.0,8277160,8277160,8278292,3.799,54770000,0,604000,1201000,6.617,11997000
BRN,MRY,2015-12-31,2015-09-30,2015-09-30,2018-05-14,-2122000,41553000,47085750,25678000,15875000,0.372,2.249,15232000,15929000,15929000,10079000,1769000,2.567,1.197,3440000,3440000,0,3440000,0,3364000,0,0.0,0.0,2786000,6150000,0.351,6150000,2786000,2471000,0.15,0.15,0.15,18617000,17326250,18617000,15023517,5,2.443,8100000,0.979,1.0,7454000,0.425,0,315000,19061000,31040750,0,6407000,0,6407000,22291000,10003000,12288000,15395517,-7633000,0,0,-7659000,0,-8709000,9077000,1145000,-7132000,-869000,1263000,1263000,1263000,0,506000,0.072,5742000,1712000,2653000,0.0,0.827,12.19,12.4,15792000,0,1.86,0.878,0.878,2300000,17467000,17533000,17533000,0,0.027,0.073,0.09,0.159,-140000,8551000,1.0,8277160,8277160,8277160,2.118,41553000,0,1208000,449000,5.02,15675000
BRN,MRY,2016-12-31,2016-09-30,2016-09-30,2018-05-14,-3920000,31568000,35069500,21114000,10454000,0.389,1.596,643000,15931000,15931000,10750000,-2864000,4.458,1.349,0,0,0,0,0,1607000,0,0.0,0.0,-4240000,-2633000,-0.193,-2633000,-4240000,-4337000,-0.44,-0.44,-0.44,13214000,15682250,13214000,-4159686,0,1.58,2413000,0.292,1.0,2877000,0.211,0,97000,10901000,16189250,0,3552000,0,3552000,17824000,4736000,13088000,13657314,7079000,1646000,0,-3440000,0,-4252000,9378000,0,1770000,183000,-3615000,-3615000,-3615000,0,751000,-0.265,8990000,-6113000,1423000,0.0,1.034,-3.778,-3.75,8094000,0,1.65,1.002,1.002,1228000,13852000,13627000,13627000,0,-0.103,-0.231,-0.262,-0.311,-22000,6701000,1.0,8277160,8277160,8277160,1.646,31568000,378000,-722000,204000,3.814,16378000
BRN,MRY,2017-12-31,2017-09-30,2017-09-30,2018-05-14,-1058000,33020000,32674250,25142000,7878000,0.399,2.084,3629000,20694000,20694000,6259000,2314000,5.24,0.86,0,0,0,0,0,1203000,0,0.0,0.0,97000,1300000,0.1,1300000,97000,91000,0.14,0.14,0.14,17252000,15133250,17252000,-3704284,-38,-2.849,1510000,0.182,1.0,6771000,0.52,0,6000,7528000,9748750,0,2209000,0,2209000,14837000,4798000,10039000,14899715,731000,3695000,0,0,0,-370000,2911000,-4413000,-2119000,309000,1171000,1171000,1171000,0,1143000,0.09,7807000,-1036000,1185000,0.0,0.864,12.724,12.858,6406000,0,1.8,1.143,1.143,1414000,15023000,13030000,13030000,0,0.036,0.077,0.01,0.007,15000,6976000,1.0,8277160,8277160,8277160,1.574,33020000,1445000,-1080000,236000,3.989,20344000
