ticker,dimension,calendardate,datekey,reportperiod,lastupdated,accoci,assets,assetsavg,assetsc,assetsnc,assetturnover,bvps,capex,cashneq,cashnequsd,cor,consolinc,currentratio,de,debt,debtc,debtnc,debtusd,deferredrev,depamor,deposits,divyield,dps,ebit,ebitda,ebitdamargin,ebitdausd,ebitusd,ebt,eps,epsdil,epsusd,equity,equityavg,equityusd,ev,evebit,evebitda,fcf,fcfps,fxusd,gp,grossmargin,intangibles,intexp,invcap,invcapavg,inventory,investments,investmentsc,investmentsnc,liabilities,liabilitiesc,liabilitiesnc,marketcap,ncf,ncfbus,ncfcommon,ncfdebt,ncfdiv,ncff,ncfi,ncfinv,ncfo,ncfx,netinc,netinccmn,netinccmnusd,netincdis,netincnci,netmargin,opex,opinc,payables,payoutratio,pb,pe,pe1,ppnenet,prefdivis,price,ps,ps1,receivables,retearn,revenue,revenueusd,rnd,roa,roe,roic,ros,sbcomp,sgna,sharefactor,sharesbas,shareswa,shareswadil,sps,tangibles,taxassets,taxexp,taxliabilities,tbvps,workingcapital
BVN,MRY,2011-12-31,2011-12-31,2011-12-31,2018-04-30,0,3953549000,3616447500,968286000,2985263000,0.43,12.491,-309925000,480968000,480968000,712161000,988884000,3.021,0.161,106114000,1042000,105072000,106114000,0,0,0,0.015,0.56,1110745000,1110745000,0.714,1110745000,1110745000,1098922000,3.49,3.49,3.49,3178281000,2892413000,3178281000,9995635686,8,8.999,257540000,1.012,1.0,844463000,0.542,0,11823000,3258229000,2869768500,197953000,1987182000,52178000,1935004000,513070000,320466000,192604000,10539279686,-112014000,-52182000,0,48962000,0,-325186000,-354293000,7814000,567465000,0,887333000,887333000,887333000,0,101551000,0.57,142601000,701862000,185412000,0.16,3.316,11.877,10.986,830997000,0,38.34,6.771,6.267,306347000,2034768000,1556624000,1556624000,49593000,0.245,0.307,0.387,0.714,0,86787000,1.0,274889924,254442328,254442328,6.118,3953549000,125538000,211589000,36423000,15.538,647820000
BVN,MRY,2012-12-31,2012-12-31,2012-12-31,2018-04-30,0,4624973000,4289261000,798124000,3826849000,0.347,14.699,-468201000,186712000,186712000,822979000,760520000,2.28,0.167,179304000,5815000,173489000,179304000,0,0,0,0.017,0.6,852348000,852348000,0.572,852348000,852348000,844058000,2.76,2.76,2.76,3737059000,3457670000,3737059000,9507438767,11,11.154,-106983000,-0.421,1.0,667042000,0.448,0,8290000,4267559000,3762894000,197786000,2524397000,54509000,2469888000,624267000,350006000,274261000,9882292767,-284135000,-58594000,0,73190000,0,-132337000,-513016000,13779000,361218000,0,701100000,701100000,701100000,57510000,59420000,0.471,207264000,459778000,268203000,0.217,2.644,14.095,13.025,1159805000,0,35.95,6.632,6.134,402983000,2601792000,1490021000,1490021000,95491000,0.163,0.203,0.227,0.572,0,109609000,1.0,274889924,254232571,254232571,5.861,4624973000,136330000,142958000,0,18.192,448118000
BVN,MRY,2013-12-31,2013-12-31,2013-12-31,2018-04-30,1396000,4552267000,4588620000,544402000,4007865000,0.275,12.904,-498566000,51276000,51276000,918740000,-79736000,1.41,0.205,234397000,11370000,223027000,234397000,0,0,0,0.028,0.31,-10879000,-10879000,-0.009,-10879000,-10879000,-20775000,-0.42,-0.42,-0.42,3547114000,3642086500,3547114000,3076856947,-282,-282.825,-89799000,-0.327,1.0,340866000,0.271,490000,9896000,4348684000,4308121500,199085000,2350302000,0,2350302000,727846000,386214000,341632000,3084264947,-135436000,17549000,-462000,-23256000,0,-116130000,-428073000,52944000,408767000,0,-107257000,-107257000,-107257000,83885000,-27521000,-0.085,122765000,218101000,314040000,-0.738,0.87,-28.756,-26.714,1515460000,0,11.22,2.449,2.449,291662000,2413130000,1259606000,1259606000,32805000,-0.023,-0.029,-0.003,-0.009,0,89960000,1.0,274889924,274889924,,4.582,4551777000,120895000,86482000,2140000,16.559,158188000
BVN,MRY,2014-12-31,2014-12-31,2014-12-31,2018-04-30,1396000,4672274000,4612270500,584788000,4087486000,0.231,12.602,-225883000,78512000,78512000,874425000,-61640000,1.316,0.263,423305000,109950000,313355000,423305000,0,0,0,0.003,0.033,1032000,1032000,0.001,1032000,1032000,-10244000,-0.3,-0.3,-0.3,3464105000,3505609500,3464105000,2800446673,2713,2713.611,-63387000,-0.231,1.0,192887000,0.181,0,11276000,4572594000,4460639000,184372000,2224381000,0,2224381000,910149000,444473000,465676000,2627947673,27236000,-66775000,0,174920000,0,157398000,-292658000,0,162496000,0,-76065000,-76065000,-76065000,5830000,-14425000,-0.071,159972000,32915000,269240000,-0.11,0.759,-34.549,-31.867,1726652000,0,9.56,2.462,2.462,308255000,2328423000,1067312000,1067312000,50007000,-0.016,-0.022,0.0,0.001,0,109965000,1.0,274889924,274889924,,3.883,4672274000,101421000,65821000,25150000,16.997,140315000
BVN,MRY,2015-12-31,2015-12-31,2015-12-31,2018-04-30,1396000,4547181000,4609727500,454004000,4093177000,0.202,11.499,-205805000,78519000,78519000,922572000,-375545000,0.72,0.366,639012000,318696000,320316000,639012000,0,0,0,0.0,0.0,-274875000,-274875000,-0.296,-274875000,-274875000,-302447000,-1.25,-1.25,-1.25,3161066000,3312585500,3161066000,1521321874,-5,-5.535,-78546000,-0.286,1.0,6950000,0.007,0,27572000,4477254000,4524924000,127502000,2043983000,0,2043983000,1157945000,630420000,527525000,1176528874,7000,-124800000,0,224908000,0,214420000,-341672000,-829000,127259000,0,-317210000,-317210000,-317210000,20233000,58335000,-0.341,138545000,-131595000,262171000,0.0,0.372,-3.709,-3.424,1758343000,0,4.28,1.266,1.266,382429000,2024895000,929522000,929522000,30610000,-0.069,-0.096,-0.061,-0.296,0,103737000,1.0,274889924,274889924,,3.381,4547181000,87493000,14763000,15106000,16.542,-176416000
BVN,MRY,2016-12-31,2016-12-31,2016-12-31,2018-04-30,791000,4266415000,4406798000,501928000,3764487000,0.243,10.263,-359654000,80544000,80544000,824973000,-327814000,1.128,0.432,647342000,95110000,552232000,647342000,0,0,0,0.003,0.03,-238408000,-238408000,-0.223,-238408000,-238408000,-269988000,-1.27,-1.27,-1.27,2821091000,2991078500,2821091000,3661251342,-15,-15.357,31747000,0.115,1.0,243818000,0.228,0,31580000,4388088000,4432671000,134974000,1536607000,0,1536607000,1219202000,445125000,774077000,3100758342,2025000,0,-1210000,-723000,0,-24500000,-364876000,0,391401000,0,-323492000,-323492000,-323492000,19073000,4322000,-0.303,130579000,113239000,289422000,-0.024,1.099,-9.585,-8.882,1970114000,0,11.28,2.901,2.901,435137000,1690123000,1068791000,1068791000,26589000,-0.073,-0.108,-0.054,-0.223,0,103425000,1.0,274889924,274889924,,3.888,4266415000,49497000,53504000,21016000,15.52,56803000
BVN,MRY,2017-12-31,2017-12-31,2017-12-31,2018-04-30,791000,4332813000,4299614000,701862000,3630951000,0.296,10.361,-257545000,214551000,214551000,980254000,64435000,1.347,0.446,729298000,180206000,549092000,729298000,0,0,0,0.006,0.084,113458000,113458000,0.089,113458000,113458000,78835000,0.24,0.24,0.24,2848037000,2834564000,2848037000,4437248129,39,39.109,-44963000,-0.164,1.0,294124000,0.231,0,34623000,4326366000,4357227000,135525000,1536887000,0,1536887000,1269186000,521194000,747992000,3870450129,134007000,124800000,0,88616000,0,59575000,-138150000,0,212582000,0,60823000,60823000,60823000,10098000,-3612000,0.048,175019000,119105000,234018000,0.35,1.359,63.635,58.667,1949777000,0,14.08,3.037,3.037,351075000,1728847000,1274378000,1274378000,18262000,0.014,0.021,0.026,0.089,0,107685000,1.0,274889924,274889924,,4.636,4332813000,69707000,18012000,17871000,15.762,180668000
