ticker,dimension,calendardate,datekey,reportperiod,lastupdated,accoci,assets,assetsavg,assetsc,assetsnc,assetturnover,bvps,capex,cashneq,cashnequsd,cor,consolinc,currentratio,de,debt,debtc,debtnc,debtusd,deferredrev,depamor,deposits,divyield,dps,ebit,ebitda,ebitdamargin,ebitdausd,ebitusd,ebt,eps,epsdil,epsusd,equity,equityavg,equityusd,ev,evebit,evebitda,fcf,fcfps,fxusd,gp,grossmargin,intangibles,intexp,invcap,invcapavg,inventory,investments,investmentsc,investmentsnc,liabilities,liabilitiesc,liabilitiesnc,marketcap,ncf,ncfbus,ncfcommon,ncfdebt,ncfdiv,ncff,ncfi,ncfinv,ncfo,ncfx,netinc,netinccmn,netinccmnusd,netincdis,netincnci,netmargin,opex,opinc,payables,payoutratio,pb,pe,pe1,ppnenet,prefdivis,price,ps,ps1,receivables,retearn,revenue,revenueusd,rnd,roa,roe,roic,ros,sbcomp,sgna,sharefactor,sharesbas,shareswa,shareswadil,sps,tangibles,taxassets,taxexp,taxliabilities,tbvps,workingcapital
BWP,MRY,2011-12-31,2011-12-31,2011-12-31,2018-04-30,-49400000,7266400000,6922600000,176000000,7090400000,0.165,17.558,-141900000,21900000,21900000,367300000,217000000,0.868,1.084,3398700000,0,3398700000,3398700000,9400000,227300000,0,0.076,2.095,377300000,604600000,0.529,604600000,377300000,217400000,1.09,1.09,1.09,3487000000,3315725000,3487000000,8608946091,22,14.239,312000000,1.59,1.0,775600000,0.679,215000000,159900000,10225500000,9762225000,109600000,0,0,0,3779400000,202700000,3576700000,5494946091,-33100000,-545500000,170000000,120800000,-419900000,159300000,-646300000,0,453900000,0,217000000,217000000,217000000,0,0,0.19,386400000,389200000,76300000,1.922,1.576,25.322,25.385,6647700000,0,27.67,4.808,4.75,126900000,,1142900000,1142900000,0,0.031,0.065,0.039,0.33,0,137200000,1.0,198588583,196200000,196200000,5.825,7051400000,0,400000,44200000,35.506,-26700000
BWP,MRY,2012-12-31,2012-12-31,2012-12-31,2018-04-30,-67300000,7862500000,7355275000,157000000,7705500000,0.161,16.85,-226900000,3900000,3900000,337800000,306000000,0.614,1.028,3539200000,0,3539200000,3539200000,19900000,252300000,0,0.085,2.127,474900000,727200000,0.614,727200000,474900000,306500000,1.37,1.37,1.37,3877100000,3576000000,3877100000,8894087644,18,12.231,348600000,1.623,1.0,847200000,0.715,267000000,168400000,10875000000,10314200000,120500000,0,0,0,3985400000,255800000,3729600000,5741287644,-18000000,-620200000,847700000,135300000,-478900000,237300000,-830800000,0,575500000,0,306000000,306000000,306000000,0,0,0.258,373400000,473800000,121600000,1.553,1.481,18.762,18.175,7189200000,0,24.9,4.845,4.514,121200000,,1185000000,1185000000,0,0.042,0.086,0.046,0.401,0,115300000,1.0,230573801,214800000,214800000,5.517,7595500000,0,500000,40500000,33.01,-98800000
BWP,MRY,2013-12-31,2013-12-31,2013-12-31,2018-04-30,-63800000,7914500000,7868100000,177100000,7737400000,0.153,16.352,-294800000,28500000,28500000,376000000,250200000,0.75,0.968,3424400000,0,3424400000,3424400000,9300000,271600000,0,0.083,2.13,417600000,689200000,0.572,689200000,417600000,254200000,1.0,0.96,1.0,3976900000,4021225000,3976900000,9515971401,22,13.807,239500000,1.006,1.0,829600000,0.688,215500000,163400000,10858900000,10793975000,80400000,78600000,0,78600000,3851100000,236000000,3615100000,6207071401,24600000,-76700000,368700000,-130000000,-533900000,-200300000,-309400000,0,534300000,0,253700000,253700000,253700000,0,-3500000,0.21,415100000,414500000,97000000,2.13,1.561,24.466,25.52,7234100000,0,25.52,5.149,5.04,128100000,,1205600000,1205600000,0,0.032,0.063,0.039,0.346,0,117400000,1.0,243223801,238100000,238100000,5.063,7699000000,0,500000,46100000,31.657,-58900000
BWP,MRY,2014-12-31,2014-12-31,2014-12-31,2018-04-30,-72800000,8194300000,7948975000,149600000,8044700000,0.155,16.861,-404400000,6600000,6600000,413000000,146800000,0.679,0.997,3677200000,0,3677200000,3677200000,1900000,288700000,0,0.023,0.4,399500000,688200000,0.558,688200000,399500000,234000000,0.94,0.94,0.94,4102300000,4087300000,4102300000,7726486943,19,11.227,109200000,0.449,1.0,820800000,0.665,237400000,165500000,11407300000,10949300000,90500000,0,0,0,4092000000,220200000,3871800000,4322086943,-21900000,-315200000,0,262600000,-99200000,163700000,-699200000,0,513600000,0,233600000,233600000,233600000,0,-86800000,0.189,422700000,398100000,88100000,0.426,1.054,18.502,18.904,7589200000,0,17.77,3.503,3.504,120000000,,1233800000,1233800000,0,0.029,0.057,0.036,0.324,0,125000000,1.0,243223801,243300000,243300000,5.071,7956900000,0,400000,47100000,32.704,-70600000
BWP,MRY,2015-12-31,2015-12-31,2015-12-31,2018-04-30,-84300000,8300300000,8243625000,169800000,8130500000,0.152,17.286,-374500000,3100000,3100000,399400000,222000000,0.54,0.918,3459300000,0,3459300000,3459300000,6900000,323700000,0,0.031,0.4,398900000,722600000,0.578,722600000,398900000,222500000,0.87,0.87,0.87,4326700000,4291925000,4326700000,6702652230,16,9.276,201900000,0.811,1.0,849800000,0.68,237400000,176400000,11204700000,11229775000,108300000,0,0,0,3973600000,314400000,3659200000,3248852230,-3500000,0,113100000,-226300000,-101500000,-212400000,-367500000,0,576400000,0,222000000,222000000,222000000,0,0,0.178,454000000,395800000,140600000,0.46,0.751,14.634,14.92,7654400000,0,12.98,2.601,2.585,135100000,,1249200000,1249200000,0,0.027,0.052,0.036,0.319,0,130400000,1.0,250296782,248800000,248800000,5.021,8062900000,0,500000,47300000,32.213,-144600000
BWP,MRY,2016-12-31,2016-12-31,2016-12-31,2018-04-30,-80100000,8637800000,8548975000,174200000,8463600000,0.153,18.102,-590400000,4600000,4600000,366000000,302200000,0.523,0.906,3558000000,0,3558000000,3558000000,7500000,317800000,0,0.023,0.4,485600000,803400000,0.615,803400000,485600000,302800000,1.18,1.18,1.18,4530900000,4461900000,4530900000,7860552135,16,9.784,10400000,0.042,1.0,941200000,0.72,237400000,182800000,11620900000,11506925000,94800000,0,0,0,4106900000,332900000,3774000000,4345152135,1500000,0,0,93100000,-102200000,-9100000,-590200000,0,600800000,0,302200000,302200000,302200000,0,0,0.231,463700000,477500000,161600000,0.339,0.959,14.378,14.712,7993500000,0,17.36,3.324,3.324,148000000,,1307200000,1307200000,0,0.035,0.068,0.042,0.371,0,142200000,1.0,250296782,250300000,250300000,5.223,8400400000,0,600000,52700000,33.561,-158700000
BWP,MRY,2017-12-31,2017-12-31,2017-12-31,2018-04-30,-81000000,8906600000,8768275000,180600000,8726000000,0.151,18.877,-708400000,17600000,17600000,357800000,297000000,0.644,0.885,3686800000,0,3686800000,3686800000,1900000,322800000,0,0.031,0.4,469000000,791800000,0.599,791800000,469000000,298000000,1.16,1.16,1.16,4724800000,4660100000,4724800000,6794431455,14,8.581,-71400000,-0.285,1.0,964800000,0.729,237400000,171000000,12058000000,11813675000,86300000,0,0,0,4181800000,280400000,3901400000,3231331455,13000000,0,0,122800000,-102200000,20600000,-644600000,0,637000000,0,297000000,297000000,297000000,0,0,0.225,498300000,466500000,111100000,0.345,0.684,10.88,11.129,8262500000,0,12.91,2.443,2.443,138000000,,1322600000,1322600000,0,0.034,0.064,0.04,0.355,0,126500000,1.0,250296782,250300000,250300000,5.284,8669200000,0,1000000,57100000,34.635,-99800000
