ticker,dimension,calendardate,datekey,reportperiod,lastupdated,accoci,assets,assetsavg,assetsc,assetsnc,assetturnover,bvps,capex,cashneq,cashnequsd,cor,consolinc,currentratio,de,debt,debtc,debtnc,debtusd,deferredrev,depamor,deposits,divyield,dps,ebit,ebitda,ebitdamargin,ebitdausd,ebitusd,ebt,eps,epsdil,epsusd,equity,equityavg,equityusd,ev,evebit,evebitda,fcf,fcfps,fxusd,gp,grossmargin,intangibles,intexp,invcap,invcapavg,inventory,investments,investmentsc,investmentsnc,liabilities,liabilitiesc,liabilitiesnc,marketcap,ncf,ncfbus,ncfcommon,ncfdebt,ncfdiv,ncff,ncfi,ncfinv,ncfo,ncfx,netinc,netinccmn,netinccmnusd,netincdis,netincnci,netmargin,opex,opinc,payables,payoutratio,pb,pe,pe1,ppnenet,prefdivis,price,ps,ps1,receivables,retearn,revenue,revenueusd,rnd,roa,roe,roic,ros,sbcomp,sgna,sharefactor,sharesbas,shareswa,shareswadil,sps,tangibles,taxassets,taxexp,taxliabilities,tbvps,workingcapital
BYI,MRY,2011-12-31,2011-06-30,2011-06-30,2017-10-22,-3064000,927394000,912393250,473677000,453717000,0.831,4.444,-13202000,74844000,74844000,273656000,97808000,2.949,3.348,515403000,15153000,500250000,515403000,63688000,74980000,0,0.0,0.0,155429000,230409000,0.304,230409000,155429000,143445000,1.89,1.81,1.89,212905000,468751000,212905000,2236934960,14,9.709,43554000,0.838,1.0,484499000,0.639,196975000,11984000,1010362000,695128000,68634000,12485000,0,12485000,712802000,160616000,552186000,2158968960,-78664000,0,-448774000,341451000,0,-106466000,-29220000,474000,56756000,669000,98263000,98263000,98263000,806000,-455000,0.13,332964000,151535000,38411000,0.0,10.141,21.971,21.524,129957000,0,40.68,2.848,2.788,281905000,401363000,758155000,758155000,88086000,0.108,0.21,0.224,0.205,4693000,225033000,1.0,53072000,51960000,54420000,14.591,730419000,88742000,45182000,12354000,15.247,313061000
BYI,MRY,2012-12-31,2012-06-30,2012-06-30,2017-10-22,-13477000,970467000,939899250,480459000,490008000,0.936,4.641,-11464000,46318000,46318000,326316000,100910000,2.245,3.942,511466000,17091000,494375000,511466000,73029000,81453000,0,0.0,0.0,182075000,263528000,0.3,263528000,182075000,164697000,2.35,2.28,2.35,196108000,213607750,196108000,2447518320,13,9.288,119519000,2.78,1.0,553443000,0.629,211137000,17378000,1010441000,997030500,75066000,12171000,0,12171000,772992000,214037000,558955000,2011139320,-33752000,-10490000,-128347000,-4040000,0,-126946000,-35198000,-4913000,130983000,-2591000,101148000,101148000,101148000,0,-238000,0.115,374000000,179443000,41414000,0.0,10.255,19.883,19.855,151818000,0,46.66,2.286,2.28,320628000,504895000,879759000,879759000,96182000,0.108,0.474,0.183,0.207,8649000,255043000,1.0,43102000,42985000,44420000,20.467,759330000,76027000,63549000,26148000,17.971,266422000
BYI,MRY,2013-12-31,2013-06-30,2013-06-30,2017-10-22,-10692000,979265000,982839000,493077000,486188000,1.014,3.089,-16802000,76159000,76159000,350993000,139701000,2.173,7.195,604615000,24615000,580000000,604615000,85950000,88272000,0,0.0,0.0,236138000,324410000,0.325,324410000,236138000,218018000,3.53,3.45,3.53,119548000,177857750,119548000,2605760920,11,8.032,188570000,4.7,1.0,646046000,0.648,197238000,18120000,1083548000,1042153000,68407000,14786000,0,14786000,860093000,226935000,633158000,2179278920,30547000,0,-256736000,93036000,0,-151073000,-21648000,-1909000,205372000,-2104000,141444000,141444000,141444000,0,-1743000,0.142,410536000,235510000,25863000,0.0,18.229,15.407,15.983,148848000,0,56.42,2.186,2.27,313953000,646339000,997039000,997039000,111118000,0.144,0.795,0.227,0.237,-5519000,276685000,1.0,38626000,40120000,40992000,24.851,782027000,79931000,76574000,24174000,20.208,266142000
BYI,MRY,2014-12-31,2014-06-30,2014-06-30,2017-10-22,-5423000,2518811000,2130656250,593434000,1925377000,0.57,5.331,-24119000,94618000,94618000,451276000,99766000,2.359,11.275,1925418000,38465000,1886953000,1925418000,63370000,133690000,0,0.0,0.0,221434000,355124000,0.292,355124000,221434000,164674000,2.56,2.52,2.56,205131000,196741500,205131000,4349133000,19,12.247,197756000,5.138,1.0,763816000,0.629,1511622000,56760000,2586422000,2178012750,82289000,93977000,0,93977000,2312890000,251567000,2061323000,2581153000,14219000,-1344295000,-37965000,1327959000,0,1257477000,-1465188000,-88957000,221875000,55000,98600000,98600000,98600000,0,1166000,0.081,536582000,227234000,37651000,0.0,12.583,26.178,25.672,201722000,0,65.72,2.124,2.082,364448000,744939000,1215092000,1215092000,135862000,0.046,0.501,0.102,0.182,8907000,343152000,1.0,39275000,38489000,39138000,31.57,1007189000,63221000,66074000,126808000,26.176,341867000
