ticker,dimension,calendardate,datekey,reportperiod,lastupdated,accoci,assets,assetsavg,assetsc,assetsnc,assetturnover,bvps,capex,cashneq,cashnequsd,cor,consolinc,currentratio,de,debt,debtc,debtnc,debtusd,deferredrev,depamor,deposits,divyield,dps,ebit,ebitda,ebitdamargin,ebitdausd,ebitusd,ebt,eps,epsdil,epsusd,equity,equityavg,equityusd,ev,evebit,evebitda,fcf,fcfps,fxusd,gp,grossmargin,intangibles,intexp,invcap,invcapavg,inventory,investments,investmentsc,investmentsnc,liabilities,liabilitiesc,liabilitiesnc,marketcap,ncf,ncfbus,ncfcommon,ncfdebt,ncfdiv,ncff,ncfi,ncfinv,ncfo,ncfx,netinc,netinccmn,netinccmnusd,netincdis,netincnci,netmargin,opex,opinc,payables,payoutratio,pb,pe,pe1,ppnenet,prefdivis,price,ps,ps1,receivables,retearn,revenue,revenueusd,rnd,roa,roe,roic,ros,sbcomp,sgna,sharefactor,sharesbas,shareswa,shareswadil,sps,tangibles,taxassets,taxexp,taxliabilities,tbvps,workingcapital
BZH,MRY,2011-12-31,2011-09-30,2011-09-30,2018-05-02,0,1977477000,1934330500,,,0.384,13.377,-20514000,647461000,647461000,694310000,-204859000,,8.968,1488826000,,,1488826000,0,10708000,0,0.0,0.0,-201493000,-190785000,-0.257,-190785000,-201493000,-201493000,-13.84,-13.84,-13.84,198380000,271232000,198380000,1044272588,-5,-5.474,-199450000,-13.479,1.0,48095000,0.065,0,0,2818842000,2781532750,1204133000,9467000,,,1779097000,,,114276588,-166718000,-1924000,0,273207000,0,272514000,-260296000,0,-178936000,0,-204859000,-204859000,-204859000,4675000,0,-0.276,180340000,-132245000,72695000,0.0,0.576,-0.558,-0.546,22613000,0,7.55,0.154,0.15,28303000,-426446000,742405000,742405000,0,-0.106,-0.755,-0.072,-0.271,7170000,137376000,1.0,15135972,14797000,14797000,50.173,1977477000,7583000,3366000,0,133.343,
BZH,MRY,2012-12-31,2012-09-30,2012-09-30,2018-05-02,0,1982218000,1885191750,,,0.533,14.195,-17363000,741055000,741055000,900589000,-145326000,,6.559,1498198000,,,1498198000,0,13545000,0,0.0,0.0,-185673000,-172128000,-0.171,-172128000,-185673000,-185673000,-7.87,-7.87,-7.87,262247000,215017750,262247000,1376043674,-7,-7.994,-38208000,-2.068,1.0,105088000,0.104,0,0,2739361000,2768774500,1111552000,42078000,,,1719971000,,,437034674,117392000,-1797000,60340000,-37094000,0,133599000,4638000,0,-20845000,0,-145326000,-145326000,-145326000,9703000,0,-0.145,167146000,-62058000,69268000,0.0,1.667,-3.007,-2.255,18974000,0,17.75,0.435,0.326,24599000,-571772000,1005677000,1005677000,0,-0.077,-0.676,-0.067,-0.185,4028000,110051000,1.0,24621671,18474000,18474000,54.437,1982218000,13220000,-40347000,0,107.298,
BZH,MRY,2013-12-31,2013-09-30,2013-09-30,2018-05-02,0,1986789000,1949485000,,,0.66,9.664,-10761000,553437000,553437000,1073447000,-33868000,,7.259,1512183000,,,1512183000,0,12784000,0,0.0,0.0,-37357000,-24573000,-0.019,-24573000,-37357000,-37357000,-1.37,-1.37,-1.37,240550000,236096750,240550000,1412897362,-37,-57.498,-185403000,-7.521,1.0,214130000,0.166,0,0,2945535000,2850383500,1313818000,44997000,,,1746239000,,,451600362,16664000,-3369000,0,1311000,0,1154000,190152000,0,-174642000,0,-33868000,-33868000,-33868000,1704000,0,-0.026,186869000,27261000,83800000,0.0,1.877,-13.334,-13.139,17000000,0,18.0,0.351,0.345,22342000,-605640000,1287577000,1287577000,0,-0.017,-0.143,-0.013,-0.029,2858000,121163000,1.0,25088909,24651000,24651000,52.232,1986789000,8066000,-3489000,0,79.82,
BZH,MRY,2014-12-31,2014-09-30,2014-09-30,2018-05-02,-1276000,2066220000,1981957750,,,0.739,10.559,-14553000,387095000,387095000,1200308000,34383000,,6.403,1535433000,,,1535433000,0,13279000,0,0.0,0.0,-7414000,5865000,0.004,5865000,-7414000,-7414000,1.33,1.08,1.33,279118000,241131750,279118000,1721976020,-232,293.602,-175022000,-6.785,1.0,263459000,0.18,0,0,3214558000,3148748500,1561353000,38341000,,,1787102000,,,449179020,-180305000,-3515000,0,11908000,0,12195000,-32031000,0,-160469000,0,34383000,34383000,34383000,540000,0,0.023,207770000,55689000,106237000,0.0,1.609,13.064,12.617,18673000,0,16.78,0.307,0.296,34429000,-571257000,1463767000,1463767000,0,0.017,0.143,-0.002,-0.005,2587000,136463000,1.0,26768714,25795000,31795000,56.746,2066220000,2869000,-41797000,0,78.165,
BZH,MRY,2015-12-31,2015-09-30,2015-09-30,2018-05-02,0,2409295000,2130276500,,,0.764,20.275,-15964000,290484000,290484000,1354969000,344094000,,2.822,1516367000,,,1516367000,0,13338000,0,0.0,0.0,19525000,32863000,0.02,32863000,19525000,19525000,12.45,10.83,12.45,630423000,354998750,630423000,1823035471,93,55.474,-97013000,-3.511,1.0,272444000,0.167,0,0,3635178000,3453548500,1697590000,13734000,,,1778872000,,,435391471,-96611000,19301000,0,-18699000,0,-18899000,3337000,0,-81049000,0,344094000,344094000,344094000,2505000,0,0.211,220857000,51587000,113539000,0.0,0.691,1.265,1.071,22230000,0,13.33,0.268,0.226,52379000,-227163000,1627413000,1627413000,0,0.162,0.969,0.006,0.012,6135000,142496000,1.0,32662526,27628000,31772000,58.904,2409295000,325792000,-324569000,0,77.487,
BZH,MRY,2016-12-31,2016-09-30,2016-09-30,2018-05-02,0,2213158000,2301055500,,,0.792,20.207,-9595000,243276000,243276000,1524907000,4693000,,2.443,1331878000,,,1331878000,0,13794000,0,0.0,0.0,21191000,34985000,0.019,34985000,21191000,21191000,0.15,0.15,0.15,642853000,637689500,642853000,1669177470,78,47.711,153430000,4.825,1.0,297207000,0.163,0,0,3301760000,3550367250,1569279000,10470000,,,1570305000,,,385749470,-47208000,-3099000,0,-197317000,0,-197539000,-12694000,0,163025000,0,4693000,4693000,4693000,512000,0,0.003,237882000,59325000,104174000,0.0,0.6,82.197,77.733,19138000,0,11.66,0.212,0.203,53226000,-222470000,1822114000,1822114000,0,0.002,0.007,0.006,0.012,7959000,153628000,1.0,33083145,31798000,31803000,57.303,2213158000,310247000,16498000,0,69.568,
BZH,MRY,2017-12-31,2017-09-30,2017-09-30,2018-05-02,0,2220995000,2201491000,,,0.87,21.342,-12143000,304609000,304609000,1603414000,31813000,,2.254,1327412000,,,1327412000,0,14009000,0,0.0,0.0,34509000,48518000,0.025,48518000,34509000,34509000,1.0,0.99,1.0,682440000,652905250,682440000,1781980073,51,36.728,83766000,2.622,1.0,312864000,0.163,0,0,3243798000,3331257000,1542807000,3994000,,,1538555000,,,628473073,61333000,-1640000,0,-20402000,0,-20793000,-13783000,0,95909000,0,31813000,31813000,31813000,140000,0,0.017,250726000,62138000,103484000,0.0,0.921,19.755,18.74,17566000,0,18.74,0.328,0.312,36323000,-190657000,1916278000,1916278000,0,0.014,0.049,0.01,0.018,8159000,161906000,1.0,33536450,31952000,32426000,59.974,2220995000,307984000,2696000,0,69.458,
