ticker,dimension,calendardate,datekey,reportperiod,lastupdated,accoci,assets,assetsavg,assetsc,assetsnc,assetturnover,bvps,capex,cashneq,cashnequsd,cor,consolinc,currentratio,de,debt,debtc,debtnc,debtusd,deferredrev,depamor,deposits,divyield,dps,ebit,ebitda,ebitdamargin,ebitdausd,ebitusd,ebt,eps,epsdil,epsusd,equity,equityavg,equityusd,ev,evebit,evebitda,fcf,fcfps,fxusd,gp,grossmargin,intangibles,intexp,invcap,invcapavg,inventory,investments,investmentsc,investmentsnc,liabilities,liabilitiesc,liabilitiesnc,marketcap,ncf,ncfbus,ncfcommon,ncfdebt,ncfdiv,ncff,ncfi,ncfinv,ncfo,ncfx,netinc,netinccmn,netinccmnusd,netincdis,netincnci,netmargin,opex,opinc,payables,payoutratio,pb,pe,pe1,ppnenet,prefdivis,price,ps,ps1,receivables,retearn,revenue,revenueusd,rnd,roa,roe,roic,ros,sbcomp,sgna,sharefactor,sharesbas,shareswa,shareswadil,sps,tangibles,taxassets,taxexp,taxliabilities,tbvps,workingcapital
CA,MRY,2011-12-31,2011-03-31,2011-03-31,2018-05-09,-65000000,12411000000,11773000000,4369000000,8042000000,0.376,11.173,-249000000,3049000000,3049000000,581000000,827000000,1.114,1.208,1551000000,269000000,1282000000,1551000000,3566000000,379000000,0,0.007,0.16,1258000000,1637000000,0.37,1637000000,1258000000,1213000000,1.61,1.61,1.61,5620000000,5369250000,5620000000,11370081926,9,6.946,1132000000,2.237,1.0,3848000000,0.869,6970000000,45000000,22000000,518000000,0,179000000,75000000,104000000,6791000000,3921000000,2870000000,12333081926,466000000,-252000000,-225000000,-13000000,-82000000,-320000000,-684000000,-181000000,1381000000,89000000,827000000,827000000,827000000,-4000000,0,0.187,2594000000,1254000000,100000000,0.099,2.194,14.913,15.019,437000000,0,24.18,2.785,2.762,849000000,4106000000,4429000000,4429000000,471000000,0.07,0.154,2.429,0.284,80000000,1737000000,1.0,510053016,506000000,507000000,8.753,5441000000,529000000,386000000,745000000,10.817,448000000
CA,MRY,2012-12-31,2012-03-31,2012-03-31,2018-05-09,-108000000,11997000000,11775500000,3965000000,8032000000,0.406,11.532,-252000000,2679000000,2679000000,641000000,951000000,1.057,1.223,1301000000,14000000,1287000000,1301000000,3630000000,399000000,0,0.015,0.4,1393000000,1792000000,0.375,1792000000,1393000000,1358000000,1.94,1.93,1.94,5397000000,5628750000,5397000000,12335363164,8,6.884,1226000000,2.523,1.0,4138000000,0.866,7245000000,35000000,-377000000,29000000,0,0,0,0,6600000000,3751000000,2849000000,13384363164,-370000000,-387000000,-1013000000,-125000000,-192000000,-1330000000,-451000000,179000000,1478000000,-67000000,951000000,951000000,951000000,-28000000,0,0.199,2773000000,1365000000,95000000,0.206,2.48,14.074,14.206,386000000,0,27.56,2.801,2.803,902000000,4865000000,4779000000,4779000000,509000000,0.081,0.169,48.034,0.291,89000000,1850000000,1.0,485644527,486000000,487000000,9.833,4752000000,382000000,407000000,664000000,10.154,214000000
CA,MRY,2013-12-31,2013-03-31,2013-03-31,2018-05-09,-155000000,11815000000,11468000000,4126000000,7689000000,0.393,12.111,-206000000,2593000000,2593000000,629000000,955000000,1.165,1.168,1290000000,16000000,1274000000,1290000000,3434000000,463000000,0,0.04,1.0,1338000000,1801000000,0.4,1801000000,1338000000,1294000000,2.07,2.06,2.07,5450000000,5407500000,5450000000,10428158061,7,5.79,1202000000,2.636,1.0,3875000000,0.86,7106000000,44000000,-135000000,-79000000,0,183000000,183000000,0,6365000000,3541000000,2824000000,11480158061,-86000000,-76000000,-466000000,-9000000,-463000000,-938000000,-473000000,-183000000,1408000000,-83000000,955000000,955000000,955000000,-34000000,0,0.212,2571000000,1304000000,93000000,0.483,2.106,12.021,12.164,311000000,0,25.18,2.549,2.549,856000000,5357000000,4504000000,4504000000,483000000,0.083,0.177,-16.937,0.297,77000000,1630000000,1.0,455923672,456000000,457000000,9.877,4709000000,423000000,339000000,702000000,10.464,585000000
CA,MRY,2014-12-31,2014-03-31,2014-03-31,2018-05-09,-171000000,12016000000,11688500000,4559000000,7457000000,0.377,12.659,-105000000,3252000000,3252000000,649000000,914000000,1.162,1.157,1766000000,514000000,1252000000,1766000000,3291000000,415000000,0,0.032,1.0,1097000000,1512000000,0.343,1512000000,1097000000,1043000000,2.03,2.02,2.03,5570000000,5641250000,5570000000,12669854220,11,8.38,908000000,2.036,1.0,3763000000,0.853,6985000000,54000000,-377000000,26750000,0,0,0,0,6446000000,3922000000,2524000000,13871854220,659000000,-133000000,-414000000,446000000,-453000000,-421000000,5000000,182000000,1013000000,62000000,914000000,914000000,914000000,-27000000,0,0.207,2693000000,1070000000,129000000,0.493,2.49,15.177,15.261,295000000,0,30.98,3.144,3.132,800000000,5818000000,4412000000,4412000000,574000000,0.078,0.162,41.009,0.249,81000000,1499000000,1.0,447768051,446000000,448000000,9.892,5031000000,374000000,129000000,324000000,11.434,637000000
CA,MRY,2015-12-31,2015-03-31,2015-03-31,2018-05-09,-418000000,10973000000,11231500000,3986000000,6987000000,0.379,12.901,-53000000,2804000000,2804000000,635000000,846000000,1.357,0.951,1257000000,10000000,1247000000,1257000000,2977000000,402000000,0,0.031,1.0,1198000000,1600000000,0.375,1600000000,1198000000,1151000000,1.91,1.9,1.91,5625000000,5693000000,5625000000,13016879300,10,8.136,929000000,2.116,1.0,3627000000,0.851,6537000000,47000000,-49000000,-88750000,0,0,0,0,5348000000,2938000000,2410000000,14439879300,-448000000,-38000000,-189000000,-344000000,-444000000,-977000000,79000000,0,982000000,-532000000,846000000,846000000,846000000,-36000000,0,0.198,2465000000,1162000000,105000000,0.524,2.567,17.068,17.073,252000000,0,32.61,3.388,3.359,652000000,6221000000,4262000000,4262000000,603000000,0.075,0.149,-13.499,0.281,87000000,1437000000,1.0,442805253,439000000,441000000,9.708,4436000000,410000000,305000000,257000000,10.174,1048000000
CA,MRY,2016-12-31,2016-03-31,2016-03-31,2018-05-09,-416000000,11204000000,10915250000,3561000000,7643000000,0.369,13.085,-48000000,2812000000,2812000000,583000000,783000000,1.23,1.083,1953000000,6000000,1947000000,1953000000,2934000000,362000000,0,0.032,1.0,1149000000,1511000000,0.375,1511000000,1149000000,1098000000,1.82,1.81,1.82,5378000000,5510000000,5378000000,12443126334,10,8.235,1006000000,2.362,1.0,3442000000,0.855,6881000000,51000000,570000000,438250000,0,0,0,0,5826000000,2894000000,2932000000,12832126334,8000000,-644000000,-703000000,709000000,-429000000,-475000000,-595000000,48000000,1054000000,24000000,783000000,783000000,783000000,-14000000,0,0.195,2307000000,1135000000,77000000,0.549,2.386,16.388,16.918,242000000,0,30.79,3.188,3.259,625000000,6575000000,4025000000,4025000000,560000000,0.072,0.142,2.622,0.285,97000000,1373000000,1.0,416762791,426000000,427000000,9.448,4323000000,407000000,315000000,208000000,10.518,667000000
CA,MRY,2017-12-31,2017-03-31,2017-03-31,2018-05-09,-483000000,12610000000,11306500000,3733000000,8877000000,0.357,13.742,-47000000,2771000000,2771000000,573000000,775000000,1.242,1.217,2791000000,18000000,2773000000,2791000000,3016000000,320000000,0,0.032,1.02,1135000000,1455000000,0.361,1455000000,1135000000,1073000000,1.85,1.85,1.85,5689000000,5555250000,5689000000,12380134138,10,8.509,1031000000,2.49,1.0,3463000000,0.858,8164000000,62000000,1460000000,943250000,0,0,0,0,6921000000,3006000000,3915000000,13258134138,-41000000,-1288000000,-78000000,862000000,-428000000,321000000,-1337000000,0,1078000000,-103000000,775000000,775000000,775000000,0,0,0.192,2328000000,1135000000,91000000,0.551,2.33,17.107,17.146,237000000,0,31.72,3.285,3.254,764000000,6923000000,4036000000,4036000000,586000000,0.069,0.14,1.203,0.281,108000000,1403000000,1.0,417973964,414000000,415000000,9.749,4446000000,327000000,298000000,343000000,10.739,727000000
CA,MRY,2018-12-31,2018-03-31,2018-03-31,2018-05-09,-290000000,13060000000,12595500000,4408000000,8652000000,0.336,14.239,-48000000,3405000000,3405000000,600000000,476000000,1.327,1.215,2783000000,269000000,2514000000,2783000000,3109000000,378000000,0,0.03,1.02,1119000000,1497000000,0.353,1497000000,1119000000,1021000000,1.14,1.13,1.14,5895000000,5855500000,5895000000,13949730515,12,9.318,1150000000,2.778,1.0,3635000000,0.858,7915000000,98000000,1202000000,1311500000,0,0,0,0,7165000000,3321000000,3844000000,14133730515,635000000,-15000000,-147000000,-66000000,-428000000,-680000000,-65000000,0,1198000000,182000000,476000000,476000000,476000000,0,0,0.112,2516000000,1119000000,85000000,0.895,2.398,29.693,29.737,237000000,0,33.9,3.337,3.314,793000000,6971000000,4235000000,4235000000,642000000,0.038,0.081,0.853,0.264,120000000,1467000000,1.0,416924204,414000000,415000000,10.229,5145000000,346000000,545000000,518000000,12.428,1087000000
