ticker,dimension,calendardate,datekey,reportperiod,lastupdated,accoci,assets,assetsavg,assetsc,assetsnc,assetturnover,bvps,capex,cashneq,cashnequsd,cor,consolinc,currentratio,de,debt,debtc,debtnc,debtusd,deferredrev,depamor,deposits,divyield,dps,ebit,ebitda,ebitdamargin,ebitdausd,ebitusd,ebt,eps,epsdil,epsusd,equity,equityavg,equityusd,ev,evebit,evebitda,fcf,fcfps,fxusd,gp,grossmargin,intangibles,intexp,invcap,invcapavg,inventory,investments,investmentsc,investmentsnc,liabilities,liabilitiesc,liabilitiesnc,marketcap,ncf,ncfbus,ncfcommon,ncfdebt,ncfdiv,ncff,ncfi,ncfinv,ncfo,ncfx,netinc,netinccmn,netinccmnusd,netincdis,netincnci,netmargin,opex,opinc,payables,payoutratio,pb,pe,pe1,ppnenet,prefdivis,price,ps,ps1,receivables,retearn,revenue,revenueusd,rnd,roa,roe,roic,ros,sbcomp,sgna,sharefactor,sharesbas,shareswa,shareswadil,sps,tangibles,taxassets,taxexp,taxliabilities,tbvps,workingcapital
CAB,MRY,2011-12-31,2011-12-31,2011-12-31,2017-09-27,2731000,5133771000,4949215500,4111281000,1022490000,0.568,17.079,-126740000,304679000,304679000,1613249000,142620000,2.538,3.346,2207422000,893387000,1314035000,2207422000,0,71343000,982313000,0.0,0.0,238894000,310237000,0.11,310237000,238894000,214467000,2.06,2.0,2.06,1181316000,1113534500,1181316000,4062280257,17,13.094,239728000,3.465,1.0,1197917000,0.426,0,24427000,5416824000,5109089000,494828000,3180726000,3094163000,86563000,3952455000,1619690000,2332765000,1768863257,168260000,0,-7418000,-129790000,0,333832000,-532040000,-403564000,366468000,0,142620000,142620000,142620000,0,0,0.051,966369000,231548000,266793000,0.0,1.497,12.403,12.34,866899000,0,25.42,0.629,0.626,47127000,862914000,2811166000,2811166000,0,0.029,0.128,0.047,0.085,12911000,954125000,1.0,69585494,69194663,71274242,40.627,5133771000,5709000,71847000,26367000,74.223,2491591000
CAB,MRY,2012-12-31,2012-12-29,2012-12-29,2017-09-27,5542000,5748163000,5335657500,4589028000,1159135000,0.583,19.645,-214267000,288750000,288750000,1769798000,173513000,3.211,3.178,2489035000,333402000,2155633000,2489035000,0,79269000,1048018000,0.0,0.0,281837000,361106000,0.116,361106000,281837000,261714000,2.48,2.42,2.48,1375979000,1290655500,1375979000,4866538350,17,13.477,20362000,0.291,1.0,1342884000,0.431,0,20123000,6519098000,6218863250,552575000,3582513000,3497472000,85041000,4372184000,1429350000,2942834000,2853116350,-15929000,0,-8271000,291026000,0,361809000,-612367000,-402653000,234629000,0,173513000,173513000,173513000,0,0,0.056,1067185000,275699000,285039000,0.0,2.074,16.443,16.427,1021656000,0,40.74,0.917,0.914,46081000,1036427000,3112682000,3112682000,0,0.033,0.134,0.045,0.091,13733000,1046861000,1.0,70032311,69856258,71709873,44.558,5748163000,54164000,88201000,10571000,82.068,3159678000
CAB,MRY,2013-12-31,2013-12-28,2013-12-28,2017-09-27,-1724000,6396864000,6165596500,4986512000,1410352000,0.584,22.75,-333009000,199072000,199072000,2030829000,224390000,4.481,2.982,2833315000,58418000,2774897000,2833315000,0,93407000,1069362000,0.0,0.0,365382000,458789000,0.127,458789000,365382000,343528000,3.18,3.13,3.18,1606334000,1507943000,1606334000,7209111058,19,15.713,11995000,0.17,1.0,1568748000,0.436,0,21854000,7918327000,7446772750,644883000,4017134000,3938630000,78504000,4790530000,1112780000,3677750000,4634031058,-89678000,0,-11114000,338160000,0,358349000,-793031000,-459827000,345004000,0,224390000,224390000,224390000,0,0,0.062,1207387000,361361000,261200000,0.0,2.885,20.652,20.642,1287545000,0,65.64,1.287,1.285,42868000,1260817000,3599577000,3599577000,0,0.036,0.149,0.049,0.102,14969000,1201519000,1.0,70597670,70461450,71778543,51.086,6396864000,47430000,119138000,3118000,90.596,3873732000
CAB,MRY,2014-12-31,2014-12-27,2014-12-27,2017-09-27,-11706000,7675317000,7026898000,5937672000,1737645000,0.519,25.571,-440891000,142758000,142758000,2060289000,201715000,2.799,3.223,4026965000,955934000,3071031000,4026965000,0,113097000,806056000,0.0,0.0,340319000,453416000,0.124,453416000,340319000,318477000,2.84,2.81,2.84,1817510000,1718199000,1817510000,7005660575,20,15.451,-180161000,-2.538,1.0,1587361000,0.435,0,21842000,9438484000,8816819250,760293000,4503259000,4421185000,82074000,5857807000,2121040000,3736767000,3657446575,-56314000,0,-4982000,1214761000,0,954024000,-1266302000,-829662000,260730000,-4766000,201715000,201715000,201715000,0,0,0.055,1251966000,335395000,335969000,0.0,2.012,18.132,18.116,1608153000,0,51.45,1.003,1.001,62358000,1462532000,3647650000,3647650000,0,0.029,0.117,0.039,0.093,17498000,1251325000,1.0,71087397,70987168,71877856,51.385,7675317000,122337000,116762000,6546000,107.986,3816632000
CAB,MRY,2015-12-31,2016-01-02,2016-01-02,2017-09-27,-50914000,8463004000,7861964000,6484945000,1978059000,0.508,26.829,-412716000,315066000,315066000,2286932000,189330000,2.62,3.628,4745282000,1388125000,3357157000,4745282000,0,132696000,879899000,0.0,0.0,317509000,450205000,0.113,450205000,317509000,294627000,2.7,2.67,2.7,1828643000,1824383500,1828643000,7450969290,23,16.55,-80777000,-1.152,1.0,1710770000,0.428,0,22882000,10417644000,10047292500,819271000,5035267000,5035267000,0,6634361000,2475576000,4158785000,3239267290,172308000,0,-175062000,715643000,0,629462000,-778663000,-366081000,331939000,-10430000,189330000,189330000,189330000,0,0,0.047,1402978000,307792000,281985000,0.0,1.771,17.109,17.307,1811302000,0,46.73,0.81,0.819,79330000,1651862000,3997702000,3997702000,0,0.024,0.104,0.032,0.079,21615000,1387647000,1.0,69318795,70102715,70968913,57.026,8463004000,105740000,105297000,0,124.166,4009369000
CAB,MRY,2016-12-31,2016-12-31,2016-12-31,2017-09-27,-45922000,8970824000,8680109250,7036578000,1934246000,0.476,29.372,-140948000,263825000,263825000,2426985000,146947000,2.616,3.46,4742447000,1604362000,3138085000,4742447000,0,150163000,1168857000,0.0,0.0,279081000,429244000,0.104,429244000,279081000,247600000,2.15,2.13,2.15,2011599000,1941220250,2011599000,8662338614,31,20.18,324452000,4.749,1.0,1702374000,0.412,0,31481000,10759676000,10575968000,860360000,5579575000,5579575000,0,6959225000,2689770000,4269455000,4009397614,-51241000,0,1163000,15493000,0,311178000,-828871000,-692853000,465400000,1052000,146947000,146947000,146947000,0,0,0.036,1428434000,273940000,347784000,0.0,1.993,27.285,27.233,1807209000,0,58.55,0.971,0.969,76140000,1798809000,4129359000,4129359000,0,0.017,0.076,0.026,0.068,24758000,1414312000,1.0,68478183,68323540,68996664,60.438,8970824000,75731000,100653000,7288000,130.986,4346808000
