ticker,dimension,calendardate,datekey,reportperiod,lastupdated,accoci,assets,assetsavg,assetsc,assetsnc,assetturnover,bvps,capex,cashneq,cashnequsd,cor,consolinc,currentratio,de,debt,debtc,debtnc,debtusd,deferredrev,depamor,deposits,divyield,dps,ebit,ebitda,ebitdamargin,ebitdausd,ebitusd,ebt,eps,epsdil,epsusd,equity,equityavg,equityusd,ev,evebit,evebitda,fcf,fcfps,fxusd,gp,grossmargin,intangibles,intexp,invcap,invcapavg,inventory,investments,investmentsc,investmentsnc,liabilities,liabilitiesc,liabilitiesnc,marketcap,ncf,ncfbus,ncfcommon,ncfdebt,ncfdiv,ncff,ncfi,ncfinv,ncfo,ncfx,netinc,netinccmn,netinccmnusd,netincdis,netincnci,netmargin,opex,opinc,payables,payoutratio,pb,pe,pe1,ppnenet,prefdivis,price,ps,ps1,receivables,retearn,revenue,revenueusd,rnd,roa,roe,roic,ros,sbcomp,sgna,sharefactor,sharesbas,shareswa,shareswadil,sps,tangibles,taxassets,taxexp,taxliabilities,tbvps,workingcapital
CAKE,MRY,2011-12-31,2012-01-03,2012-01-03,2018-05-11,0,1022570000,997877750,176395000,846175000,1.761,10.032,-77616000,48211000,48211000,1015826000,95720000,0.79,0.884,0,0,0,0,0,71958000,0,0.0,0.0,133450000,205408000,0.117,205408000,133450000,129143000,1.7,1.64,1.7,542753000,549898000,542753000,1605603625,12,7.817,118448000,2.101,1.0,741798000,0.422,14674000,4307000,736445000,741227750,28210000,0,0,0,479817000,223240000,256577000,1625321625,-33408000,0,-155980000,0,0,-151856000,-77616000,0,196064000,0,95720000,95720000,95720000,0,0,0.054,608348000,133450000,36159000,0.0,2.995,16.98,17.271,758503000,0,29.36,0.925,0.942,43430000,816977000,1757624000,1757624000,0,0.096,0.174,0.18,0.076,9738000,96263000,1.0,55358366,56378000,58190000,31.176,1007896000,20046000,33423000,103927000,18.629,-46845000
CAKE,MRY,2012-12-31,2013-01-01,2013-01-01,2018-05-11,0,1092167000,1038597250,230207000,861960000,1.742,10.949,-88154000,83569000,83569000,1030345000,98423000,0.91,0.884,0,0,0,0,0,74433000,0,0.007,0.24,138699000,213132000,0.118,213132000,138699000,133974000,1.85,1.78,1.85,579726000,563277750,579726000,1699200596,12,7.973,107217000,2.016,1.0,778672000,0.43,17829000,4725000,737735000,753791500,28836000,0,0,0,512441000,253034000,259407000,1755631596,35358000,0,-62109000,0,-12762000,-71859000,-88154000,0,195371000,0,98423000,98423000,98423000,0,0,0.054,639973000,138699000,46998000,0.13,3.028,17.838,17.681,764418000,0,32.71,0.97,0.962,62658000,902532000,1809017000,1809017000,0,0.095,0.175,0.184,0.077,10472000,104156000,1.0,53672626,53185000,55211000,34.014,1074338000,15257000,35551000,93065000,20.29,-22827000
CAKE,MRY,2013-12-31,2013-12-31,2013-12-31,2018-05-11,0,1124114000,1105311750,225903000,898211000,1.699,11.243,-107943000,61751000,61751000,1058754000,114356000,0.855,0.947,0,0,0,0,0,78558000,0,0.011,0.52,160954000,239512000,0.128,239512000,160954000,156450000,2.19,2.1,2.19,577353000,594165500,577353000,2441939491,15,10.195,96842000,1.854,1.0,819156000,0.436,18647000,4504000,779469000,760547250,35478000,0,0,0,546761000,264247000,282514000,2524564491,-21818000,0,-110763000,0,-27191000,-118660000,-107943000,0,204785000,0,114356000,114356000,114356000,0,0,0.061,658202000,160954000,35418000,0.237,4.373,22.076,22.041,795379000,0,48.27,1.344,1.342,65542000,989451000,1877910000,1877910000,0,0.103,0.192,0.212,0.086,13529000,114728000,1.0,52300901,52229000,54377000,35.955,1105467000,20537000,42094000,97237000,21.527,-38344000
CAKE,MRY,2014-12-31,2014-12-30,2014-12-30,2018-05-11,0,1161376000,1105291750,224386000,936990000,1.788,11.312,-115861000,58018000,58018000,1136408000,101276000,0.697,1.087,0,0,0,0,0,82835000,0,0.012,0.61,144731000,227566000,0.115,227566000,144731000,138544000,2.04,1.96,2.04,556510000,522685000,556510000,2504756638,17,11.007,123788000,2.497,1.0,840216000,0.425,20781000,6187000,760566000,795426000,33255000,0,0,0,604866000,322011000,282855000,2501897638,-3733000,0,-117543000,0,-30332000,-127521000,-115861000,0,239649000,0,101276000,101276000,101276000,0,0,0.051,695485000,144731000,57325000,0.299,4.496,24.704,24.779,828305000,0,50.55,1.266,1.268,77497000,1060211000,1976624000,1976624000,0,0.092,0.194,0.182,0.073,16862000,119094000,1.0,49493524,49567000,51584000,39.878,1140595000,17383000,37268000,81433000,23.184,-97625000
CAKE,MRY,2015-12-31,2015-12-29,2015-12-29,2018-05-11,0,1233346000,1178179500,225396000,1007950000,1.783,12.058,-155701000,43854000,43854000,1188849000,116523000,0.644,1.096,0,0,0,0,0,85563000,0,0.016,0.73,165246000,250809000,0.119,250809000,165246000,159352000,2.39,2.3,2.39,588539000,555925250,588539000,2273885631,13,9.066,92031000,1.885,1.0,911760000,0.434,21972000,5894000,817294000,816263750,34010000,0,0,0,644807000,350226000,294581000,2303492631,-14164000,0,-81374000,0,-35969000,-106195000,-155701000,0,247732000,0,116523000,116523000,116523000,0,0,0.055,746514000,165246000,47770000,0.305,3.914,19.769,19.594,892191000,0,46.83,1.097,1.089,86817000,1140788000,2100609000,2100609000,0,0.099,0.21,0.202,0.079,32554000,137402000,1.0,49188397,48833000,50605000,43.016,1211374000,18739000,42829000,82524000,24.819,-124830000
CAKE,MRY,2016-12-31,2017-01-03,2017-01-03,2018-05-11,0,1293319000,1223666750,221427000,1071892000,1.86,12.737,-117461000,53839000,53839000,1286626000,139494000,0.588,1.144,0,0,0,0,0,88010000,0,0.015,0.88,200993000,289003000,0.127,289003000,200993000,191768000,2.91,2.83,2.91,603207000,593785000,603207000,2752925010,13,9.526,198920000,4.146,1.0,989093000,0.435,23054000,9225000,839900000,814801000,34926000,0,0,0,690112000,376526000,313586000,2818770010,9985000,-42000000,-118089000,0,-42371000,-146935000,-159461000,0,316381000,0,139494000,139494000,139494000,0,0,0.061,788100000,200993000,41564000,0.302,4.673,20.207,20.423,910134000,0,59.43,1.239,1.253,80224000,1238012000,2275719000,2275719000,0,0.114,0.235,0.247,0.088,35195000,146042000,1.0,47430086,47981000,49372000,47.43,1270265000,0,52274000,84700000,26.821,-155099000
CAKE,MRY,2017-12-31,2018-01-02,2018-01-02,2018-05-11,-88000,1333060000,1296132750,208633000,1124427000,1.744,13.41,-122433000,6008000,6008000,1296983000,157392000,0.524,1.173,10000000,0,10000000,10000000,0,92729000,0,0.021,1.06,152845000,245574000,0.109,245574000,152845000,146466000,3.35,3.27,3.35,613530000,616238750,613530000,2267877403,14,9.235,116363000,2.48,1.0,963519000,0.426,24065000,6379000,915036000,899690500,42560000,0,0,0,719530000,397951000,321579000,2257672403,-47831000,-18000000,-113939000,10000000,-49889000,-146091000,-140433000,0,238796000,-103000,157392000,157392000,157392000,0,0,0.07,810674000,152845000,50984000,0.316,3.68,14.344,14.719,935045000,0,49.31,0.999,1.024,87383000,1345666000,2260502000,2260502000,0,0.121,0.255,0.17,0.068,16457000,141533000,1.0,45785285,46930000,48152000,48.168,1308995000,15016000,-10926000,57216000,28.611,-189318000
