ticker,dimension,calendardate,datekey,reportperiod,lastupdated,accoci,assets,assetsavg,assetsc,assetsnc,assetturnover,bvps,capex,cashneq,cashnequsd,cor,consolinc,currentratio,de,debt,debtc,debtnc,debtusd,deferredrev,depamor,deposits,divyield,dps,ebit,ebitda,ebitdamargin,ebitdausd,ebitusd,ebt,eps,epsdil,epsusd,equity,equityavg,equityusd,ev,evebit,evebitda,fcf,fcfps,fxusd,gp,grossmargin,intangibles,intexp,invcap,invcapavg,inventory,investments,investmentsc,investmentsnc,liabilities,liabilitiesc,liabilitiesnc,marketcap,ncf,ncfbus,ncfcommon,ncfdebt,ncfdiv,ncff,ncfi,ncfinv,ncfo,ncfx,netinc,netinccmn,netinccmnusd,netincdis,netincnci,netmargin,opex,opinc,payables,payoutratio,pb,pe,pe1,ppnenet,prefdivis,price,ps,ps1,receivables,retearn,revenue,revenueusd,rnd,roa,roe,roic,ros,sbcomp,sgna,sharefactor,sharesbas,shareswa,shareswadil,sps,tangibles,taxassets,taxexp,taxliabilities,tbvps,workingcapital
CAMP,MRY,2011-12-31,2011-02-28,2011-02-28,2018-05-10,-866000,55485000,54341000,38103000,17382000,2.104,0.644,-1245000,4241000,4241000,84775000,-3283000,1.159,2.152,11949000,7489000,4460000,11949000,5796000,2543000,0,0.0,0.0,-2010000,533000,0.005,533000,-2010000,-3455000,-0.12,-0.12,-0.12,17602000,16982000,17602000,93278729,-46,175.007,-388000,-0.014,1.0,29558000,0.259,4012000,1445000,26312000,25213250,9890000,0,0,0,37883000,32869000,5014000,85843729,1255000,0,0,1588000,0,1183000,-785000,428000,857000,0,-3283000,-3283000,-3283000,0,0,-0.029,31618000,-2060000,14103000,0.0,4.877,-26.148,-25.417,1877000,0,3.05,0.751,0.725,16814000,-134948000,114333000,114333000,11125000,-0.06,-0.193,-0.08,-0.018,2109000,19361000,1.0,28145485,27181000,27181000,4.206,51473000,11848000,-172000,0,1.884,5234000
CAMP,MRY,2012-12-31,2012-02-28,2012-02-28,2018-05-10,-65000,51481000,53535750,39789000,11692000,2.591,0.896,-1076000,5601000,5601000,96709000,5218000,1.686,1.061,3000000,1100000,1900000,3000000,6305000,2447000,0,0.0,0.0,6540000,8987000,0.065,8987000,6540000,5279000,0.19,0.18,0.19,24977000,21651500,24977000,125583050,19,13.974,11356000,0.411,1.0,42019000,0.303,2738000,1261000,22541000,24279500,10057000,0,0,0,26504000,23601000,2903000,123500050,1360000,0,0,-9554000,0,-10562000,-510000,566000,12432000,0,5218000,5218000,5218000,0,0,0.038,34649000,7370000,9523000,0.0,4.945,23.668,22.632,1761000,0,4.3,0.89,0.857,14383000,-129730000,138728000,138728000,11328000,0.097,0.241,0.269,0.047,2375000,22044000,1.0,28720942,27658000,27658000,5.016,48743000,11837000,61000,0,1.748,16188000
CAMP,MRY,2013-12-31,2013-02-28,2013-02-28,2018-05-10,-65000,150771000,89813750,106769000,44002000,2.011,3.927,-1852000,63101000,63101000,123686000,44626000,3.688,0.283,4695000,2261000,2434000,4695000,6410000,2764000,0,0.0,0.0,15935000,18699000,0.104,18699000,15935000,15448000,1.54,1.49,1.54,117549000,55242000,117549000,318308938,19,17.023,14745000,0.51,1.0,56893000,0.315,5715000,487000,57701000,35416000,13516000,0,0,0,33222000,28949000,4273000,326533938,57500000,-1000000,44784000,-1200000,0,43301000,-2398000,462000,16597000,0,44626000,44626000,44626000,0,0,0.247,40913000,15980000,11871000,0.0,2.778,7.317,7.11,2778000,0,10.95,1.808,1.752,19111000,-85104000,180579000,180579000,14291000,0.497,0.808,0.45,0.088,2910000,24879000,1.0,29820451,28886000,29982000,6.251,145056000,41016000,-29178000,0,4.846,77820000
CAMP,MRY,2014-12-31,2014-02-28,2014-02-28,2018-05-10,-65000,179265000,167707750,92241000,87024000,1.407,3.768,-2133000,19233000,19233000,155972000,11803000,2.19,0.346,1858000,1156000,702000,1858000,8251000,8105000,0,0.0,0.0,18318000,26423000,0.112,26423000,18318000,17911000,0.34,0.33,0.34,133147000,125593000,133147000,1111904576,60,42.081,20683000,0.591,1.0,79931000,0.339,44553000,407000,75219000,64429000,14968000,9018000,8500000,518000,46118000,42118000,4000000,1140643576,-43868000,-52954000,3928000,-1800000,0,-2508000,-64176000,-9018000,22816000,0,11803000,11803000,11803000,0,0,0.05,61588000,18343000,20508000,0.0,8.567,96.64,94.235,5899000,0,32.04,4.835,4.749,36904000,-73301000,235903000,235903000,21052000,0.07,0.094,0.284,0.078,2924000,34253000,1.0,35600611,34969000,36023000,6.746,134712000,42750000,6108000,0,3.813,50123000
CAMP,MRY,2015-12-31,2015-02-28,2015-02-28,2018-05-10,-65000,202617000,193285750,116054000,86563000,1.297,4.213,-7437000,34184000,34184000,163202000,16508000,2.469,0.338,0,0,0,0,10748000,9386000,0,0.0,0.0,25096000,34482000,0.138,34482000,25096000,24800000,0.46,0.45,0.46,151385000,142606000,151385000,670138852,26,19.434,21208000,0.593,1.0,87404000,0.349,38079000,296000,83349000,81830250,18666000,10177000,10177000,0,51232000,47005000,4227000,693328852,14951000,0,718000,0,0,-5043000,-8651000,-1159000,28645000,0,16508000,16508000,16508000,0,0,0.066,62464000,24940000,24012000,0.0,4.58,42.0,41.63,10525000,0,19.15,2.767,2.734,47917000,-56793000,250606000,250606000,19854000,0.085,0.116,0.307,0.1,4100000,36020000,1.0,36205162,35784000,36530000,7.003,164538000,34822000,8292000,0,4.579,69049000
CAMP,MRY,2016-12-31,2016-02-28,2016-02-28,2018-05-10,-226000,384363000,371831000,298767000,85596000,0.755,5.068,-4317000,139388000,139388000,177760000,16940000,6.028,1.029,139800000,0,139800000,139800000,9438000,10208000,0,0.0,0.0,29107000,39315000,0.14,39315000,29107000,21512000,0.46,0.46,0.46,189447000,180293250,189447000,679454551,23,17.282,43083000,1.182,1.0,102959000,0.367,33518000,7595000,301692000,309235500,16731000,88718000,88718000,0,194916000,49565000,145351000,648031551,105204000,-7706000,17274000,167209000,0,148478000,-90674000,-78541000,47400000,0,16940000,16940000,16940000,0,0,0.06,74874000,28085000,24938000,0.0,3.421,38.255,38.5,11225000,0,17.71,2.308,2.299,49432000,-39853000,280719000,280719000,19803000,0.046,0.094,0.094,0.104,5854000,48445000,1.0,36591279,36448000,36950000,7.702,350845000,30213000,4572000,0,9.386,249202000
CAMP,MRY,2017-12-31,2017-02-28,2017-02-28,2018-05-10,-541000,408139000,414158500,206705000,201434000,0.848,4.653,-7962000,93706000,93706000,207750000,-7904000,2.655,1.5,146827000,0,146827000,146827000,14662000,23469000,0,0.0,0.0,429000,23898000,0.068,23898000,429000,-9467000,-0.22,-0.22,-0.22,163242000,175438250,163242000,643908712,1500,26.944,17834000,0.497,1.0,143352000,0.408,140203000,9896000,243216000,256739750,29279000,6722000,6722000,0,244897000,77841000,167056000,574034712,-45682000,-119618000,-24039000,0,0,-25819000,-45586000,81996000,25796000,-73000,-7904000,-7904000,-7904000,0,0,-0.023,143229000,123000,30266000,0.0,3.516,-72.626,-73.682,21162000,0,16.21,1.635,1.658,67403000,-47757000,351102000,351102000,22005000,-0.019,-0.045,0.002,0.001,7833000,106163000,1.0,35412382,35917000,35917000,9.775,267936000,27504000,-1563000,0,7.638,128864000
CAMP,MRY,2018-12-31,2018-02-28,2018-02-28,2018-05-10,-199000,472993000,455379000,275885000,197108000,0.804,5.622,-8339000,132603000,132603000,215022000,16617000,2.888,1.378,154299000,0,154299000,154299000,17757000,22957000,0,0.0,0.0,37578000,60535000,0.165,60535000,37578000,27298000,0.47,0.46,0.47,198916000,190088250,198916000,847898991,22,14.007,58555000,1.661,1.0,150890000,0.412,125436000,10280000,273724000,257837750,36302000,23400000,23400000,0,274077000,95529000,178548000,833615991,38897000,-2281000,330000,0,0,-2264000,-26451000,-15695000,66894000,718000,16617000,16617000,16617000,0,0,0.045,142935000,7955000,35478000,0.0,4.191,50.166,49.787,21262000,0,23.4,2.278,2.254,71580000,-19459000,365912000,365912000,25761000,0.036,0.087,0.146,0.103,10235000,102185000,1.0,35624615,35250000,36139000,10.38,347557000,31581000,10681000,0,9.823,180356000
