ticker,dimension,calendardate,datekey,reportperiod,lastupdated,accoci,assets,assetsavg,assetsc,assetsnc,assetturnover,bvps,capex,cashneq,cashnequsd,cor,consolinc,currentratio,de,debt,debtc,debtnc,debtusd,deferredrev,depamor,deposits,divyield,dps,ebit,ebitda,ebitdamargin,ebitdausd,ebitusd,ebt,eps,epsdil,epsusd,equity,equityavg,equityusd,ev,evebit,evebitda,fcf,fcfps,fxusd,gp,grossmargin,intangibles,intexp,invcap,invcapavg,inventory,investments,investmentsc,investmentsnc,liabilities,liabilitiesc,liabilitiesnc,marketcap,ncf,ncfbus,ncfcommon,ncfdebt,ncfdiv,ncff,ncfi,ncfinv,ncfo,ncfx,netinc,netinccmn,netinccmnusd,netincdis,netincnci,netmargin,opex,opinc,payables,payoutratio,pb,pe,pe1,ppnenet,prefdivis,price,ps,ps1,receivables,retearn,revenue,revenueusd,rnd,roa,roe,roic,ros,sbcomp,sgna,sharefactor,sharesbas,shareswa,shareswadil,sps,tangibles,taxassets,taxexp,taxliabilities,tbvps,workingcapital
CARV,MRY,2011-12-31,2011-03-31,2011-03-31,2018-02-13,-319000,709215000,752856750,,,0.009,142.973,-502000,44077000,44077000,0,-39470000,,28.781,112641000,,,112641000,0,1661000,560698000,0.056,0.75,-23809000,-22148000,-3.161,-22148000,-23809000,-23809000,-242.25,-242.25,-242.25,23679000,36590500,23679000,62070856,-2,-2.803,3805000,22.974,1.0,7006000,1.0,0,0,777779000,821382250,0,640962000,,,681498000,,,2235856,5731000,0,6655000,-19029000,712000,-54213000,55637000,56139000,4307000,0,-39527000,-39527000,-39527000,0,57000,-5.642,30758000,-23752000,0,-0.003,0.094,-0.057,-0.056,11040000,0,13.5,0.319,0.319,0,-21464000,7006000,7006000,0,-0.053,-1.08,-0.029,-3.398,20000,19143000,1.0,165619,165619,,42.302,709215000,0,15718000,0,4282.208,
CARV,MRY,2012-12-31,2012-03-31,2012-03-31,2018-02-13,159000,641230000,667072000,,,0.011,14.57,-144000,98112000,98112000,0,-22778000,,10.853,43429000,,,43429000,0,1445000,532597000,0.0,0.0,-24368000,-22923000,-3.186,-22923000,-24368000,-24368000,-14.26,-14.26,-14.26,53868000,48469250,53868000,28076110,-1,-1.225,31384000,8.488,1.0,7195000,1.0,0,0,586547000,675347000,0,521018000,,,584611000,,,27729110,47620000,0,51432000,-69212000,-364000,-46246000,62338000,68897000,31528000,0,-23407000,-23407000,-23407000,0,629000,-3.253,30934000,-23739000,0,0.0,0.515,-1.185,-0.526,9573000,0,7.5,3.854,3.854,0,-45091000,7195000,7195000,0,-0.035,-0.483,-0.036,-3.387,53000,18356000,1.0,3697264,3697264,,1.946,641230000,0,-961000,0,173.434,
CARV,MRY,2013-12-31,2013-03-31,2013-03-31,2018-02-13,563000,638277000,640536750,,,0.046,15.353,-218000,115312000,115312000,0,-283000,,10.25,76403000,,,76403000,0,1132000,495716000,0.0,0.0,990000,2122000,0.072,2122000,990000,990000,0.18,0.18,0.18,56735000,55061000,56735000,-37864158,-38,-17.844,20123000,5.446,1.0,29283000,1.0,0,0,599368000,596075000,0,500837000,,,581542000,,,16998841,12949000,0,0,32974000,0,-3907000,-3485000,984000,20341000,0,662000,662000,662000,0,-945000,0.023,29238000,45000,0,0.0,0.3,25.678,25.556,8597000,0,4.6,0.581,0.581,0,-44439000,29283000,29283000,0,0.001,0.012,0.002,0.034,2000,17468000,1.0,3695320,3695320,,7.924,638277000,0,328000,0,172.726,
CARV,MRY,2014-12-31,2014-03-31,2014-03-31,2018-02-13,-4768000,639838000,636879250,,,0.042,13.945,-305000,128908000,128908000,0,-946000,,11.422,70403000,,,70403000,0,1079000,509366000,0.0,0.0,-734000,345000,0.013,345000,-734000,-734000,-0.23,-0.23,-0.23,51538000,51658500,51538000,17561746,-23,50.904,15241000,4.124,1.0,26529000,1.0,0,0,581333000,603890250,0,489325000,,,588669000,,,47011746,17908000,0,0,-6000000,0,7651000,-5289000,-9295000,15546000,0,-836000,-836000,-836000,0,-110000,-0.032,27373000,-844000,0,0.0,0.912,-56.234,-55.304,7830000,0,12.72,1.772,1.772,0,-44570000,26529000,26529000,0,-0.001,-0.016,-0.001,-0.028,2000,18402000,1.0,3695892,3695892,,7.178,639838000,0,102000,0,173.121,
CARV,MRY,2015-12-31,2015-03-31,2015-03-31,2018-02-13,-1045000,675780000,652092250,,,0.041,14.514,-289000,57346000,57346000,0,-553000,,11.597,83403000,,,83403000,0,1052000,527761000,0.0,0.0,-106000,946000,0.035,946000,-106000,-106000,-0.07,-0.07,-0.07,53645000,53846250,53645000,5287843,-49,5.59,3329000,0.901,1.0,26795000,1.0,0,0,701837000,627728000,0,597703000,,,622135000,,,17149843,-71562000,0,0,13000000,0,31395000,-106575000,-106286000,3618000,0,-272000,-272000,-272000,0,-281000,-0.01,27182000,-387000,0,0.0,0.32,-63.051,-66.286,7075000,0,4.64,0.64,0.64,0,-45540000,26795000,26795000,0,0.0,-0.005,0.0,-0.004,4000,18589000,1.0,3696087,3696087,,7.25,675780000,0,166000,0,182.837,
CARV,MRY,2016-12-31,2016-03-31,2016-03-31,2018-02-13,-307000,739054000,725174250,,,0.037,14.036,1539000,63413000,63413000,0,-1767000,,13.245,68403000,,,68403000,0,1415000,606741000,0.0,0.0,-1639000,-224000,-0.008,-224000,-1639000,-1639000,-0.48,-0.48,-0.48,51880000,54113250,51880000,61409574,-37,-274.15,1959000,0.53,1.0,26478000,1.0,0,0,744044000,744896250,0,660206000,,,687174000,,,19293574,12364000,0,0,-15000000,0,63980000,-52036000,-59704000,420000,0,-1767000,-1767000,-1767000,0,0,-0.067,28117000,-1639000,0,0.0,0.372,-10.919,-10.875,5983000,0,5.22,0.729,0.729,0,-48045000,26478000,26478000,0,-0.002,-0.033,-0.002,-0.062,2000,18846000,1.0,3696087,3696087,,7.164,739054000,0,128000,0,199.956,
CARV,MRY,2017-12-31,2017-03-31,2017-03-31,2018-02-13,-1940000,687861000,696504000,,,0.037,12.824,-262000,58969000,58969000,0,-2853000,,13.512,49403000,,,49403000,0,867000,579176000,0.0,0.0,-2734000,-1867000,-0.072,-1867000,-2734000,-2734000,-0.77,-0.77,-0.77,47398000,52053500,47398000,10197678,-3,-5.462,565000,0.153,1.0,25797000,1.0,0,0,678295000,686408750,0,616053000,,,640463000,,,13527678,-4502000,0,0,-19000000,0,-46565000,41236000,41556000,827000,0,-2853000,-2853000,-2853000,0,0,-0.111,28531000,-2734000,0,0.0,0.285,-4.742,-4.753,5427000,0,3.66,0.524,0.524,0,-50898000,25797000,25797000,0,-0.004,-0.055,-0.004,-0.106,4000,18969000,1.0,3696087,3696087,,6.98,687861000,0,119000,0,186.105,
