ticker,dimension,calendardate,datekey,reportperiod,lastupdated,accoci,assets,assetsavg,assetsc,assetsnc,assetturnover,bvps,capex,cashneq,cashnequsd,cor,consolinc,currentratio,de,debt,debtc,debtnc,debtusd,deferredrev,depamor,deposits,divyield,dps,ebit,ebitda,ebitdamargin,ebitdausd,ebitusd,ebt,eps,epsdil,epsusd,equity,equityavg,equityusd,ev,evebit,evebitda,fcf,fcfps,fxusd,gp,grossmargin,intangibles,intexp,invcap,invcapavg,inventory,investments,investmentsc,investmentsnc,liabilities,liabilitiesc,liabilitiesnc,marketcap,ncf,ncfbus,ncfcommon,ncfdebt,ncfdiv,ncff,ncfi,ncfinv,ncfo,ncfx,netinc,netinccmn,netinccmnusd,netincdis,netincnci,netmargin,opex,opinc,payables,payoutratio,pb,pe,pe1,ppnenet,prefdivis,price,ps,ps1,receivables,retearn,revenue,revenueusd,rnd,roa,roe,roic,ros,sbcomp,sgna,sharefactor,sharesbas,shareswa,shareswadil,sps,tangibles,taxassets,taxexp,taxliabilities,tbvps,workingcapital
CASH,MRY,2011-12-31,2011-09-30,2011-09-30,2018-05-08,6336000,1275481000,1165754750,,,0.079,25.848,-1734000,276893000,276893000,0,4640000,,14.829,29365000,,,29365000,0,9758000,1141620000,0.028,0.52,8263000,18021000,0.197,18021000,8263000,8263000,1.49,1.49,1.49,80577000,75574000,80577000,34637813,4,1.922,20124000,6.455,1.0,91525000,1.0,1315000,0,1026638000,1027644500,0,941066000,,,1194904000,,,58855813,189390000,0,575000,-11849000,-1621000,231473000,-63941000,-54499000,21858000,0,4640000,4640000,4640000,0,0,0.051,83262000,8263000,0,0.349,0.73,12.684,12.671,17168000,0,18.88,0.643,0.643,9941000,45494000,91525000,91525000,0,0.004,0.061,0.008,0.09,0,81754000,1.0,3117363,3117363,,29.36,1274166000,0,3623000,0,408.732,
CASH,MRY,2012-12-31,2012-09-30,2012-09-30,2018-05-08,8513000,1648898000,1533600500,,,0.067,37.919,-4102000,145051000,145051000,0,17114000,,10.305,47710000,,,47710000,0,20349000,1379794000,0.021,0.52,26796000,47145000,0.461,47145000,26796000,26796000,4.94,4.92,4.94,145859000,106112750,145859000,-24530537,0,-0.52,75888000,19.729,1.0,102259000,1.0,2035000,0,1549522000,1395630500,0,1446631000,,,1503039000,,,93280462,-131842000,0,47796000,18345000,-1832000,302510000,-514342000,-506137000,79990000,0,17114000,17114000,17114000,0,0,0.167,75463000,26796000,0,0.105,0.64,5.451,4.909,17738000,0,24.25,0.912,0.912,6344000,60776000,102259000,102259000,0,0.011,0.161,0.019,0.262,0,75463000,1.0,3846617,3846617,,26.584,1646863000,0,9682000,0,428.133,
CASH,MRY,2013-12-31,2013-09-30,2013-09-30,2018-05-08,-20285000,1691989000,1713874000,,,0.053,23.963,-5262000,40063000,40063000,0,13418000,,10.833,216456000,,,216456000,0,21104000,1315283000,0.014,0.52,17122000,38226000,0.418,38226000,17122000,17122000,2.4,2.38,2.4,142984000,140097000,142984000,295673640,17,7.735,-28330000,-4.748,1.0,91525000,1.0,2339000,0,1866043000,1809131250,0,1559757000,,,1549005000,,,226737640,-104988000,0,15266000,168746000,-2926000,116740000,-198660000,-171177000,-23068000,0,13418000,13418000,13418000,0,0,0.147,74403000,17122000,0,0.217,1.586,16.898,15.833,17664000,0,38.0,2.477,2.477,4107000,71268000,91525000,91525000,0,0.008,0.096,0.009,0.187,0,73814000,1.0,5966780,5966780,,15.339,1689650000,0,3704000,0,283.176,
CASH,MRY,2014-12-31,2014-09-30,2014-09-30,2018-05-08,-3409000,2054031000,1918720000,,,0.05,28.267,-1151000,29832000,29832000,0,15713000,,10.751,497721000,,,497721000,0,18147000,1366541000,0.015,0.52,18619000,36766000,0.38,36766000,18619000,18619000,2.57,2.53,2.57,174802000,160579750,174802000,572976497,30,15.584,24662000,3.988,1.0,96850000,1.0,2588000,0,2519332000,2228084000,0,1937416000,,,1879229000,,,218049497,-10231000,0,2325000,281265000,-3184000,331752000,-367796000,-365810000,25813000,0,15713000,15713000,15713000,0,0,0.162,78231000,18619000,0,0.202,1.247,13.877,13.72,16462000,0,35.26,2.251,2.251,4204000,83797000,96850000,96850000,0,0.008,0.098,0.008,0.192,0,78154000,1.0,6184047,6184047,,15.661,2051443000,6591000,2906000,0,331.731,
CASH,MRY,2015-12-31,2015-09-30,2015-09-30,2018-05-08,2455000,2529705000,2305710750,,,0.05,39.05,-2931000,27658000,27658000,0,18055000,,8.323,563460000,,,563460000,0,28882000,1657534000,0.012,0.52,19423000,48305000,0.417,48305000,19423000,19423000,2.68,2.66,2.68,271335000,220183500,271335000,826417292,42,17.108,46283000,6.661,1.0,115929000,1.0,70505000,0,2995002000,2620883000,0,2332496000,,,2258370000,,,290234292,-2174000,-115546000,51547000,63480000,-3493000,402527000,-453915000,-326388000,49214000,0,18055000,18055000,18055000,0,0,0.156,96506000,19423000,0,0.194,1.07,16.075,15.586,17393000,0,41.77,2.504,2.504,5337000,98359000,115929000,115929000,0,0.008,0.082,0.007,0.168,258000,95154000,1.0,6948391,6948391,,16.684,2459200000,6997000,1368000,0,353.924,
CASH,MRY,2016-12-31,2016-09-30,2016-09-30,2018-05-08,22920000,4006419000,3295640250,,,0.053,39.297,-6924000,773830000,773830000,0,33220000,,10.96,1187578000,,,1187578000,0,35617000,2430082000,0.009,0.52,38822000,74439000,0.429,74439000,38822000,38822000,3.93,3.91,3.93,334975000,317627000,334975000,1038410246,26,13.95,71574000,8.397,1.0,173470000,1.0,65849000,0,4354318000,3518119750,0,3056160000,,,3671444000,,,516648246,746172000,0,13857000,624138000,-4389000,1406154000,-738480000,-721556000,78498000,0,33220000,33220000,33220000,0,0,0.192,134648000,38822000,0,0.132,1.542,15.552,15.422,18626000,0,60.61,2.978,2.978,0,127190000,173470000,173470000,0,0.01,0.105,0.011,0.224,487000,121172000,1.0,8524142,8524142,,20.35,3940570000,0,5602000,4600000,462.283,
CASH,MRY,2017-12-31,2017-09-30,2017-09-30,2018-05-08,9166000,5228332000,4361737500,,,0.058,46.47,-6740000,1267586000,1267586000,0,44917000,,11.033,1490067000,,,1490067000,0,45048000,3223424000,0.007,0.52,55150000,100198000,0.393,100198000,55150000,55150000,4.86,4.83,4.86,434496000,412060750,434496000,1037089137,18,10.35,113258000,12.113,1.0,254813000,1.0,150901000,0,5299912000,4310515250,0,3636212000,,,4793836000,,,733039137,493756000,-46678000,1828000,301583000,-4839000,1074191000,-700433000,-498065000,119998000,0,44917000,44917000,44917000,0,0,0.176,199663000,55150000,0,0.107,1.687,16.32,16.132,19320000,0,78.4,2.877,2.877,0,167164000,254813000,254813000,0,0.01,0.109,0.013,0.216,10401000,161927000,1.0,9349989,9349989,,27.253,5077431000,9101000,10233000,0,543.041,
