ticker,dimension,calendardate,datekey,reportperiod,lastupdated,accoci,assets,assetsavg,assetsc,assetsnc,assetturnover,bvps,capex,cashneq,cashnequsd,cor,consolinc,currentratio,de,debt,debtc,debtnc,debtusd,deferredrev,depamor,deposits,divyield,dps,ebit,ebitda,ebitdamargin,ebitdausd,ebitusd,ebt,eps,epsdil,epsusd,equity,equityavg,equityusd,ev,evebit,evebitda,fcf,fcfps,fxusd,gp,grossmargin,intangibles,intexp,invcap,invcapavg,inventory,investments,investmentsc,investmentsnc,liabilities,liabilitiesc,liabilitiesnc,marketcap,ncf,ncfbus,ncfcommon,ncfdebt,ncfdiv,ncff,ncfi,ncfinv,ncfo,ncfx,netinc,netinccmn,netinccmnusd,netincdis,netincnci,netmargin,opex,opinc,payables,payoutratio,pb,pe,pe1,ppnenet,prefdivis,price,ps,ps1,receivables,retearn,revenue,revenueusd,rnd,roa,roe,roic,ros,sbcomp,sgna,sharefactor,sharesbas,shareswa,shareswadil,sps,tangibles,taxassets,taxexp,taxliabilities,tbvps,workingcapital
CBRL,MRY,2011-12-31,2011-07-29,2011-07-29,2018-02-20,-38032000,1310884000,1305703000,245915000,1064969000,1.864,11.718,-69765000,52274000,52274000,772471000,85208000,0.921,3.891,550143000,0,550143000,550143000,32630000,62788000,0,0.02,0.88,167181000,229969000,0.094,229969000,167181000,115691000,3.7,3.61,3.7,268034000,252958750,268034000,1549232827,9,6.737,68447000,2.976,1.0,1661964000,0.683,0,51490000,1541650000,1555958750,141547000,0,0,0,1042850000,267103000,775747000,1036427827,4574000,0,-13023000,-30263000,-19846000,-64149000,-69489000,0,138212000,0,85208000,85208000,85208000,0,0,0.035,1494783000,167181000,99679000,0.238,3.867,12.164,12.192,1010114000,0,45.11,0.426,0.426,12279000,298757000,2434435000,2434435000,0,0.065,0.337,0.107,0.069,5688000,591179000,1.0,22975567,22998200,23634675,105.853,1310884000,29865000,30483000,100674000,57.307,-21188000
CBRL,MRY,2012-12-31,2012-08-03,2012-08-03,2018-02-20,-21158000,1418992000,1374500250,337308000,1081684000,1.877,16.425,-80299000,151962000,151962000,827484000,103081000,1.057,2.708,525036000,0,525036000,525036000,37696000,64467000,0,0.018,1.15,190975000,255442000,0.099,255442000,190975000,146288000,4.47,4.4,4.47,382675000,333195500,382675000,1885870782,9,7.383,139523000,6.048,1.0,1752711000,0.679,0,44687000,1473007000,1509664500,143267000,0,0,0,1036317000,319059000,717258000,1463011782,99688000,0,-14923000,-25133000,-22372000,-40587000,-79547000,0,219822000,0,103081000,103081000,103081000,0,0,0.04,1561736000,190975000,101271000,0.257,3.823,14.193,14.085,1023254000,0,62.96,0.567,0.563,14609000,374923000,2580195000,2580195000,0,0.075,0.309,0.127,0.074,9918000,610301000,1.0,23237163,23067566,23408126,111.854,1418992000,15181000,43207000,102863000,60.905,18249000
CBRL,MRY,2013-12-31,2013-08-02,2013-08-02,2018-02-20,-6612000,1388306000,1391020750,302194000,1086112000,1.901,20.349,-73862000,121718000,121718000,854684000,117265000,0.956,1.868,400000000,0,400000000,400000000,44098000,66120000,0,0.022,2.25,201524000,267644000,0.101,267644000,201524000,165782000,4.95,4.9,4.95,484026000,444138000,484026000,2742722235,13,10.248,134637000,5.679,1.0,1789946000,0.677,0,35742000,1350521000,1436403000,146687000,0,0,0,904280000,316067000,588213000,2401179235,-30244000,0,-3570000,-125153000,-45400000,-165337000,-73406000,0,208499000,0,117265000,117265000,117265000,0,0,0.044,1588422000,201524000,110637000,0.455,4.961,20.477,20.394,1027252000,0,100.95,0.908,0.905,15942000,438673000,2644630000,2644630000,0,0.084,0.264,0.14,0.076,15507000,625863000,1.0,23785827,23708875,23948321,111.546,1388306000,4316000,48517000,91572000,58.366,-13873000
CBRL,MRY,2014-12-31,2014-08-01,2014-08-01,2018-02-20,-4733000,1432248000,1381376500,329649000,1102599000,1.943,22.193,-89897000,119361000,119361000,872758000,132128000,0.957,1.709,400000000,25000000,375000000,400000000,49825000,68389000,0,0.034,3.25,208406000,276795000,0.103,276795000,208406000,190849000,5.55,5.51,5.55,528641000,497219000,528641000,2614250530,12,9.445,87728000,3.683,1.0,1810919000,0.675,0,17557000,1368449000,1379006250,165426000,0,0,0,903607000,344438000,559169000,2302489530,-2357000,0,-12473000,-1000,-71484000,-91167000,-88815000,0,177625000,0,132128000,132128000,132128000,0,0,0.049,1602513000,208406000,98477000,0.586,4.355,17.426,17.416,1043284000,0,96.66,0.858,0.858,22704000,493167000,2683677000,2683677000,0,0.096,0.266,0.151,0.078,6676000,635920000,1.0,23820500,23817768,23966015,112.675,1432248000,10161000,58721000,93970000,60.127,-14789000
CBRL,MRY,2015-12-31,2015-07-31,2015-07-31,2018-02-20,-3725000,1576208000,1492945000,456824000,1119384000,1.904,22.467,-88979000,265455000,265455000,924171000,163903000,1.025,1.928,400000000,0,400000000,400000000,58980000,72955000,0,0.027,4.1,254880000,327835000,0.115,327835000,254880000,238201000,6.85,6.82,6.85,538268000,555532750,538268000,3836893204,15,11.704,245076000,10.246,1.0,1918113000,0.675,0,16679000,1265142000,1350742250,153058000,0,0,0,1037940000,445611000,592329000,3638947204,146094000,0,0,0,-95699000,-99347000,-88614000,0,334055000,0,163903000,163903000,163903000,0,0,0.058,1663233000,254880000,133117000,0.599,6.76,22.202,22.174,1052636000,0,151.89,1.28,1.278,18050000,485687000,2842284000,2842284000,0,0.11,0.295,0.189,0.09,11505000,670851000,1.0,23957780,23918368,24048924,118.833,1576208000,6094000,74298000,89092000,65.789,11213000
CBRL,MRY,2016-12-31,2016-07-29,2016-07-29,2018-02-20,-13740000,1497664000,1484901500,355740000,1141924000,1.961,21.986,-113177000,150966000,150966000,928176000,189299000,0.965,1.845,400000000,0,400000000,400000000,64028000,78223000,0,0.049,7.7,280471000,358694000,0.123,358694000,280471000,266419000,7.91,7.86,7.91,526443000,548813500,526443000,3992017905,14,11.129,158201000,6.607,1.0,1984175000,0.681,0,14052000,1377881000,1389429500,152308000,0,0,0,971221000,368817000,602404000,3768709905,-114489000,0,-14653000,0,-255546000,-273352000,-112515000,0,271378000,0,189299000,189299000,189299000,0,0,0.065,1703704000,280471000,132493000,0.973,7.159,19.909,19.9,1080189000,0,157.41,1.294,1.294,19389000,488481000,2912351000,2912351000,0,0.127,0.345,0.202,0.096,10576000,697516000,1.0,23941998,23945041,24074273,121.626,1497664000,18504000,77120000,91287000,62.547,-13077000
CBRL,MRY,2017-12-31,2017-07-28,2017-07-28,2018-02-20,-4229000,1521942000,1522735000,358857000,1163085000,1.922,22.647,-110088000,161001000,161001000,891293000,201899000,0.955,1.795,400000000,0,400000000,400000000,72376000,86319000,0,0.052,8.15,313158000,399477000,0.137,399477000,313158000,298887000,8.4,8.37,8.4,544507000,568822250,544507000,3954205824,12,9.898,210679000,8.767,1.0,2034996000,0.695,0,14271000,1385113000,1402049750,156367000,0,0,0,977435000,375828000,601607000,3737898824,10035000,0,0,0,-196867000,-201127000,-109605000,0,320767000,0,201899000,201899000,201899000,0,0,0.069,1721838000,313158000,118395000,0.97,6.865,18.514,18.508,1098097000,0,155.47,1.277,1.277,18116000,492836000,2926289000,2926289000,0,0.133,0.355,0.223,0.107,5822000,704714000,1.0,24042573,24031810,24118288,121.767,1521942000,7326000,96988000,102146000,63.302,-16971000
