ticker,dimension,calendardate,datekey,reportperiod,lastupdated,accoci,assets,assetsavg,assetsc,assetsnc,assetturnover,bvps,capex,cashneq,cashnequsd,cor,consolinc,currentratio,de,debt,debtc,debtnc,debtusd,deferredrev,depamor,deposits,divyield,dps,ebit,ebitda,ebitdamargin,ebitdausd,ebitusd,ebt,eps,epsdil,epsusd,equity,equityavg,equityusd,ev,evebit,evebitda,fcf,fcfps,fxusd,gp,grossmargin,intangibles,intexp,invcap,invcapavg,inventory,investments,investmentsc,investmentsnc,liabilities,liabilitiesc,liabilitiesnc,marketcap,ncf,ncfbus,ncfcommon,ncfdebt,ncfdiv,ncff,ncfi,ncfinv,ncfo,ncfx,netinc,netinccmn,netinccmnusd,netincdis,netincnci,netmargin,opex,opinc,payables,payoutratio,pb,pe,pe1,ppnenet,prefdivis,price,ps,ps1,receivables,retearn,revenue,revenueusd,rnd,roa,roe,roic,ros,sbcomp,sgna,sharefactor,sharesbas,shareswa,shareswadil,sps,tangibles,taxassets,taxexp,taxliabilities,tbvps,workingcapital
CCF,MRY,2011-12-31,2011-08-31,2011-08-31,2018-04-09,-3666000,128909000,124785000,57991000,70918000,0.986,10.52,-4485000,14982000,14982000,80317000,10931000,2.911,0.403,12667000,4400000,8267000,12667000,0,5068000,0,0.027,0.35,16369000,21437000,0.174,21437000,16369000,16173000,1.22,1.22,1.22,91880000,86876250,91880000,112787020,6,5.261,4818000,0.552,1.0,42723000,0.347,34245000,196000,72425000,69168000,20841000,7655000,0,7655000,37029000,19924000,17105000,114471020,-2598000,1206000,386000,-4400000,-3131000,-7729000,-4172000,-54000,9303000,240000,10931000,10931000,10931000,0,0,0.089,26354000,16369000,7276000,0.287,1.246,10.472,10.467,28594000,0,12.77,0.93,0.905,19103000,83973000,123040000,123040000,0,0.088,0.126,0.237,0.133,1719000,26780000,1.0,8964058,8721452,8763808,14.108,94664000,891000,5242000,1387000,10.839,38067000
CCF,MRY,2012-12-31,2012-08-31,2012-08-31,2018-04-09,-5030000,214832000,148666500,83142000,131690000,1.002,11.193,-4198000,15180000,15180000,101249000,9264000,2.746,1.174,70000000,5600000,64400000,70000000,0,5888000,0,0.022,0.35,14468000,20356000,0.137,20356000,14468000,14070000,1.03,1.03,1.03,98125000,94233250,98125000,143215445,9,7.036,9748000,1.113,1.0,47670000,0.32,74148000,398000,165229000,94876000,32323000,8019000,0,8019000,115187000,30275000,84912000,147287445,364000,-62575000,0,57277000,-3165000,53508000,-67090000,-60000,13946000,-166000,9338000,9338000,9338000,0,-74000,0.063,33378000,14292000,11559000,0.34,1.501,15.773,15.796,49279000,0,16.27,0.989,0.957,31621000,90146000,148919000,148919000,0,0.063,0.099,0.152,0.097,1831000,30172000,1.0,9052701,8761262,8786750,16.997,140684000,2208000,4732000,12835000,16.048,52867000
CCF,MRY,2013-12-31,2013-08-31,2013-08-31,2018-04-09,-5163000,224360000,218163500,99975000,124385000,0.99,12.714,-2938000,29997000,29997000,146035000,16740000,3.086,0.979,64400000,5600000,58800000,64400000,0,10665000,0,0.013,0.4,27578000,38243000,0.177,38243000,27578000,26284000,1.9,1.87,1.9,112814000,104665500,112814000,316670922,11,8.28,25219000,2.846,1.0,70027000,0.324,69596000,1294000,156773000,163768500,32048000,8372000,0,8372000,110500000,32394000,78106000,269919922,14963000,-57000,74000,-5600000,-3626000,-9614000,-3580000,-48000,28157000,-146000,17214000,17214000,17214000,0,-474000,0.08,43236000,26791000,12416000,0.211,2.393,15.68,15.642,45192000,0,29.72,1.249,1.219,32084000,103734000,216062000,216062000,0,0.079,0.164,0.168,0.128,999000,43236000,1.0,9082097,8860972,8978438,24.384,154764000,2115000,9070000,11628000,17.441,67581000
CCF,MRY,2014-12-31,2014-08-31,2014-08-31,2018-04-09,-4250000,245545000,237009750,125853000,119692000,0.945,15.212,-4273000,53222000,53222000,145193000,26523000,3.487,0.791,58800000,7000000,51800000,58800000,0,10514000,0,0.013,0.45,41741000,52255000,0.233,52255000,41741000,40598000,2.92,2.86,2.92,136552000,128199750,136552000,341696619,8,6.539,24333000,2.718,1.0,78813000,0.352,65495000,1143000,149534000,154442500,31539000,8505000,0,8505000,108055000,36094000,71961000,324071619,22548000,9019000,66000,-5600000,-4093000,-10501000,4443000,3000,28606000,677000,26631000,26631000,26631000,0,-108000,0.119,42886000,35927000,15121000,0.154,2.373,12.169,12.158,44085000,0,35.5,1.447,1.419,36340000,126272000,224006000,224006000,0,0.112,0.208,0.27,0.186,-228000,42640000,1.0,9128778,8952026,9165666,25.023,180050000,2785000,13967000,8957000,20.058,89759000
CCF,MRY,2015-12-31,2015-08-31,2015-08-31,2018-04-09,-7986000,255642000,246849250,116046000,139596000,0.964,16.933,-2642000,43819000,43819000,149202000,26413000,3.093,0.656,51800000,8400000,43400000,51800000,0,12572000,0,0.015,0.6,42194000,54766000,0.23,54766000,42194000,41131000,2.87,2.82,2.87,154342000,144598500,154342000,387192099,9,7.07,38317000,4.217,1.0,88844000,0.373,88975000,1063000,137132000,146440250,29476000,1410000,0,1410000,101300000,37516000,63784000,363351099,-8252000,-32546000,391000,-7000000,-5477000,-13498000,-35713000,-308000,40959000,-1151000,26318000,26318000,26318000,0,95000,0.111,46555000,42289000,15599000,0.209,2.354,13.806,13.763,40921000,0,39.5,1.526,1.508,39488000,147113000,238046000,238046000,0,0.107,0.182,0.288,0.177,32000,46015000,1.0,9198762,9086043,9254054,26.199,166667000,390000,14813000,7951000,18.285,78530000
CCF,MRY,2016-12-31,2016-08-31,2016-08-31,2018-04-09,-15479000,262819000,258038750,138849000,123970000,0.923,18.925,-2046000,73411000,73411000,144438000,32807000,2.027,0.51,43400000,43400000,0,43400000,0,13442000,0,0.01,0.65,51164000,64606000,0.271,64606000,51164000,50110000,3.55,3.5,3.55,174089000,164547500,174089000,580308404,11,8.982,46787000,5.104,1.0,93656000,0.393,80156000,1054000,84138000,119539500,25814000,1637000,0,1637000,88730000,68514000,20216000,597155404,32922000,568000,124000,-8400000,-5999000,-15299000,-612000,-149000,48833000,-3330000,32807000,32807000,32807000,0,0,0.138,42492000,51164000,12352000,0.183,3.43,18.202,18.132,36742000,0,64.37,2.508,2.478,35292000,173921000,238094000,238094000,0,0.127,0.199,0.428,0.215,-451000,44574000,1.0,9276921,9167333,9294077,25.972,182663000,441000,17303000,4993000,19.857,70335000
CCF,MRY,2017-12-31,2017-08-31,2017-08-31,2018-04-09,-13469000,254738000,258958500,114135000,140603000,0.975,22.767,-3199000,47354000,47354000,146036000,42014000,4.175,0.208,0,0,0,0,0,14257000,0,0.007,0.7,61731000,75988000,0.301,75988000,61731000,60892000,4.49,4.44,4.49,210929000,192243500,210929000,841427375,13,11.073,48733000,5.269,1.0,106524000,0.422,97630000,839000,82414000,106323250,25618000,964000,0,964000,43809000,27340000,16469000,875557375,-25966000,-26355000,95000,-43400000,-6532000,-52796000,-25102000,897000,51932000,-91000,42014000,42014000,42014000,0,0,0.166,45653000,60871000,14455000,0.156,4.151,20.84,20.824,34760000,0,93.5,3.467,3.424,38051000,209403000,252560000,252560000,0,0.162,0.219,0.581,0.244,2212000,47736000,1.0,9364250,9249343,9357414,27.306,157108000,1614000,18878000,3590000,16.958,86795000
