ticker,dimension,calendardate,datekey,reportperiod,lastupdated,accoci,assets,assetsavg,assetsc,assetsnc,assetturnover,bvps,capex,cashneq,cashnequsd,cor,consolinc,currentratio,de,debt,debtc,debtnc,debtusd,deferredrev,depamor,deposits,divyield,dps,ebit,ebitda,ebitdamargin,ebitdausd,ebitusd,ebt,eps,epsdil,epsusd,equity,equityavg,equityusd,ev,evebit,evebitda,fcf,fcfps,fxusd,gp,grossmargin,intangibles,intexp,invcap,invcapavg,inventory,investments,investmentsc,investmentsnc,liabilities,liabilitiesc,liabilitiesnc,marketcap,ncf,ncfbus,ncfcommon,ncfdebt,ncfdiv,ncff,ncfi,ncfinv,ncfo,ncfx,netinc,netinccmn,netinccmnusd,netincdis,netincnci,netmargin,opex,opinc,payables,payoutratio,pb,pe,pe1,ppnenet,prefdivis,price,ps,ps1,receivables,retearn,revenue,revenueusd,rnd,roa,roe,roic,ros,sbcomp,sgna,sharefactor,sharesbas,shareswa,shareswadil,sps,tangibles,taxassets,taxexp,taxliabilities,tbvps,workingcapital
CCM,MRY,2011-12-31,2011-12-31,2011-12-31,2018-04-30,-17595000,2393446000,2528245000,733657000,1659789000,0.178,13.599,-257566000,221590000,35149895,159416000,-211352000,3.386,0.184,204761000,96061000,108700000,32480381,13115000,119895000,0,0.053,0.17,-162229000,-42334000,-0.094,-6715265,-25733707,-168683000,-4.535,-4.535,-0.719,1934500000,2069795500,306861645,84992104,-3,-12.657,-120464000,-0.847,6.304,290709000,0.646,129018000,6454000,2030927000,1768894500,1364000,320473000,200659000,119814000,355350000,216672000,138678000,153114035,-316705000,-20305000,-6911000,9148000,-55151000,41785000,-494867000,-163624000,137102000,-725000,-215003000,-215003000,-34105026,0,3651000,-0.478,452015000,-161306000,2170000,-0.236,0.499,-4.489,-4.49,1068703000,0,3.23,2.144,6.435,244189000,-599886000,450125000,71401446,0,-0.085,-0.104,-0.092,-0.36,9234000,118081000,0.333,142353532,142251454,142251454,0.502,2264428000,26455000,46320000,39786000,15.918,516985000
CCM,MRY,2012-12-31,2012-12-31,2012-12-31,2018-04-30,-16955000,3665220000,3029333000,853133000,2812087000,0.15,14.699,-280030000,359429000,57639347,164523000,134480000,0.993,0.652,877574000,576673000,300901000,140730972,18975000,148577000,0,0.0,0.0,197532000,346109000,0.76,55503303,31676953,185080000,2.853,2.853,0.458,2031586000,1983043000,325792553,193471451,6,3.486,-20515000,-0.148,6.236,291128000,0.639,439397000,12452000,2884435000,2457681000,8681000,591585000,189451000,402134000,1325310000,859533000,465777000,195777389,-143696000,-223403000,-43469000,658924000,0,255932000,-659290000,-155857000,259515000,147000,130831000,130831000,20980537,-7594000,3649000,0.287,105067000,186061000,133301000,0.0,0.601,9.331,9.027,1522920000,0,4.13,2.679,7.812,211507000,-469055000,455651000,73069859,0,0.043,0.066,0.08,0.434,9084000,115017000,0.333,142353532,138211177,138211177,0.529,3225823000,34703000,54249000,128083000,23.34,-6400000
CCM,MRY,2013-12-31,2013-12-31,2013-12-31,2018-04-30,-15283000,4093557000,3879388500,1300010000,2793547000,0.145,15.709,-142144000,705173000,116254394,217655000,91196000,1.107,0.782,1086248000,761274000,324974000,179078188,15668000,179644000,0,0.0,0.0,186615000,366259000,0.65,60381237,30765236,149731000,1.922,1.922,0.317,2121993000,2076789500,349830483,331022524,10,5.482,116889000,0.865,6.066,345469000,0.613,409728000,36884000,2890245000,2887340000,19717000,639104000,128814000,510290000,1659840000,1174659000,485181000,247242841,207651000,0,-6015000,215240000,0,77722000,-133540000,8604000,259033000,4436000,85893000,85893000,14160268,-10765000,5303000,0.153,188398000,157071000,179254000,0.0,0.707,17.46,17.295,1492573000,0,5.48,2.663,7.973,324174000,-383162000,563124000,92836282,0,0.022,0.041,0.065,0.331,8804000,189173000,0.333,135487408,135077172,135077172,0.687,3683829000,28373000,63838000,149671000,27.272,125351000
CCM,MRY,2014-12-31,2014-12-31,2014-12-31,2018-04-30,-18651000,2959332000,3526444500,1463682000,1495650000,0.172,13.35,-82071000,871010000,140622295,274562000,120272000,1.901,0.644,903840000,568361000,335479000,145922613,1038000,198069000,0,0.251,1.61,259029000,457098000,0.753,73797281,41819557,205559000,2.763,2.763,0.446,1800058000,1961025500,290614675,348910978,8,4.728,408310000,3.028,6.194,332321000,0.548,61243000,53470000,2161100000,2525672500,2986000,605807000,143853000,461954000,1159274000,769819000,389455000,287812127,195649000,280142000,0,-91554000,-453562000,-579144000,287055000,88984000,490381000,-2643000,124709000,124709000,20133943,-25476000,-4437000,0.205,150514000,181807000,1064000,3.609,0.99,14.295,14.37,749683000,0,6.41,2.937,8.821,265010000,-258025000,606883000,97979679,0,0.035,0.064,0.103,0.427,7349000,148672000,0.333,134836300,134836300,135180642,0.727,2898089000,20739000,80850000,107606000,21.493,693863000
CCM,MRY,2015-12-31,2015-12-31,2015-12-31,2018-04-30,-46574000,3593591000,3276461500,1501117000,2092474000,0.188,10.342,-180902000,1040475000,160286874,353336000,-79279000,0.996,1.552,1515533000,916780000,598753000,233470336,1522000,157251000,0,0.205,0.99,48935000,206186000,0.334,31763290,7538516,-4279000,-1.742,-1.742,-0.268,1391526000,1595792000,214366855,222633700,29,7.009,-356040000,-2.646,6.491,263149000,0.427,43453000,53214000,2517950000,2339525000,3897000,523046000,160988000,362058000,2159803000,1507246000,652557000,217318361,6758000,-171344000,-19723000,622173000,0,590398000,-391083000,-38837000,-175138000,-17419000,-78304000,-78304000,-12062859,0,-975000,-0.127,255876000,7273000,808000,-3.689,1.014,-18.015,-18.036,918815000,0,4.84,2.288,6.857,218254000,-336329000,616485000,94970522,0,-0.024,-0.049,0.021,0.079,8084000,245767000,0.333,134836300,134546772,134546772,0.706,3550138000,31516000,74025000,118020000,26.386,-6129000
CCM,MRY,2016-12-31,2016-12-31,2016-12-31,2018-04-30,-87968000,3228603000,3411097000,1194856000,2033747000,0.133,8.927,-106997000,708399000,102004233,286543000,-265084000,1.256,1.712,1109279000,645004000,464275000,159727997,0,127811000,0,0.0,0.0,-112054000,15757000,0.035,2268891,-16134949,-201381000,-6.006,-6.006,-0.865,1166178000,1278852000,167921034,277808091,-17,122.442,-185075000,-1.417,6.945,168499000,0.37,17188000,89327000,2661236000,2589593000,5923000,368498000,59060000,309438000,1996833000,951059000,1045774000,203499081,-295535000,39197000,-30402000,-464232000,-285829000,-131370000,-74847000,-4022000,-78078000,-11240000,-261867000,-261867000,-37706917,0,-3217000,-0.575,326553000,-158054000,2038000,0.0,1.212,-5.397,-5.313,775338000,0,4.595,3.106,9.161,189589000,-598196000,455042000,65522693,0,-0.077,-0.205,-0.043,-0.246,8400000,276001000,0.333,132994201,130631867,130631867,0.502,3211415000,0,60486000,73782000,24.584,243797000
CCM,MRY,2017-12-31,2017-12-31,2017-12-31,2018-04-30,-47418000,3465390000,3346996500,1111136000,2354254000,0.099,7.18,-209109000,662177000,100093264,232979000,-285684000,1.003,2.623,1157443000,709361000,448082000,174956617,0,89453000,0,0.0,0.0,-162572000,-73119000,-0.221,-11052512,-24574037,-252531000,-6.577,-6.577,-0.994,934049000,1050113500,141188856,202493815,-8,-18.321,-182377000,-1.402,6.616,97998000,0.296,7799000,89959000,2844686000,2752961000,6284000,827279000,18900000,808379000,2450472000,1108171000,1342301000,144257692,-91714000,-17528000,0,87052000,0,194405000,-313010000,-79668000,26732000,159000,-284320000,-284320000,-42977205,0,-1364000,-0.859,338401000,-240403000,355532000,0.0,1.022,-3.357,-3.35,793571000,0,3.33,2.883,8.659,131952000,-879393000,330977000,50029778,0,-0.085,-0.271,-0.059,-0.491,11641000,281254000,0.333,130091977,130091977,130091977,0.385,3457591000,0,31789000,79567000,26.578,2965000
