ticker,dimension,calendardate,datekey,reportperiod,lastupdated,accoci,assets,assetsavg,assetsc,assetsnc,assetturnover,bvps,capex,cashneq,cashnequsd,cor,consolinc,currentratio,de,debt,debtc,debtnc,debtusd,deferredrev,depamor,deposits,divyield,dps,ebit,ebitda,ebitdamargin,ebitdausd,ebitusd,ebt,eps,epsdil,epsusd,equity,equityavg,equityusd,ev,evebit,evebitda,fcf,fcfps,fxusd,gp,grossmargin,intangibles,intexp,invcap,invcapavg,inventory,investments,investmentsc,investmentsnc,liabilities,liabilitiesc,liabilitiesnc,marketcap,ncf,ncfbus,ncfcommon,ncfdebt,ncfdiv,ncff,ncfi,ncfinv,ncfo,ncfx,netinc,netinccmn,netinccmnusd,netincdis,netincnci,netmargin,opex,opinc,payables,payoutratio,pb,pe,pe1,ppnenet,prefdivis,price,ps,ps1,receivables,retearn,revenue,revenueusd,rnd,roa,roe,roic,ros,sbcomp,sgna,sharefactor,sharesbas,shareswa,shareswadil,sps,tangibles,taxassets,taxexp,taxliabilities,tbvps,workingcapital
CDNS,MRY,2011-12-31,2011-12-31,2011-12-31,2018-04-25,50953000,1761269000,1828068750,1063983000,697286000,0.629,1.545,-31421000,601602000,601602000,195156000,72229000,1.048,3.284,425981000,294061000,131920000,425981000,414360000,91648000,0,0.0,0.0,138451000,230099000,0.2,230099000,138451000,95426000,0.27,0.27,0.27,411130000,354187000,411130000,2705681064,19,11.759,208921000,0.792,1.0,954679000,0.83,365359000,43025000,204923000,476814750,43243000,3037000,3037000,0,1350139000,1015366000,334773000,2832270064,44193000,-44052000,19714000,-150000000,0,-144804000,-56497000,18976000,240342000,5152000,72229000,72229000,72229000,0,0,0.063,834302000,120377000,165791000,0.0,6.889,39.212,38.519,262517000,0,10.4,2.463,2.387,148143000,-1083245000,1149835000,1149835000,400745000,0.04,0.204,0.29,0.12,43588000,416661000,1.0,272333660,263892000,270816000,4.357,1395910000,0,23197000,0,5.245,48617000
CDNS,MRY,2012-12-31,2012-12-29,2012-12-29,2018-04-25,43950000,2287003000,1974901500,1391235000,895768000,0.672,3.352,-35966000,726357000,726357000,191123000,439948000,1.143,1.499,447011000,447011000,0,447011000,346316000,89217000,0,0.0,0.0,223013000,312230000,0.235,312230000,223013000,188271000,1.63,1.57,1.63,915171000,616581000,915171000,3555834947,15,11.389,280028000,1.035,1.0,1135301000,0.856,418204000,34742000,372183000,274354250,36163000,100704000,100704000,0,1371832000,1217270000,154562000,3763310947,124755000,-66432000,32687000,-1372000,0,15833000,-201240000,-98842000,315994000,-5832000,439948000,439948000,439948000,0,0,0.332,923629000,211672000,171318000,0.0,4.112,8.554,8.245,244439000,0,13.44,2.837,2.741,105380000,-649549000,1326424000,1326424000,454085000,0.223,0.714,0.813,0.168,47561000,454354000,1.0,280008255,270479000,280667000,4.904,1868799000,0,-251677000,0,6.846,173965000
CDNS,MRY,2013-12-31,2013-12-28,2013-12-28,2018-04-25,24311000,2428601000,2468085000,1221091000,1207510000,0.592,4.128,-44929000,536260000,536260000,200201000,164243000,1.063,1.101,324826000,324826000,0,324826000,352823000,98308000,0,0.0,0.0,196577000,294885000,0.202,294885000,196577000,158996000,0.59,0.56,0.59,1156105000,1078061000,1156105000,3901699826,19,13.231,322676000,1.162,1.0,1259915000,0.863,768598000,37581000,300359000,351211250,50220000,96788000,96788000,0,1272496000,1148210000,124286000,4008265826,-190097000,-392825000,42657000,-144639000,0,-116291000,-426895000,10859000,367605000,-14516000,164243000,164243000,164243000,0,0,0.112,1070908000,189007000,216594000,0.0,3.467,24.404,23.61,238715000,0,13.93,2.745,2.65,111296000,-485306000,1460116000,1460116000,534022000,0.067,0.152,0.56,0.135,66285000,499471000,1.0,287743419,277796000,294564000,5.256,1660003000,0,-5247000,0,5.927,72881000
CDNS,MRY,2014-12-31,2015-01-03,2015-01-03,2018-04-25,12347000,3209556000,2806387500,1851735000,1357821000,0.563,4.696,-39810000,932161000,932161000,223706000,158898000,1.329,1.407,691175000,342499000,348676000,691175000,356013000,115634000,0,0.0,0.0,215123000,330757000,0.209,330757000,215123000,181002000,0.56,0.52,0.56,1333574000,1273246750,1333574000,5349145600,24,16.172,276912000,0.977,1.0,1357226000,0.858,914699000,34121000,660780000,400619250,56394000,90445000,90445000,0,1875982000,1393091000,482891000,5511917600,395901000,-167121000,-34204000,342148000,0,288965000,-198015000,8916000,316722000,-11771000,158898000,158898000,158898000,0,0,0.101,1150582000,206644000,225375000,0.0,4.133,34.688,33.625,230112000,0,18.83,3.486,3.375,126136000,-326408000,1580932000,1580932000,603006000,0.057,0.125,0.537,0.136,83792000,513307000,1.0,292720000,283349000,306775000,5.579,2294857000,0,22104000,0,8.081,458644000
CDNS,MRY,2015-12-31,2016-01-02,2016-01-02,2018-04-25,-12425000,2345515000,2529968250,964235000,1381280000,0.673,4.627,-44808000,616686000,616686000,238453000,252417000,1.798,0.704,343288000,0,343288000,343288000,328494000,118165000,0,0.0,0.0,295907000,414072000,0.243,414072000,295907000,267596000,0.88,0.81,0.88,1376115000,1380270500,1376115000,5923560760,20,14.306,333392000,1.158,1.0,1463638000,0.86,848254000,28311000,687556000,685319500,56762000,94498000,94498000,0,969400000,536307000,433093000,6190891760,-315475000,0,-258251000,-349999000,0,-626310000,-44504000,304000,378200000,-22861000,252417000,252417000,252417000,0,0,0.148,1178208000,285430000,238022000,0.0,4.499,24.526,23.648,228599000,0,20.81,3.637,3.521,169346000,-73991000,1702091000,1702091000,637567000,0.1,0.183,0.432,0.174,92341000,512414000,1.0,297496000,288018000,312302000,5.91,1497261000,0,15179000,0,5.034,427928000
CDNS,MRY,2016-12-31,2016-12-31,2016-12-31,2018-04-25,-25160000,2096908000,2301973000,702034000,1394874000,0.789,2.721,-52789000,465232000,465232000,256492000,203086000,1.199,1.827,693493000,50000000,643493000,693493000,362835000,119588000,0,0.0,0.0,260823000,380411000,0.209,380411000,260823000,237153000,0.71,0.7,0.71,741770000,994502750,741770000,7399896300,28,19.452,392090000,1.378,1.0,1559591000,0.859,831578000,23670000,908029000,971408000,39475000,3057000,3057000,0,1355138000,585562000,769576000,7230952300,-151454000,-41627000,-904849000,349378000,0,-592697000,1357000,95773000,444879000,-4993000,203086000,203086000,203086000,0,0,0.112,1314690000,244901000,239496000,0.0,9.748,35.605,35.521,238607000,0,25.22,3.982,3.951,170120000,136902000,1816083000,1816083000,735340000,0.088,0.204,0.268,0.144,109217000,520300000,1.0,286715000,284502000,291256000,6.383,1265330000,0,34067000,0,4.642,116472000
CDNS,MRY,2017-12-31,2017-12-30,2017-12-30,2018-04-25,-3630000,2418714000,2295709500,979988000,1438726000,0.846,3.621,-57901000,688087000,688087000,237390000,204101000,1.526,1.445,729369000,85000000,644369000,729369000,397810000,115524000,0,0.0,0.0,340710000,456234000,0.235,456234000,340710000,315046000,0.75,0.73,0.75,989202000,948081750,989202000,11774157200,34,25.807,412839000,1.517,1.0,1705642000,0.878,944844000,25664000,872754000,921169500,33209000,4455000,4455000,0,1429512000,642398000,787114000,11808295200,222855000,-143249000,-51060000,38074000,0,-70147000,-191209000,9941000,470740000,13471000,204101000,204101000,204101000,0,0,0.105,1381687000,323955000,221101000,0.0,11.937,57.855,55.76,251342000,0,41.82,6.077,5.856,202665000,341003000,1943032000,1943032000,804223000,0.089,0.215,0.37,0.175,130023000,553342000,1.0,282360000,272097000,280221000,7.141,1473870000,0,110945000,0,5.395,337590000
