ticker,dimension,calendardate,datekey,reportperiod,lastupdated,accoci,assets,assetsavg,assetsc,assetsnc,assetturnover,bvps,capex,cashneq,cashnequsd,cor,consolinc,currentratio,de,debt,debtc,debtnc,debtusd,deferredrev,depamor,deposits,divyield,dps,ebit,ebitda,ebitdamargin,ebitdausd,ebitusd,ebt,eps,epsdil,epsusd,equity,equityavg,equityusd,ev,evebit,evebitda,fcf,fcfps,fxusd,gp,grossmargin,intangibles,intexp,invcap,invcapavg,inventory,investments,investmentsc,investmentsnc,liabilities,liabilitiesc,liabilitiesnc,marketcap,ncf,ncfbus,ncfcommon,ncfdebt,ncfdiv,ncff,ncfi,ncfinv,ncfo,ncfx,netinc,netinccmn,netinccmnusd,netincdis,netincnci,netmargin,opex,opinc,payables,payoutratio,pb,pe,pe1,ppnenet,prefdivis,price,ps,ps1,receivables,retearn,revenue,revenueusd,rnd,roa,roe,roic,ros,sbcomp,sgna,sharefactor,sharesbas,shareswa,shareswadil,sps,tangibles,taxassets,taxexp,taxliabilities,tbvps,workingcapital
CENT,MRY,2011-12-31,2011-09-24,2011-09-24,2018-05-09,1019000,1093003000,1158568000,602586000,490417000,1.406,8.79,-31563000,12031000,12031000,1134733000,28382000,3.14,1.393,435609000,279000,435330000,435609000,0,28566000,0,0.0,0.0,85962000,114528000,0.07,114528000,85962000,47918000,0.5,0.5,0.5,456776000,489997250,456776000,796779923,9,6.957,19445000,0.346,1.0,493919000,0.303,294749000,38044000,1029901000,1074627000,329546000,17820000,17820000,0,636221000,191931000,444290000,357548923,-79429000,-25307000,-107052000,33610000,0,-73997000,-56237000,633000,51008000,-203000,28323000,28323000,28323000,0,59000,0.017,408744000,85175000,116524000,0.0,0.783,12.624,13.38,176402000,0,6.69,0.22,0.231,195417000,59045000,1628652000,1628652000,0,0.024,0.058,0.08,0.053,6502000,408744000,1.0,53445280,56217000,56645000,28.971,798254000,0,19595000,8960000,15.362,410655000
CENT,MRY,2012-12-31,2012-09-29,2012-09-29,2018-05-09,1539000,1149547000,1169402000,651783000,497764000,1.454,9.716,-39592000,48475000,48475000,1185855000,22113000,3.157,1.476,449814000,331000,449483000,449814000,0,30425000,0,0.0,0.0,74304000,104729000,0.062,104729000,74304000,33989000,0.44,0.44,0.44,463937000,452623000,463937000,984756955,13,9.403,49577000,1.041,1.0,514158000,0.302,289076000,40315000,1055326000,1118858000,330032000,22705000,22705000,0,684664000,206484000,478180000,575578955,36444000,0,-22700000,12244000,0,-8575000,-44477000,-4885000,89169000,327000,21173000,21173000,21173000,0,940000,0.012,439737000,74421000,126662000,0.0,1.241,27.185,27.023,191163000,0,11.89,0.339,0.333,202422000,79718000,1700013000,1700013000,0,0.018,0.047,0.066,0.044,5629000,439737000,1.0,48408659,47622000,48374000,35.698,860471000,0,12816000,28697000,18.021,445299000
CENT,MRY,2013-12-31,2013-09-28,2013-09-28,2018-05-09,1442000,1161160000,1224612250,672654000,488506000,1.35,9.711,-25172000,15156000,15156000,1189731000,-900000,3.689,1.475,472587000,142000,472445000,472587000,0,32968000,0,0.0,0.0,38591000,71559000,0.043,71559000,38591000,-4521000,-0.04,-0.04,-0.04,468678000,470824000,468678000,835105282,21,11.67,-53454000,-1.111,1.0,463902000,0.281,285624000,43112000,1150638000,1218445750,391934000,17820000,17820000,0,691136000,182329000,508807000,345952282,-33319000,-4835000,-2118000,22668000,0,20309000,-25122000,4885000,-28282000,-224000,-1929000,-1929000,-1929000,0,1029000,-0.001,423747000,40155000,103569000,0.0,0.738,-179.343,-175.75,188913000,0,7.03,0.209,0.204,194260000,77592000,1653633000,1653633000,0,-0.002,-0.004,0.032,0.023,15504000,416038000,1.0,49210851,48094000,48094000,34.383,875536000,0,-2592000,36362000,18.14,490325000
CENT,MRY,2014-12-31,2014-09-27,2014-09-27,2018-05-09,1232000,1148727000,1191245000,671552000,477175000,1.347,9.827,-8436000,92959000,92959000,1150333000,9821000,3.88,1.366,450239000,291000,449948000,450239000,0,35781000,0,0.0,0.0,55693000,91474000,0.057,91474000,55693000,12849000,0.18,0.18,0.18,484723000,479500000,484723000,806265403,14,8.814,118031000,2.415,1.0,454024000,0.283,296230000,42844000,1036679000,1142399500,326386000,9990000,9990000,0,662274000,173098000,489176000,387821403,63520000,-20282000,-1167000,-26457000,0,-27759000,-35181000,-6463000,126467000,-7000,8804000,8804000,8804000,0,1017000,0.005,397811000,56213000,88428000,0.0,0.8,44.051,42.722,166849000,0,7.69,0.242,0.234,193729000,86396000,1604357000,1604357000,0,0.007,0.018,0.049,0.035,7180000,397811000,1.0,50431912,48880000,49397000,32.822,852497000,0,4045000,39228000,17.284,498454000
CENT,MRY,2015-12-31,2015-09-26,2015-09-26,2018-05-09,164000,1131597000,1185209500,653820000,477777000,1.393,10.457,-22030000,60741000,60741000,1162685000,33015000,3.696,1.237,396982000,291000,396691000,396982000,0,33703000,0,0.0,0.0,90533000,124236000,0.075,124236000,90533000,50506000,0.66,0.64,0.66,505286000,494891500,505286000,1160989128,12,9.345,65419000,1.347,1.0,488052000,0.296,284549000,40027000,1006385000,1052552250,335946000,0,0,0,625217000,176904000,448313000,817251128,-31092000,-38384000,-18297000,-50547000,0,-68370000,-49854000,11106000,87449000,-317000,31971000,31971000,31971000,0,1044000,0.019,396617000,91435000,88889000,0.0,1.617,25.562,24.833,162809000,0,16.39,0.495,0.482,207402000,115987000,1650737000,1650737000,0,0.027,0.065,0.086,0.055,6161000,389345000,1.0,49862790,48562000,49638000,33.992,847048000,0,18535000,51622000,17.529,476916000
CENT,MRY,2016-12-31,2016-09-24,2016-09-24,2018-05-09,-1294000,1180683000,1232974500,683296000,497387000,1.483,11.183,-27622000,103892000,103892000,1275967000,45585000,3.379,1.132,395269000,463000,394806000,395269000,0,40001000,0,0.0,0.0,111414000,151415000,0.083,151415000,111414000,68567000,0.91,0.87,0.91,553014000,534805000,553014000,1633970775,14,10.791,123804000,2.528,1.0,553050000,0.302,327250000,42847000,942591000,1092149500,362004000,0,0,0,626096000,202219000,423877000,1290866775,45398000,-69001000,-10549000,-7867000,0,-14165000,-91195000,2247000,151426000,-668000,44514000,44514000,44514000,0,1071000,0.024,423692000,129358000,102413000,0.0,2.334,28.999,27.879,158224000,0,25.37,0.706,0.679,201151000,160501000,1829017000,1829017000,0,0.036,0.083,0.102,0.061,1487000,421864000,1.0,50881623,48964000,51075000,37.354,853433000,0,24053000,29071000,17.257,481077000
CENT,MRY,2017-12-31,2017-09-30,2017-09-30,2018-05-09,-951000,1306906000,1310967750,683056000,623850000,1.567,12.546,-44659000,45042000,45042000,1421670000,79730000,3.102,1.054,395653000,375000,395278000,395653000,0,42719000,0,0.0,0.0,153736000,196455000,0.096,196455000,153736000,125527000,1.57,1.52,1.57,635686000,603812500,635686000,2420904677,15,12.323,69650000,1.387,1.0,632808000,0.308,372342000,28209000,1064968000,1152705250,382101000,0,0,0,669764000,220207000,449557000,2010927677,-60585000,-109880000,-27556000,-463000,0,-10392000,-164577000,-14230000,114309000,75000,78828000,78828000,78828000,0,902000,0.038,476696000,156112000,103283000,0.0,3.163,25.51,24.739,180913000,0,38.84,0.979,0.95,237868000,239329000,2054478000,2054478000,0,0.06,0.131,0.133,0.075,-8831000,476696000,1.0,51774657,50230000,51820000,40.901,934564000,0,46699000,54279000,18.445,462849000
