ticker,dimension,calendardate,datekey,reportperiod,lastupdated,accoci,assets,assetsavg,assetsc,assetsnc,assetturnover,bvps,capex,cashneq,cashnequsd,cor,consolinc,currentratio,de,debt,debtc,debtnc,debtusd,deferredrev,depamor,deposits,divyield,dps,ebit,ebitda,ebitdamargin,ebitdausd,ebitusd,ebt,eps,epsdil,epsusd,equity,equityavg,equityusd,ev,evebit,evebitda,fcf,fcfps,fxusd,gp,grossmargin,intangibles,intexp,invcap,invcapavg,inventory,investments,investmentsc,investmentsnc,liabilities,liabilitiesc,liabilitiesnc,marketcap,ncf,ncfbus,ncfcommon,ncfdebt,ncfdiv,ncff,ncfi,ncfinv,ncfo,ncfx,netinc,netinccmn,netinccmnusd,netincdis,netincnci,netmargin,opex,opinc,payables,payoutratio,pb,pe,pe1,ppnenet,prefdivis,price,ps,ps1,receivables,retearn,revenue,revenueusd,rnd,roa,roe,roic,ros,sbcomp,sgna,sharefactor,sharesbas,shareswa,shareswadil,sps,tangibles,taxassets,taxexp,taxliabilities,tbvps,workingcapital
CGA,MRY,2011-12-31,2011-06-30,2011-06-30,2018-05-15,10903756,223370987,213190530,118881464,104489523,0.843,7.402,-26246163,65606413,65606413,116097931,32914101,3.774,0.164,4099550,4099550,0,4099550,11059313,5748258,0,0.0,0.0,42418157,48166415,0.268,48166415,42418157,41951245,1.27,1.27,1.27,191873241,168048493,191873241,73089917,1,1.517,7401306,0.285,1.0,63620035,0.354,33465874,466912,96900504,82513372,23732404,0,0,0,31497746,31497746,0,133692377,3270976,-6720539,0,0,0,0,-32966702,0,33647469,2590209,32914101,32914101,32914101,0,0,0.183,21508604,42111431,6051665,0.0,0.697,4.062,3.921,70873480,0,4.98,0.744,0.719,29005521,72287436,179717966,179717966,0,0.154,0.196,0.514,0.236,0,21508604,1.0,26845859,25929517,25929517,6.931,189905113,0,9037144,7004865,7.326,87383718
CGA,MRY,2012-12-31,2012-06-30,2012-06-30,2018-05-15,15780507,288031053,273825149,175089323,112941730,0.794,8.967,-11883947,71978630,71978630,138248972,41957825,3.825,0.189,13931280,13931280,0,13931280,2625014,5992866,0,0.0,0.0,54349758,60342624,0.277,60342624,54349758,52759138,1.56,1.56,1.56,242256654,222732833,242256654,42304175,0,0.701,-5483549,-0.204,1.0,79275233,0.364,32694450,1590620,151514854,133233351,28602684,0,0,0,45774399,45774399,0,96158166,6372217,0,300001,9978375,0,10278376,-11883947,0,6400398,1577390,41957825,41957825,41957825,0,0,0.193,25350223,53925010,7252467,0.0,0.397,2.292,2.282,80065161,0,3.56,0.442,0.441,74208483,109142824,217524205,217524205,0,0.153,0.188,0.408,0.25,0,25350223,1.0,27010721,26943530,26943530,8.073,255336603,0,10801313,17675389,9.452,129314924
CGA,MRY,2013-12-31,2013-06-30,2013-06-30,2018-05-15,21813410,348728342,323107437,227164937,121563405,0.671,10.58,-32449255,75031489,75031489,137514102,44774048,4.379,0.175,16099100,16099100,0,16099100,0,14764046,1433661,0.0,0.0,56309193,71073239,0.328,71073239,56309193,54958036,1.61,1.61,1.61,296853292,271972294,296853292,18416960,0,0.259,-358428,-0.013,1.0,79383854,0.366,31792772,1351157,206128131,180108877,34511167,0,0,0,51875050,51875050,0,79093505,3052859,0,0,1839915,0,1839915,-32449255,0,32090827,1571372,44774048,44774048,44774048,0,0,0.206,23998392,55385462,4679346,0.0,0.266,1.767,1.758,50660989,0,2.83,0.365,0.362,105547648,148925125,216897956,216897956,0,0.139,0.165,0.313,0.26,0,23998392,1.0,27948235,27775964,27775964,7.809,316935570,0,10183988,25728759,11.296,175289887
CGA,MRY,2014-12-31,2014-06-30,2014-06-30,2018-05-15,22840491,393110210,378046237,228212666,164897544,0.617,10.373,-73664165,26890321,26890321,142203315,25514695,3.737,0.184,24002720,24002720,0,24002720,0,33261249,25700586,0.0,0.0,34956470,68217719,0.292,68217719,34956470,33575641,0.81,0.81,0.81,332039792,322133878,332039792,74994192,2,1.099,-57051813,-1.817,1.0,91198773,0.391,30429129,1380829,298723062,285921026,75486898,0,0,0,61070418,61070418,0,70024611,-48141168,0,0,8513240,0,8513240,-73664165,0,16612352,397405,25514695,25514695,25514695,0,0,0.109,55881113,35317660,5136584,0.0,0.211,2.744,2.716,48061611,0,2.2,0.3,0.296,127983376,172021331,233402088,233402088,0,0.067,0.079,0.122,0.15,0,50719298,1.0,31829369,31403001,31403001,7.432,362681081,0,8060946,1921455,11.331,167142248
CGA,MRY,2015-12-31,2015-06-30,2015-06-30,2018-05-15,25708238,429582618,428134090,304184346,125398272,0.615,10.499,-9685678,92982564,92982564,159398386,31445126,5.371,0.152,23605540,23605540,0,23605540,0,47709523,19129853,0.047,0.1,42074580,89784103,0.341,89784103,42074580,40361941,0.93,0.93,0.93,372949474,355848287,372949474,21040048,0,0.234,57849239,1.702,1.0,103955902,0.395,29051389,1712639,274521061,282153637,101302947,0,0,0,56633144,56633144,0,74387819,66092243,0,3573593,-286040,-2161904,1125649,-3094544,0,67534917,526221,31445126,31445126,31445126,0,0,0.119,62242978,41712924,4440232,0.108,0.199,2.366,2.28,44634194,0,2.12,0.282,0.274,109439435,198814259,263354288,263354288,0,0.073,0.088,0.149,0.16,0,62242978,1.0,35088594,33983698,33983698,7.749,400531229,0,8916815,4504542,11.276,247551202
CGA,MRY,2016-12-31,2016-06-30,2016-06-30,2018-05-15,-5696388,416506638,422803764,333305345,83201293,0.636,10.017,-19192,102896486,102896486,175755689,24704193,8.47,0.124,11337269,4665500,6671769,11337269,0,40311189,6320841,0.0,0.0,33072119,73383308,0.273,73383308,33072119,32076160,0.67,0.67,0.67,370484332,369131206,370484332,-36480512,-1,-0.497,34339463,0.936,1.0,93029331,0.346,31820886,995959,253775998,259829087,87436315,0,0,0,46022306,39350537,6671769,49181544,9913922,708737,0,-17102600,0,-17102600,689545,0,34358655,-8031678,24704193,24704193,24704193,0,0,0.092,60437412,32591919,7719157,0.0,0.133,1.991,1.985,37569739,0,1.33,0.183,0.182,141661835,221345279,268785020,268785020,0,0.058,0.067,0.127,0.123,0,60437412,1.0,36978605,36703576,36703576,7.323,384685752,0,7371967,4104218,10.401,293954808
CGA,MRY,2017-12-31,2017-06-30,2017-06-30,2018-05-15,-5127444,455681630,424769601,370954462,84727168,0.671,10.313,-253156,123050548,123050548,201440955,25152154,7.461,0.146,16113572,7678111,8435461,16113572,0,17408120,7046570,0.0,0.0,32213684,49621804,0.174,49621804,32213684,31664034,0.66,0.66,0.66,397528052,380441110,397528052,-54777817,-1,-1.104,21460808,0.563,1.0,83772085,0.294,31563114,549650,267463424,252026761,78013891,0,0,0,58153577,49718116,8435461,49345619,20154063,-5560350,0,3393065,0,3393065,-5813506,0,21713964,860540,25152154,25152154,25152154,0,0,0.088,51794314,31977771,22714999,0.0,0.124,1.962,1.939,34191332,0,1.28,0.173,0.171,165688241,244738993,285213040,285213040,0,0.059,0.066,0.128,0.113,0,51794314,1.0,38551265,38093028,38093028,7.487,424118516,0,6511880,2690407,11.003,321236346
