ticker,dimension,calendardate,datekey,reportperiod,lastupdated,accoci,assets,assetsavg,assetsc,assetsnc,assetturnover,bvps,capex,cashneq,cashnequsd,cor,consolinc,currentratio,de,debt,debtc,debtnc,debtusd,deferredrev,depamor,deposits,divyield,dps,ebit,ebitda,ebitdamargin,ebitdausd,ebitusd,ebt,eps,epsdil,epsusd,equity,equityavg,equityusd,ev,evebit,evebitda,fcf,fcfps,fxusd,gp,grossmargin,intangibles,intexp,invcap,invcapavg,inventory,investments,investmentsc,investmentsnc,liabilities,liabilitiesc,liabilitiesnc,marketcap,ncf,ncfbus,ncfcommon,ncfdebt,ncfdiv,ncff,ncfi,ncfinv,ncfo,ncfx,netinc,netinccmn,netinccmnusd,netincdis,netincnci,netmargin,opex,opinc,payables,payoutratio,pb,pe,pe1,ppnenet,prefdivis,price,ps,ps1,receivables,retearn,revenue,revenueusd,rnd,roa,roe,roic,ros,sbcomp,sgna,sharefactor,sharesbas,shareswa,shareswadil,sps,tangibles,taxassets,taxexp,taxliabilities,tbvps,workingcapital
CHA,MRY,2011-12-31,2011-12-31,2011-12-31,2018-04-28,0,419151000000,419863000000,59581000000,359570000000,0.584,3.165,-45270000000,29176000000,4628066871,0,16590000000,0.468,0.633,52103000000,20953000000,31150000000,8264881005,4805000000,51241000000,0,0.019,1.09,24260000000,75501000000,0.308,11976407899,3848262349,22006000000,20.0,,3.173,256122000000,250893500000,40627561807,53290482530,13,4.45,27755000000,0.343,6.304,245149000000,1.0,37633000000,2254000000,277183000000,288361000000,4843000000,1633000000,0,1633000000,162241000000,127262000000,34979000000,46236662021,1656000000,-11000000,0,-21453000000,-6174000000,-27723000000,-43646000000,1208000000,73025000000,-103000000,16590000000,16590000000,2631602323,0,0,0.068,221028000000,24121000000,44359000000,0.344,1.138,17.57,18.008,287352000000,0,57.13,1.189,118.9,18471000000,175190000000,245149000000,38886960703,0,0.04,0.066,0.084,0.099,0,87969000000,0.01,80932368321,80932000000,,0.48,381518000000,5495000000,5416000000,1599000000,4.714,-67681000000
CHA,MRY,2012-12-31,2012-12-31,2012-12-31,2018-04-28,0,545291000000,482221000000,65375000000,479916000000,0.587,3.276,-47375000000,32829000000,5264578379,0,15064000000,0.338,1.053,99808000000,16735000000,83073000000,16005575523,3445000000,49666000000,0,0.019,1.095,21379000000,71045000000,0.251,11393035759,3428414547,19817000000,18.0,,2.887,265139000000,260630500000,42518658712,49660246565,14,4.359,23347000000,0.288,6.236,283176000000,1.0,39132000000,1562000000,379528000000,328355500000,5928000000,1632000000,0,1632000000,279191000000,193610000000,85581000000,46010051390,2625000000,-116000000,0,-14431000000,-5625000000,-19802000000,-48295000000,-926000000,70722000000,-1000000,15064000000,15064000000,2415718075,0,0,0.053,261968000000,21208000000,68948000000,0.379,1.082,19.046,19.695,406281000000,0,56.85,1.013,101.318,18782000000,184207000000,283176000000,45411137929,0,0.031,0.058,0.065,0.075,0,105956000000,0.01,80932368321,80932000000,,0.561,506159000000,4427000000,4753000000,1209000000,6.254,-128235000000
CHA,MRY,2013-12-31,2013-12-31,2013-12-31,2018-04-28,0,543239000000,544265000000,52783000000,490456000000,0.591,3.432,-69383000000,18357000000,3026323923,0,17666000000,0.264,0.953,110377000000,47760000000,62617000000,18196685501,2431000000,69083000000,0,0.022,1.095,28241000000,97324000000,0.303,16044775811,4655794189,23088000000,22.0,,3.627,277741000000,271440000000,45788213377,51794655538,11,3.228,18968000000,0.234,6.066,321584000000,1.0,37962000000,5153000000,397199000000,388363500000,6523000000,2132000000,0,2132000000,264575000000,200098000000,64477000000,40927498659,-13960000000,-39257000000,0,10928000000,-5433000000,5637000000,-107948000000,443000000,88351000000,-69000000,17666000000,17666000000,2912406081,0,0,0.055,294116000000,27468000000,81132000000,0.302,0.894,14.053,13.943,418498000000,0,50.57,0.772,77.198,20022000000,196809000000,321584000000,53016143856,0,0.032,0.065,0.073,0.088,0,117171000000,0.01,80932368321,80932000000,,0.655,505277000000,3239000000,5422000000,1002000000,6.243,-147315000000
CHA,MRY,2014-12-31,2014-12-31,2014-12-31,2018-04-28,0,561274000000,552256500000,59543000000,501731000000,0.587,3.573,-79563000000,21815000000,3521974927,0,17759000000,0.289,0.938,106552000000,44058000000,62494000000,17202542861,1858000000,67664000000,0,0.021,1.225,28548000000,96212000000,0.297,15533176793,4609000240,23257000000,22.0,,3.552,289183000000,283462000000,46687842107,62270171026,13,4.009,16842000000,0.208,6.194,324394000000,1.0,38901000000,5291000000,400785000000,398992000000,4225000000,5078000000,0,5078000000,271166000000,206325000000,64841000000,47515393441,4370000000,0,0,-3798000000,-6198000000,-10327000000,-81708000000,-2082000000,96405000000,-4000000,17759000000,17759000000,2867144292,0,0,0.055,295886000000,28508000000,88458000000,0.345,1.018,16.572,16.529,426057000000,0,58.71,0.907,90.725,21562000000,208251000000,324394000000,52372566342,0,0.032,0.063,0.072,0.088,0,113372000000,0.01,80932368321,80932000000,,0.647,522373000000,4592000000,5498000000,1432000000,6.454,-146782000000
CHA,MRY,2015-12-31,2015-12-31,2015-12-31,2018-04-28,0,629561000000,595417500000,78108000000,551453000000,0.557,3.754,-101148000000,34388000000,5297527625,0,20146000000,0.305,1.069,116669000000,51758000000,64911000000,17973050207,2482000000,67942000000,0,0.028,1.283,30971000000,98913000000,0.298,15237709375,4771133188,26698000000,25.0,,3.851,303784000000,296483500000,46798421895,51335925288,10,3.369,7607000000,0.094,6.491,331517000000,1.0,40659000000,4273000000,415254000000,408019500000,6281000000,36097000000,0,36097000000,324810000000,255929000000,68881000000,37593085085,11309000000,0,0,10999000000,-6160000000,4809000000,-102255000000,-1041000000,108755000000,124000000,20146000000,20146000000,3103524239,0,0,0.061,305070000000,26447000000,118055000000,0.333,0.803,12.113,12.061,443084000000,0,46.45,0.736,73.61,21105000000,222852000000,331517000000,51070735889,0,0.034,0.068,0.076,0.093,0,107066000000,0.01,80932368321,80932000000,,0.631,588902000000,4760000000,6552000000,4215000000,7.277,-177821000000
CHA,MRY,2016-12-31,2016-12-31,2016-12-31,2018-04-28,0,652558000000,641059500000,74134000000,578424000000,0.55,3.897,-95118000000,27948000000,4024305955,0,18123000000,0.232,1.066,112528000000,103108000000,9420000000,16203202396,3558000000,74951000000,0,0.027,1.223,27351000000,102302000000,0.29,14730733786,3938342356,24116000000,22.0,,3.168,315377000000,309580500000,45411962907,50035305003,12,3.397,6017000000,0.074,6.945,352534000000,1.0,41167000000,3235000000,376838000000,396046000000,5106000000,36107000000,0,36107000000,336210000000,319133000000,17077000000,37334101506,-7463000000,-50000000,0,-2979000000,-6489000000,-9555000000,-99043000000,-3786000000,101135000000,211000000,18123000000,18123000000,2609578389,0,0,0.051,325314000000,27220000000,122493000000,0.386,0.822,14.307,14.562,470057000000,0,46.13,0.735,73.547,21465000000,234445000000,352534000000,50762296970,0,0.028,0.059,0.069,0.078,0,110930000000,0.01,80932368321,80932000000,,0.627,611391000000,5111000000,5993000000,5876000000,7.554,-244999000000
CHA,MRY,2017-12-31,2017-12-31,2017-12-31,2018-04-28,0,661194000000,656876000000,71550000000,589644000000,0.558,4.026,-85268000000,22510000000,3402563637,0,18761000000,0.26,1.026,104377000000,55755000000,48622000000,15777404921,3061000000,0,0,0.026,1.216,28244000000,28244000000,0.077,4269302859,4269302859,24953000000,23.0,,3.477,325867000000,320622000000,49257361388,50705592060,11,11.877,11234000000,0.139,6.616,366229000000,1.0,42311000000,3291000000,425342000000,401090000000,4123000000,36880000000,0,36880000000,334497000000,275408000000,59089000000,38418595242,-4908000000,184000000,0,53213000000,-7530000000,-16147000000,-85263000000,-162000000,96502000000,-299000000,18761000000,18761000000,2835872785,0,0,0.051,339009000000,27220000000,119321000000,0.35,0.78,13.547,13.654,479363000000,0,47.47,0.694,69.399,22096000000,244935000000,366229000000,55358395308,0,0.029,0.059,0.07,0.077,0,114477000000,0.01,80932368321,80932000000,,0.684,618883000000,6172000000,6192000000,8414000000,7.647,-203858000000
