ticker,dimension,calendardate,datekey,reportperiod,lastupdated,accoci,assets,assetsavg,assetsc,assetsnc,assetturnover,bvps,capex,cashneq,cashnequsd,cor,consolinc,currentratio,de,debt,debtc,debtnc,debtusd,deferredrev,depamor,deposits,divyield,dps,ebit,ebitda,ebitdamargin,ebitdausd,ebitusd,ebt,eps,epsdil,epsusd,equity,equityavg,equityusd,ev,evebit,evebitda,fcf,fcfps,fxusd,gp,grossmargin,intangibles,intexp,invcap,invcapavg,inventory,investments,investmentsc,investmentsnc,liabilities,liabilitiesc,liabilitiesnc,marketcap,ncf,ncfbus,ncfcommon,ncfdebt,ncfdiv,ncff,ncfi,ncfinv,ncfo,ncfx,netinc,netinccmn,netinccmnusd,netincdis,netincnci,netmargin,opex,opinc,payables,payoutratio,pb,pe,pe1,ppnenet,prefdivis,price,ps,ps1,receivables,retearn,revenue,revenueusd,rnd,roa,roe,roic,ros,sbcomp,sgna,sharefactor,sharesbas,shareswa,shareswadil,sps,tangibles,taxassets,taxexp,taxliabilities,tbvps,workingcapital
CHE,MRY,2011-12-31,2011-12-31,2011-12-31,2018-04-28,0,795905000,821075500,150753000,645152000,1.651,21.446,-29592000,38081000,38081000,970484000,85979000,1.037,0.924,166784000,0,166784000,166784000,0,29499000,0,0.012,0.6,154444000,183943000,0.136,183943000,154444000,140556000,4.19,4.1,4.19,413684000,448305750,413684000,1161630461,7,6.315,144751000,7.053,1.0,385486000,0.284,518895000,13888000,260313000,281275500,8668000,31629000,0,31629000,382221000,145400000,236821000,1018131461,-11836000,-3664000,-143970000,-3483000,-12538000,-152065000,-34114000,0,174343000,0,85979000,85979000,85979000,0,0,0.063,231759000,153727000,48225000,0.143,2.461,11.842,12.222,82951000,0,51.21,0.751,0.775,77924000,546757000,1355970000,1355970000,0,0.105,0.192,0.549,0.114,7117000,202260000,1.0,19881497,20523000,20945000,66.071,277010000,14671000,54577000,29553000,14.36,5353000
CHE,MRY,2012-12-31,2012-12-31,2012-12-31,2018-04-28,0,859626000,846756000,197671000,661955000,1.689,24.156,-35252000,69531000,69531000,1033321000,89304000,1.26,0.896,174890000,0,174890000,174890000,0,30521000,0,0.01,0.68,160542000,191063000,0.134,191063000,160542000,145819000,4.72,4.62,4.72,453291000,452454500,453291000,1426539456,8,7.466,96516000,5.1,1.0,396722000,0.277,523009000,14723000,285154000,288494000,7058000,36089000,0,36089000,406335000,156822000,249513000,1323023456,31450000,-5900000,-60624000,1924000,-13026000,-59634000,-40684000,0,131768000,0,89304000,89304000,89304000,0,0,0.062,240303000,156419000,48472000,0.144,2.919,14.815,14.532,91934000,0,68.59,0.925,0.908,93333000,623035000,1430043000,1430043000,0,0.105,0.197,0.556,0.112,5055000,208656000,1.0,19288868,18924000,19339000,75.568,336617000,16302000,56515000,32600000,17.939,40849000
CHE,MRY,2013-12-31,2013-12-31,2013-12-31,2018-04-28,0,893701000,893382000,224656000,669045000,1.582,25.668,-29324000,84418000,84418000,1008808000,77227000,0.617,0.991,183564000,183564000,0,183564000,0,29342000,0,0.01,0.76,138864000,168206000,0.119,168206000,138864000,123829000,4.24,4.16,4.24,448890000,460023250,448890000,1449266565,10,8.616,121523000,6.677,1.0,404521000,0.286,523427000,15035000,105434000,151990500,6703000,42465000,0,42465000,444811000,363986000,80825000,1351130565,14887000,-2257000,-92911000,-12523000,-14148000,-104614000,-31346000,0,150847000,0,77227000,77227000,77227000,0,0,0.055,271127000,133394000,41758000,0.179,3.01,17.496,18.071,92955000,0,76.62,0.956,0.987,91770000,686114000,1413329000,1413329000,0,0.086,0.168,0.914,0.098,6887000,215564000,1.0,17634176,18199000,18585000,77.66,370274000,23947000,46602000,27412000,21.173,-139330000
CHE,MRY,2014-12-31,2014-12-31,2014-12-31,2018-04-28,0,859932000,859913750,174564000,685368000,1.694,26.753,-43571000,14132000,14132000,1034673000,99317000,0.994,0.905,147500000,6250000,141250000,147500000,0,30601000,0,0.008,0.84,170940000,201541000,0.138,201541000,170940000,162754000,5.79,5.57,5.79,451356000,443551000,451356000,1952483730,11,9.688,66708000,3.886,1.0,421609000,0.29,522749000,8186000,294997000,261742000,6168000,49147000,0,49147000,408576000,175554000,233022000,1797495730,-70286000,-250000,-110019000,-30656000,-14255000,-137038000,-43527000,0,110279000,0,99317000,99317000,99317000,0,0,0.068,253190000,168419000,46849000,0.145,3.982,18.099,18.25,105336000,0,105.67,1.234,1.246,124607000,771176000,1456282000,1456282000,0,0.115,0.224,0.653,0.117,4670000,222589000,1.0,17010464,17165000,17840000,84.84,337183000,18201000,63437000,35763000,19.986,-990000
CHE,MRY,2015-12-31,2015-12-31,2015-12-31,2018-04-28,0,852325000,882730750,150808000,701517000,1.748,30.516,-44135000,14727000,14727000,1087610000,110274000,0.88,0.661,91250000,7500000,83750000,91250000,0,33499000,0,0.006,0.92,183771000,217270000,0.141,217270000,183771000,180126000,6.54,6.33,6.54,513253000,489042250,513253000,2628171220,14,12.096,127365000,7.55,1.0,455778000,0.295,527433000,3645000,230079000,292268500,6314000,49481000,0,49481000,339072000,171336000,167736000,2528496220,595000,-6614000,-59323000,-57427000,-15605000,-120588000,-50317000,0,171500000,0,110274000,110274000,110274000,0,0,0.071,271320000,184458000,43695000,0.141,4.926,22.929,22.905,117370000,0,149.8,1.638,1.637,106262000,865845000,1543388000,1543388000,0,0.125,0.225,0.629,0.119,154000,237821000,1.0,16879147,16870000,17422000,91.487,324892000,10653000,69852000,21041000,19.317,-20528000
CHE,MRY,2016-12-31,2016-12-31,2016-12-31,2018-04-28,0,880059000,864602250,169900000,710159000,1.824,32.346,-39772000,15310000,15310000,1115431000,108743000,0.989,0.679,108750000,8750000,100000000,108750000,0,34638000,0,0.006,1.0,180769000,215407000,0.137,215407000,180769000,177054000,6.64,6.48,6.64,524099000,489426000,524099000,2691820130,14,12.496,95621000,5.837,1.0,461450000,0.293,527431000,3715000,274236000,273196750,5755000,54389000,0,54389000,355960000,171832000,184128000,2602480130,583000,0,-102313000,16764000,-16439000,-94948000,-39862000,0,135393000,0,108743000,108743000,108743000,0,0,0.069,282701000,178749000,39586000,0.151,4.966,23.932,24.158,121302000,0,160.41,1.65,1.667,132021000,958149000,1576881000,1576881000,0,0.126,0.222,0.662,0.115,4291000,243572000,1.0,16223927,16383000,16789000,96.251,352628000,3709000,68311000,14291000,21.763,-1932000
CHE,MRY,2017-12-31,2017-12-31,2017-12-31,2018-04-28,0,920026000,902997500,176046000,743980000,1.846,33.722,-64300000,11121000,11121000,1150532000,98177000,0.91,0.703,101200000,10000000,91200000,101200000,0,35625000,0,0.004,1.08,121189000,156814000,0.094,156814000,121189000,116917000,6.11,5.86,6.11,540354000,492945750,540354000,3943687049,32,25.149,98195000,6.115,1.0,516192000,0.31,531752000,4272000,284831000,241580500,5334000,62067000,0,62067000,379672000,193522000,186150000,3880058049,-4189000,-4725000,-94640000,-850000,-17371000,-99076000,-67608000,0,162495000,0,98177000,98177000,98177000,0,0,0.059,403157000,113035000,48372000,0.177,7.181,39.521,39.774,143034000,0,243.02,2.328,2.341,113651000,1038955000,1666724000,1666724000,0,0.109,0.199,0.502,0.073,15490000,276652000,1.0,15966003,16057000,16742000,103.8,388274000,29848000,18740000,16640000,24.231,-17476000
