ticker,dimension,calendardate,datekey,reportperiod,lastupdated,accoci,assets,assetsavg,assetsc,assetsnc,assetturnover,bvps,capex,cashneq,cashnequsd,cor,consolinc,currentratio,de,debt,debtc,debtnc,debtusd,deferredrev,depamor,deposits,divyield,dps,ebit,ebitda,ebitdamargin,ebitdausd,ebitusd,ebt,eps,epsdil,epsusd,equity,equityavg,equityusd,ev,evebit,evebitda,fcf,fcfps,fxusd,gp,grossmargin,intangibles,intexp,invcap,invcapavg,inventory,investments,investmentsc,investmentsnc,liabilities,liabilitiesc,liabilitiesnc,marketcap,ncf,ncfbus,ncfcommon,ncfdebt,ncfdiv,ncff,ncfi,ncfinv,ncfo,ncfx,netinc,netinccmn,netinccmnusd,netincdis,netincnci,netmargin,opex,opinc,payables,payoutratio,pb,pe,pe1,ppnenet,prefdivis,price,ps,ps1,receivables,retearn,revenue,revenueusd,rnd,roa,roe,roic,ros,sbcomp,sgna,sharefactor,sharesbas,shareswa,shareswadil,sps,tangibles,taxassets,taxexp,taxliabilities,tbvps,workingcapital
CHFN,MRY,2011-12-31,2011-09-30,2011-09-30,2018-05-14,-1971458,1171710250,1045674163,,,0.035,7.041,-426980,149761646,149761646,0,2305352,,7.404,110462882,,,110462882,0,1335515,911093806,0.021,0.2,2999744,4335259,0.117,4335259,2999744,2999744,0.12,0.12,0.12,139415700,137565233,139415700,220288250,73,50.813,-592462,-0.03,1.0,36949811,1.0,6152744,0,1126258742,1049931100,0,950189826,,,1032294550,,,175146746,-85876936,49326291,0,-103283469,-1940899,-261979727,176268273,127368962,-165482,0,2305352,2305352,2305352,0,0,0.062,33140509,3809302,0,1.667,1.256,75.974,78.167,21765298,0,9.38,4.74,5.026,3690433,107962533,36949811,36949811,0,0.002,0.017,0.003,0.081,321759,27750619,1.0,18672361,19799405,19845936,1.866,1165557506,4557858,694392,0,58.868,
CHFN,MRY,2012-12-31,2012-09-30,2012-09-30,2018-05-14,203380,1032220096,1067304382,,,0.043,7.343,-2606779,108828220,108828220,0,4978692,,6.243,81651520,,,81651520,0,1782588,800261546,0.01,0.1,5617742,7400330,0.161,7400330,5617742,5617742,0.26,0.26,0.26,142520768,138815758,142520768,182298598,32,24.634,-3620573,-0.186,1.0,45922639,1.0,5605591,0,999437805,1069359046,0,850438250,,,889699328,,,178786140,-40933426,0,-3588013,-28811362,-1372227,-144603862,104684230,107291009,-1013794,0,4978692,4978692,4978692,0,0,0.108,40304897,5617742,0,0.385,1.254,35.91,37.5,23610642,0,9.75,3.893,4.14,3241320,111568998,45922639,45922639,0,0.005,0.036,0.005,0.122,202721,32580773,1.0,18337040,19501312,19537348,2.355,1026614505,6176199,639050,0,52.893,
CHFN,MRY,2013-12-31,2013-09-30,2013-09-30,2018-05-14,-1839593,1089405849,1096066852,,,0.041,12.433,-393834,161452481,161452481,0,6256417,,2.979,61054251,,,61054251,0,1571998,751296668,0.032,0.35,9124917,10696915,0.235,10696915,9124917,9124917,0.3,0.3,0.3,273777836,210394799,273777836,125751532,13,11.756,-2940742,-0.143,1.0,45438780,1.0,5129168,0,983878451,980247956,0,886222018,,,815628013,,,245723911,52624261,0,134214971,-20597270,-7684129,56691387,-1520218,3873616,-2546908,0,6256417,6256417,6256417,0,0,0.138,36313863,9124917,0,1.167,0.898,39.276,36.0,21750756,0,10.8,5.408,4.903,2728902,110141286,45438780,45438780,0,0.006,0.03,0.009,0.201,122623,30889559,1.0,22752214,20629531,20792089,2.203,1084276681,11350745,2868500,0,49.239,
CHFN,MRY,2014-12-31,2014-09-30,2014-09-30,2018-05-14,-754135,1010361138,1052094914,,,0.043,12.562,163467,99462953,99462953,0,5955133,,3.491,56312283,,,56312283,0,1395958,717192200,0.019,0.2,8697346,10093304,0.225,10093304,8697346,8697346,0.29,0.28,0.29,224954869,252949485,224954869,113348337,13,11.23,8994156,0.437,1.0,44907536,1.0,4748958,0,962461510,959066050,0,858317545,,,785406269,,,206685169,-61989528,0,-53238798,-4741968,-4171876,-96257110,25436893,31193337,8830689,0,5955133,5955133,5955133,0,0,0.133,36210190,8697346,0,0.69,0.919,34.707,36.897,20571541,0,10.7,4.602,4.906,2459347,111924543,44907536,44907536,0,0.006,0.024,0.009,0.194,954259,31961091,1.0,19316371,20591302,21101388,2.181,1005612180,8231002,2742213,0,56.158,
CHFN,MRY,2015-12-31,2015-09-30,2015-09-30,2018-05-14,604086,1027079334,1005609336,,,0.045,13.398,-406244,30343225,30343225,0,5572162,,4.012,63745753,,,63745753,0,1523576,738855076,0.016,0.2,8377474,9901050,0.219,9901050,8377474,8377474,0.35,0.34,0.35,204930610,209570370,204930610,218707739,26,22.089,18141210,1.154,1.0,45209174,1.0,4482508,0,1055999354,1010512136,0,952511311,,,822148724,,,207155163,-69119728,0,-25505196,7433470,-3134319,456831,-88124013,-87776660,18547454,0,5572162,5572162,5572162,0,0,0.123,36831700,8377474,0,0.571,1.011,37.177,36.229,19660012,0,12.68,4.582,4.408,2668406,114362386,45209174,45209174,0,0.006,0.027,0.008,0.185,1123614,32801279,1.0,16337158,15717421,16399831,2.876,1022596826,5674095,2805312,0,66.858,
CHFN,MRY,2016-12-31,2016-09-30,2016-09-30,2018-05-14,1103881,1438389236,1230600388,,,0.051,14.322,-1238536,91849499,91849499,0,11863320,,6.08,58886062,,,58886062,0,1476203,1161843586,0.016,0.2,17970204,19446407,0.307,19446407,17970204,17970204,0.83,0.79,0.83,203149536,199836964,203149536,145971607,8,7.506,7023180,0.489,1.0,63368418,1.0,32433364,0,1372992435,1184651635,0,1270736943,,,1235239700,,,193600258,61506274,-42520560,-13044800,-16581271,-2875816,57029485,-3784927,39327514,8261716,0,11863320,11863320,11863320,0,0,0.187,45398214,17970204,0,0.241,0.953,16.319,15.518,28078591,0,12.88,3.055,2.921,3442051,123349890,63368418,63368418,0,0.01,0.059,0.015,0.284,1115063,40867018,1.0,15031076,14371126,14983344,4.409,1405955872,4366522,6106884,0,99.119,
CHFN,MRY,2017-12-31,2017-09-30,2017-09-30,2018-05-14,-1137652,1640158560,1516685882,,,0.046,14.891,-1282298,152338389,152338389,0,14436105,,6.657,69704187,,,69704187,0,1767056,1339143287,0.013,0.25,22757702,24524758,0.354,24524758,22757702,22757702,1.01,0.95,1.01,214198505,210047994,214198505,218972283,9,8.929,17968726,1.255,1.0,69280581,1.0,42962211,0,1514562147,1406957030,0,1400391535,,,1425960055,,,280033364,60488890,5421379,623052,-2639664,-3578627,34021480,7216386,3077305,19251024,0,14436105,14436105,14436105,0,0,0.208,46522879,22757702,0,0.248,1.307,19.398,18.347,29578513,0,18.53,4.042,3.829,4197708,134207368,69280581,69280581,0,0.01,0.069,0.016,0.328,1125954,41869155,1.0,15112432,14316609,15153373,4.839,1597196349,5970282,8321597,0,111.033,
