ticker,dimension,calendardate,datekey,reportperiod,lastupdated,accoci,assets,assetsavg,assetsc,assetsnc,assetturnover,bvps,capex,cashneq,cashnequsd,cor,consolinc,currentratio,de,debt,debtc,debtnc,debtusd,deferredrev,depamor,deposits,divyield,dps,ebit,ebitda,ebitdamargin,ebitdausd,ebitusd,ebt,eps,epsdil,epsusd,equity,equityavg,equityusd,ev,evebit,evebitda,fcf,fcfps,fxusd,gp,grossmargin,intangibles,intexp,invcap,invcapavg,inventory,investments,investmentsc,investmentsnc,liabilities,liabilitiesc,liabilitiesnc,marketcap,ncf,ncfbus,ncfcommon,ncfdebt,ncfdiv,ncff,ncfi,ncfinv,ncfo,ncfx,netinc,netinccmn,netinccmnusd,netincdis,netincnci,netmargin,opex,opinc,payables,payoutratio,pb,pe,pe1,ppnenet,prefdivis,price,ps,ps1,receivables,retearn,revenue,revenueusd,rnd,roa,roe,roic,ros,sbcomp,sgna,sharefactor,sharesbas,shareswa,shareswadil,sps,tangibles,taxassets,taxexp,taxliabilities,tbvps,workingcapital
CHKE,MRY,2011-12-31,2012-01-28,2012-01-28,2018-04-19,0,22263000,24342250,14334000,7929000,1.052,1.282,-676000,7421000,7421000,0,7510000,3.067,1.071,6938000,500000,6438000,6938000,320000,1487000,0,0.078,0.8,10683000,12170000,0.475,12170000,10683000,10431000,0.89,0.89,0.89,10751000,11845500,10751000,85902087,8,7.059,6684000,0.791,1.0,25604000,1.0,5596000,252000,11511000,10988750,0,0,0,0,11512000,4673000,6839000,86220087,-2166000,0,-1524000,-322000,-6746000,-8592000,-934000,0,7360000,0,7510000,7510000,7510000,0,0,0.293,14946000,10658000,831000,0.899,8.02,11.481,11.551,733000,0,10.28,3.367,3.394,5320000,-8687000,25604000,25604000,0,0.309,0.634,0.972,0.417,573000,13575000,1.0,8387168,8454000,8457000,3.029,16667000,3041000,2921000,1077000,1.987,9661000
CHKE,MRY,2012-12-31,2013-02-02,2013-02-02,2018-04-19,0,33652000,25971250,8824000,24828000,1.023,1.61,-491000,2424000,2424000,0,6833000,1.634,1.488,16519000,3291000,13228000,16519000,80000,1694000,0,0.05,0.7,11112000,12806000,0.482,12806000,11112000,10872000,0.81,0.81,0.81,13526000,12364250,13526000,128175329,11,10.009,9297000,1.108,1.0,26558000,1.0,22131000,240000,20217000,13422500,0,0,0,0,20126000,5399000,14727000,117182329,-4997000,0,72000,9662000,-5873000,3732000,-18517000,0,9788000,0,6833000,6833000,6833000,0,0,0.257,15464000,11094000,1125000,0.864,8.663,17.149,17.222,945000,0,13.95,4.412,4.409,5147000,-6890000,26558000,26558000,0,0.263,0.553,0.828,0.418,906000,13973000,1.0,8400167,8394000,8411000,3.164,11521000,2520000,4039000,1316000,1.372,3425000
CHKE,MRY,2013-12-31,2014-02-01,2014-02-01,2018-04-19,0,54111000,39945500,10474000,43637000,0.716,2.132,-629000,3634000,3634000,0,6074000,1.071,2.023,32135000,6991000,25144000,32135000,94000,1347000,0,0.029,0.4,9991000,11338000,0.396,11338000,9991000,9471000,0.72,0.72,0.72,17899000,16527250,17899000,125691915,12,11.086,7991000,0.952,1.0,28614000,1.0,40683000,520000,32149000,22414500,0,0,0,0,36212000,9780000,26432000,115043915,1210000,-19000000,36000,15692000,-3361000,12272000,-19682000,0,8620000,0,6074000,6074000,6074000,0,0,0.212,18625000,9989000,2206000,0.556,6.427,18.94,19.014,1222000,0,13.69,4.021,4.016,6056000,-3337000,28614000,28614000,0,0.152,0.368,0.446,0.349,1069000,17630000,1.0,8403500,8394000,8409000,3.409,13428000,2169000,3397000,1391000,1.6,694000
CHKE,MRY,2014-12-31,2015-01-31,2015-01-31,2018-04-19,0,58660000,56922000,16356000,42304000,0.614,3.517,-541000,7581000,7581000,0,9820000,1.561,0.966,25144000,7308000,17836000,25144000,17000,1503000,0,0.006,0.1,15388000,16891000,0.483,16891000,15388000,14534000,1.17,1.15,1.17,29837000,25276250,29837000,175261175,11,10.376,9828000,1.166,1.0,34968000,1.0,39821000,854000,25927000,29540750,0,0,0,0,28823000,10475000,18348000,153316175,3947000,0,1855000,-7027000,-841000,-5811000,-611000,0,10369000,0,9820000,9820000,9820000,0,0,0.281,19580000,15388000,1720000,0.085,5.138,15.613,15.538,1165000,0,18.18,4.384,4.382,7425000,5642000,34968000,34968000,0,0.173,0.389,0.521,0.44,973000,18648000,1.0,8433233,8429000,8543000,4.149,18839000,2189000,4714000,391000,2.221,5881000
CHKE,MRY,2015-12-31,2016-01-30,2016-01-30,2018-04-19,0,70548000,66486250,15031000,55517000,0.521,4.825,-530000,6534000,6534000,0,8433000,1.25,0.677,23524000,8456000,15068000,23524000,479000,1329000,0,0.0,0.0,13502000,14831000,0.428,14831000,13502000,12791000,0.97,0.95,0.97,42071000,38757750,42071000,162762796,12,10.974,11327000,1.306,1.0,34654000,1.0,53195000,711000,22322000,24549750,0,0,0,0,28477000,12021000,16456000,142833796,-1047000,-12871000,1859000,-1674000,0,497000,-13401000,0,11857000,0,8433000,8433000,8433000,0,0,0.243,21338000,13316000,2195000,0.0,3.395,16.937,16.887,1151000,0,16.38,4.122,4.1,7365000,14075000,34654000,34654000,0,0.127,0.218,0.55,0.39,1910000,16553000,1.0,8720012,8674000,8862000,3.995,17353000,1843000,4358000,0,1.99,3010000
CHKE,MRY,2016-12-31,2017-01-28,2017-01-28,2018-04-19,0,166016000,94538750,41140000,124876000,0.36,7.674,-512000,8378000,8378000,0,-7894000,1.024,1.296,46732000,5137000,41595000,46732000,6493000,1483000,0,0.0,0.0,-2975000,-1492000,-0.044,-1492000,-2975000,-4636000,-0.84,-0.84,-0.84,72318000,52448000,72318000,131438069,-44,-88.095,9924000,1.053,1.0,34022000,1.0,121095000,1661000,43105000,24408250,0,0,0,0,93698000,40170000,53528000,121742069,1844000,-73261000,36155000,27361000,0,63516000,-73773000,0,10436000,0,-7894000,-7894000,-7894000,-828000,0,-0.232,38249000,-4227000,12635000,0.0,1.683,-15.422,-11.19,1300000,0,9.4,3.578,2.604,15720000,5447000,34022000,34022000,0,-0.084,-0.151,-0.122,-0.087,2387000,19106000,1.0,12951284,9424000,9424000,3.61,44921000,0,3258000,7718000,4.767,970000
CHKE,MRY,2017-12-31,2018-02-03,2018-02-03,2018-04-19,0,103597000,140138250,16577000,87020000,0.21,1.723,-545000,3174000,3174000,0,-55989000,0.259,3.296,46105000,46105000,0,46105000,2229000,1408000,0,0.0,0.0,-46459000,-45051000,-1.534,-45051000,-46459000,-52959000,-4.17,-4.17,-4.17,24115000,56921250,24115000,62873599,-1,-1.396,-12196000,-0.908,1.0,29365000,1.0,85900000,6500000,-3384000,13803000,0,0,0,0,79482000,64012000,15470000,20926599,-5204000,1262000,3938000,-4991000,0,-1053000,717000,0,-11651000,0,-55989000,-55989000,-55989000,128000,0,-1.907,75760000,-46395000,7205000,0.0,0.868,-0.374,-0.36,1090000,0,1.5,0.713,0.686,10277000,-50542000,29365000,29365000,0,-0.4,-0.984,-3.366,-1.582,3848000,25446000,1.0,13951066,13431000,13431000,2.186,17697000,0,3030000,10466000,1.265,-47435000
