ticker,dimension,calendardate,datekey,reportperiod,lastupdated,accoci,assets,assetsavg,assetsc,assetsnc,assetturnover,bvps,capex,cashneq,cashnequsd,cor,consolinc,currentratio,de,debt,debtc,debtnc,debtusd,deferredrev,depamor,deposits,divyield,dps,ebit,ebitda,ebitdamargin,ebitdausd,ebitusd,ebt,eps,epsdil,epsusd,equity,equityavg,equityusd,ev,evebit,evebitda,fcf,fcfps,fxusd,gp,grossmargin,intangibles,intexp,invcap,invcapavg,inventory,investments,investmentsc,investmentsnc,liabilities,liabilitiesc,liabilitiesnc,marketcap,ncf,ncfbus,ncfcommon,ncfdebt,ncfdiv,ncff,ncfi,ncfinv,ncfo,ncfx,netinc,netinccmn,netinccmnusd,netincdis,netincnci,netmargin,opex,opinc,payables,payoutratio,pb,pe,pe1,ppnenet,prefdivis,price,ps,ps1,receivables,retearn,revenue,revenueusd,rnd,roa,roe,roic,ros,sbcomp,sgna,sharefactor,sharesbas,shareswa,shareswadil,sps,tangibles,taxassets,taxexp,taxliabilities,tbvps,workingcapital
CIDM,MRY,2011-12-31,2011-03-31,2011-03-31,2018-02-14,-95000,307488000,298819250,65506000,241982000,0.196,0.556,-43878000,16499000,16499000,4329000,-29236000,1.265,171.069,270736000,28496000,242240000,270736000,12748000,37963000,57000,0.0,0.0,-2245000,35718000,0.611,35718000,-2245000,-29236000,-9.6,-9.6,-9.6,1787000,6927500,1787000,315228613,-140,8.825,-13803000,-4.482,1.0,54110000,0.926,9824000,26991000,500108000,483806750,0,6480000,6480000,0,305701000,51793000,253908000,57047613,1654000,0,1141000,11571000,0,12646000,-41067000,1439000,30075000,0,-29236000,-29630000,-29630000,7615000,0,-0.507,45829000,8281000,7625000,0.0,31.924,-1.925,-1.844,216562000,394000,17.7,0.976,0.933,22233000,-197648000,58439000,58439000,256000,-0.099,-4.277,-0.005,-0.038,2265000,11777000,1.0,3223029,3079410,3079410,18.977,297664000,0,0,0,92.672,13713000
CIDM,MRY,2012-12-31,2012-03-31,2012-03-31,2018-02-14,0,290137000,299345750,63393000,226744000,0.256,-3.049,-18542000,23594000,23594000,7042000,-23040000,1.049,-26.289,263773000,35830000,227943000,263773000,15128000,39787000,9000,0.0,0.0,6859000,46646000,0.609,46646000,6859000,-23040000,-6.5,-6.5,-6.5,-11473000,-4559250,-11473000,311440870,45,6.677,21396000,5.901,1.0,69515000,0.908,11387000,29899000,458493000,484803250,0,10967000,9477000,1490000,301610000,60436000,241174000,63611870,7095000,4271000,7071000,-22150000,0,-15528000,-17315000,-2997000,39938000,0,-23040000,-23396000,-23396000,9077000,0,-0.306,54321000,15194000,20854000,0.0,-5.544,-2.719,-2.6,200974000,356000,16.9,0.831,0.8,34365000,-221044000,76557000,76557000,175000,-0.078,5.132,0.014,0.09,3418000,15717000,1.0,3764016,3625904,3625904,21.114,278750000,0,0,0,74.07,2957000
CIDM,MRY,2013-12-31,2013-03-31,2013-03-31,2018-02-14,0,281459000,295003750,58965000,222494000,0.275,-3.584,-9568000,20199000,20199000,8515000,-21066000,0.759,-17.256,242427000,34579000,207848000,242427000,12775000,39228000,0,0.0,0.0,2304000,41532000,0.512,41532000,2304000,-26010000,-4.5,-4.5,-4.5,-17314000,-7394500,-17314000,289349977,125,6.967,19801000,4.167,1.0,72577000,0.895,21341000,28314000,404646000,412341000,127000,1812000,0,1812000,298773000,77700000,221073000,75410977,-4395000,-3127000,11000000,-39393000,0,-29514000,-4250000,9477000,29369000,0,-21066000,-21422000,-21422000,861000,0,-0.264,60037000,12540000,39777000,0.0,-4.355,-3.52,-3.467,170088000,356000,15.6,0.93,0.914,38502000,-242466000,81092000,81092000,0,-0.073,2.897,0.006,0.028,2279000,20805000,1.0,4834037,4751717,4751717,17.066,260118000,0,-4944000,0,53.848,-18735000
CIDM,MRY,2014-12-31,2014-03-31,2014-03-31,2018-02-14,-69000,357249000,304825750,135725000,221524000,0.342,1.567,-3500000,56966000,56966000,28920000,-25864000,0.964,33.932,247434000,53658000,193776000,247434000,15733000,41957000,0,0.0,0.0,-6109000,35848000,0.344,35848000,-6109000,-25864000,-4.6,-4.6,-4.6,10227000,-13336750,10227000,396614912,-64,11.064,36094000,6.323,1.0,75408000,0.723,63133000,19755000,343857000,362530000,3164000,0,0,0,347022000,140727000,206295000,165286912,36767000,-48500000,50584000,692000,0,49182000,-52009000,0,39594000,0,-25864000,-26220000,-26220000,11904000,0,-0.251,69022000,6386000,83855000,0.0,16.162,-6.304,-5.565,134936000,356000,25.6,1.584,1.401,63615000,-268686000,104328000,104328000,0,-0.086,1.966,-0.017,-0.059,2514000,26333000,1.0,6456520,5708432,5708432,18.276,294116000,0,0,0,45.065,-5002000
CIDM,MRY,2015-12-31,2015-03-31,2015-03-31,2018-02-14,-57000,273017000,305833250,106943000,166074000,0.345,-2.464,-2426000,25750000,25750000,30109000,-32169000,0.776,-15.41,202149000,57907000,144242000,202149000,12858000,43383000,0,0.0,0.0,-11409000,31974000,0.303,31974000,-11409000,-31308000,-4.12,-4.12,-4.12,-18959000,-8578250,-18959000,304479232,-26,9.523,6785000,0.884,1.0,75375000,0.715,58485000,19899000,253117000,286069000,3210000,0,0,0,292154000,137814000,154340000,124664232,-31216000,2950000,0,-41537000,0,-40941000,514000,0,9211000,0,-31308000,-31664000,-31664000,3193000,-861000,-0.3,84217000,-8842000,77147000,0.0,-6.575,-3.937,-3.932,98561000,356000,16.2,1.182,1.179,64656000,-300350000,105484000,105484000,0,-0.104,3.691,-0.04,-0.108,2197000,31120000,1.0,7695323,7678535,7678535,13.738,214532000,0,0,0,27.876,-30871000
CIDM,MRY,2016-12-31,2016-03-31,2016-03-31,2018-02-14,-64000,209398000,241879250,101845000,107553000,0.432,-11.109,-1381000,34464000,34464000,31341000,-42509000,1.01,-3.931,203475000,29415000,174060000,203475000,10433000,43196000,0,0.0,0.0,-20755000,22441000,0.215,22441000,-20755000,-41397000,-6.51,-6.51,-6.51,-71842000,-61681500,-71842000,195200081,-9,8.698,24123000,3.73,1.0,73108000,0.7,34641000,20642000,242935000,271584750,2024000,0,0,0,282425000,100833000,181592000,16259081,6482000,0,-14107000,-2460000,0,-17633000,-1389000,0,25504000,0,-41742000,-42098000,-42098000,0,-767000,-0.403,94254000,-21146000,68517000,0.0,-0.226,-0.386,-0.318,61740000,356000,2.072,0.156,0.128,58468000,-342448000,104449000,104449000,0,-0.174,0.683,-0.076,-0.199,1832000,33367000,1.0,7847047,6467978,6467978,16.149,174757000,0,345000,0,27.024,1012000
CIDM,MRY,2017-12-31,2017-03-31,2017-03-31,2018-02-14,-38000,151334000,174080750,86450000,64884000,0.519,-8.633,-481000,13566000,13566000,25121000,-15197000,0.849,-3.195,140165000,25721000,114444000,140165000,7785000,33440000,0,0.0,0.0,4191000,37631000,0.416,37631000,4191000,-14877000,-1.92,-1.92,-1.92,-69489000,-72916500,-69489000,155005751,36,4.119,31218000,3.878,1.0,65273000,0.722,28928000,19068000,147144000,192135750,1137000,0,0,0,222037000,101861000,120176000,16313751,-12915000,0,0,-52150000,0,-44128000,-486000,0,31699000,0,-15129000,-15485000,-15485000,0,-68000,-0.171,58516000,6757000,73679000,0.0,-0.235,-1.054,-0.807,33138000,356000,1.55,0.18,0.138,59263000,-360415000,90394000,90394000,0,-0.089,0.212,0.022,0.046,1726000,23776000,1.0,10525001,8049160,8049160,11.23,122406000,0,252000,0,15.207,-15411000
