ticker,dimension,calendardate,datekey,reportperiod,lastupdated,accoci,assets,assetsavg,assetsc,assetsnc,assetturnover,bvps,capex,cashneq,cashnequsd,cor,consolinc,currentratio,de,debt,debtc,debtnc,debtusd,deferredrev,depamor,deposits,divyield,dps,ebit,ebitda,ebitdamargin,ebitdausd,ebitusd,ebt,eps,epsdil,epsusd,equity,equityavg,equityusd,ev,evebit,evebitda,fcf,fcfps,fxusd,gp,grossmargin,intangibles,intexp,invcap,invcapavg,inventory,investments,investmentsc,investmentsnc,liabilities,liabilitiesc,liabilitiesnc,marketcap,ncf,ncfbus,ncfcommon,ncfdebt,ncfdiv,ncff,ncfi,ncfinv,ncfo,ncfx,netinc,netinccmn,netinccmnusd,netincdis,netincnci,netmargin,opex,opinc,payables,payoutratio,pb,pe,pe1,ppnenet,prefdivis,price,ps,ps1,receivables,retearn,revenue,revenueusd,rnd,roa,roe,roic,ros,sbcomp,sgna,sharefactor,sharesbas,shareswa,shareswadil,sps,tangibles,taxassets,taxexp,taxliabilities,tbvps,workingcapital
CIEN,MRY,2011-12-31,2011-10-31,2011-10-31,2018-03-07,31000,1951418000,1986094750,1332838000,618580000,0.877,0.143,-52367000,541896000,541896000,1032824000,-195521000,2.939,139.663,1442364000,0,1442364000,1442364000,123798000,156081000,0,0.0,0.0,-149922000,6159000,0.004,6159000,-149922000,-187848000,-2.04,-2.04,-2.04,13873000,46819000,13873000,2233049082,-14,362.567,-142852000,-1.49,1.0,709146000,0.407,331635000,37926000,2066758000,2074918750,230076000,50264000,0,50264000,1937545000,453493000,1484052000,1276932082,-146791000,16394000,13202000,0,0,13202000,-68570000,-43348000,-90485000,-938000,-195521000,-195521000,-195521000,0,0,-0.112,875628000,-166482000,157116000,0.0,92.044,-6.531,-6.461,122558000,0,13.18,0.733,0.725,417509000,-5740368000,1741970000,1741970000,379862000,-0.098,-4.176,-0.072,-0.086,37930000,378232000,1.0,96884073,95854000,95854000,18.173,1619783000,0,7673000,0,16.656,879345000
CIEN,MRY,2012-12-31,2012-10-31,2012-10-31,2018-03-07,-3354000,1881143000,1910825000,1415690000,465453000,0.96,-0.884,-48098000,642444000,642444000,1109699000,-144021000,2.067,-22.143,1442016000,216210000,1225806000,1442016000,107076000,133596000,0,0.0,0.0,-95046000,38550000,0.021,38550000,-95046000,-134699000,-1.45,-1.45,-1.45,-88972000,-52850750,-88972000,2069386938,-21,53.681,58991000,0.594,1.0,724224000,0.395,257137000,39653000,1738608000,1887578000,260098000,50057000,50057000,0,1970115000,684970000,1285145000,1244510938,100548000,0,12167000,-1895000,0,7940000,-11977000,524000,107089000,-2504000,-144021000,-144021000,-144021000,0,0,-0.079,804070000,-79846000,179704000,0.0,-13.988,-8.641,-8.566,123580000,0,12.42,0.679,0.673,345496000,-5884389000,1833923000,1833923000,364179000,-0.075,2.725,-0.05,-0.052,32394000,380340000,1.0,100202169,99341000,99341000,18.461,1624006000,0,9322000,0,16.144,730720000
CIEN,MRY,2013-12-31,2013-10-31,2013-10-31,2018-03-07,-7774000,1802770000,1777160250,1395802000,406968000,1.172,-0.798,-43814000,346487000,346487000,1217371000,-85431000,2.269,-22.805,1212019000,0,1212019000,1212019000,112170000,127007000,0,0.0,0.0,-36149000,90858000,0.044,90858000,-36149000,-80191000,-0.83,-0.83,-0.83,-82677000,-85604250,-82677000,3232844853,-89,35.581,864000,0.008,1.0,865175000,0.415,185828000,44042000,1867419000,1828137250,249103000,140010000,124979000,15031000,1885447000,615055000,1270392000,2400116853,-295957000,0,15898000,-219545000,0,-207339000,-130861000,-89385000,44678000,-2435000,-85431000,-85431000,-85431000,0,0,-0.041,866950000,-1775000,254849000,0.0,-29.03,-28.094,-28.036,119729000,0,23.27,1.152,1.144,488578000,-5969820000,2082546000,2082546000,383408000,-0.048,0.998,-0.02,-0.017,37720000,426602000,1.0,103142108,102350000,102350000,20.347,1616942000,0,5240000,0,15.616,780747000
CIEN,MRY,2014-12-31,2014-10-31,2014-10-31,2018-03-07,-14668000,2072632000,1942282000,1693190000,379442000,1.178,-0.651,-48216000,586720000,586720000,1339937000,-40637000,2.168,-30.773,1464854000,190063000,1274791000,1464854000,145618000,112767000,0,0.0,0.0,20442000,133209000,0.058,133209000,20442000,-26673000,-0.38,-0.38,-0.38,-69615000,-70617500,-69615000,2717384232,132,20.399,41600000,0.393,1.0,948352000,0.414,128677000,47115000,2040953000,1939930000,254660000,190262000,140205000,50057000,2142247000,781136000,1361111000,1786047232,240233000,0,17663000,245091000,0,258527000,-106393000,-60237000,89816000,-1717000,-40637000,-40637000,-40637000,0,0,-0.018,902648000,45704000,209777000,0.0,-25.656,-43.951,-44.105,126632000,0,16.76,0.781,0.775,518981000,-6010457000,2288289000,2288289000,401180000,-0.021,0.575,0.011,0.009,42930000,455149000,1.0,106566064,105783000,105783000,21.632,1943955000,0,13964000,0,18.181,912054000
CIEN,MRY,2015-12-31,2015-10-31,2015-10-31,2018-03-07,-22126000,2695051000,2251616250,1864210000,830841000,1.086,4.63,-62109000,790971000,790971000,1370106000,11667000,2.795,3.341,1274139000,2500000,1271639000,1274139000,189073000,135767000,0,0.0,0.0,74943000,210710000,0.086,210710000,74943000,23764000,0.1,0.1,0.1,620876000,212204500,620876000,3835131656,51,18.201,200003000,1.689,1.0,1075563000,0.44,459107000,51179000,2052078000,2063009250,191162000,230212000,135107000,95105000,2074175000,667034000,1407141000,3252961656,204251000,37212000,30275000,-37905000,0,-8051000,-43127000,-18190000,262112000,-6683000,11667000,11667000,11667000,0,0,0.005,975115000,100448000,222140000,0.0,5.239,278.817,241.4,191973000,0,24.14,1.33,1.169,550792000,-5998790000,2445669000,2445669000,414201000,0.005,0.055,0.036,0.031,55340000,457238000,1.0,134754004,118416000,120101000,20.653,2235944000,0,12097000,0,16.674,1197176000
CIEN,MRY,2016-12-31,2016-10-31,2016-10-31,2018-03-07,-24329000,2873575000,2872032750,2013192000,860383000,0.905,5.484,-107185000,777615000,777615000,1438997000,72584000,2.258,2.75,1253682000,236241000,1017441000,1253682000,182863000,141692000,0,0.0,0.0,143374000,285066000,0.11,285066000,143374000,86718000,0.52,0.51,0.52,766341000,695984750,766341000,3326665626,23,11.67,182335000,1.318,1.0,1161576000,0.447,413685000,56656000,2044412000,2215445250,211251000,365420000,275248000,90172000,2107234000,891545000,1215689000,2700434626,-13356000,-32000000,23091000,-23332000,0,-4228000,-296259000,-157085000,289520000,-2389000,72584000,72584000,72584000,0,0,0.028,1005407000,156169000,235942000,0.0,3.524,37.204,37.269,288406000,0,19.38,1.038,1.031,576235000,-5926206000,2600573000,2600573000,451794000,0.025,0.104,0.065,0.055,51993000,482559000,1.0,139341312,138312000,150704000,18.802,2459890000,1116000,14134000,0,17.603,1121647000
CIEN,MRY,2017-12-31,2017-10-31,2017-10-31,2018-03-07,-11017000,3951711000,3081392000,2006311000,1945400000,0.909,14.93,-94600000,640513000,640513000,1555901000,1261953000,1.933,0.85,935981000,352293000,583688000,935981000,185007000,122902000,0,0.0,0.0,211978000,334880000,0.12,334880000,211978000,156126000,8.89,7.53,8.89,2136342000,1181522500,2136342000,3410742608,16,10.185,140282000,0.988,1.0,1245786000,0.445,368455000,55852000,2840981000,2285147250,267143000,328916000,279133000,49783000,1815369000,1037743000,777626000,3034980608,-137102000,0,20412000,-237116000,0,-311051000,-61427000,33227000,234882000,494000,1261953000,1261953000,1261953000,0,0,0.45,1031064000,214722000,260098000,0.0,1.421,2.405,2.393,308465000,0,21.27,1.083,1.078,622183000,-4664253000,2801687000,2801687000,475329000,0.41,1.068,0.093,0.076,48360000,498773000,1.0,142688322,141997000,169919000,19.731,3583256000,1155104000,-1105827000,0,25.041,968568000
