ticker,dimension,calendardate,datekey,reportperiod,lastupdated,accoci,assets,assetsavg,assetsc,assetsnc,assetturnover,bvps,capex,cashneq,cashnequsd,cor,consolinc,currentratio,de,debt,debtc,debtnc,debtusd,deferredrev,depamor,deposits,divyield,dps,ebit,ebitda,ebitdamargin,ebitdausd,ebitusd,ebt,eps,epsdil,epsusd,equity,equityavg,equityusd,ev,evebit,evebitda,fcf,fcfps,fxusd,gp,grossmargin,intangibles,intexp,invcap,invcapavg,inventory,investments,investmentsc,investmentsnc,liabilities,liabilitiesc,liabilitiesnc,marketcap,ncf,ncfbus,ncfcommon,ncfdebt,ncfdiv,ncff,ncfi,ncfinv,ncfo,ncfx,netinc,netinccmn,netinccmnusd,netincdis,netincnci,netmargin,opex,opinc,payables,payoutratio,pb,pe,pe1,ppnenet,prefdivis,price,ps,ps1,receivables,retearn,revenue,revenueusd,rnd,roa,roe,roic,ros,sbcomp,sgna,sharefactor,sharesbas,shareswa,shareswadil,sps,tangibles,taxassets,taxexp,taxliabilities,tbvps,workingcapital
CJJD,MRY,2011-12-31,2011-03-31,2011-03-31,2018-02-14,1119848,53934624,47506055,39456654,14477970,1.473,3.149,-4643292,7411781,7411781,48827385,8432458,3.367,0.282,2704680,2704680,0,2704680,0,810374,2038608,0.0,0.0,11955803,12766177,0.182,12766177,11955803,11955803,0.64,0.64,0.64,42063917,37940471,42063917,29921724,2,2.344,-9827040,-0.741,1.0,21142094,0.302,390302,0,37119740,28992067,4617420,0,0,0,11870707,11717481,153226,35285722,5688312,-606800,15708608,258033,0,15770507,-5250092,0,-5183748,351645,8432458,8432458,8432458,0,0,0.121,9562688,11579406,5037996,0.0,0.839,4.185,4.078,5471432,0,2.61,0.504,0.494,19063186,23287474,69969479,69969479,0,0.178,0.222,0.412,0.171,153445,9562688,1.0,13519434,13254792,13254792,5.279,53544322,0,3523345,1624558,4.008,27739173
CJJD,MRY,2012-12-31,2012-03-31,2012-03-31,2018-02-14,2747561,74961013,65449447,47848062,27112951,1.442,3.84,-11554509,6651665,6651665,66790084,8140479,2.119,0.432,4208928,4208928,0,4208928,0,2340865,1332141,0.0,0.0,10789991,13130856,0.139,13130856,10789991,10789991,0.6,0.6,0.6,52352398,49069559,52352398,15418682,1,1.174,8412734,0.62,1.0,27562801,0.292,2816945,0,47126062,44115708,6875574,0,0,0,22609688,22575269,34419,16373210,-2656689,-3308158,406546,-7077596,0,-7934286,-14862667,0,19967243,173021,8141626,8141626,8141626,0,-1147,0.086,17080629,10482172,16147410,0.0,0.313,2.011,2.017,15647120,0,1.21,0.174,0.174,31467522,31429100,94352885,94352885,0,0.124,0.166,0.245,0.114,119052,17080629,1.0,13531579,13568481,13569995,6.954,72144068,0,2648365,469606,5.291,25272793
CJJD,MRY,2013-12-31,2013-03-31,2013-03-31,2018-02-14,3121654,67838021,80269686,45155120,22682901,1.115,2.806,-2404359,6686931,6686931,74860553,-14334525,1.522,0.778,7186453,7186453,0,7186453,0,2764144,4828293,0.0,0.0,-13979929,-11215785,-0.125,-11215785,-13979929,-13979929,-1.06,-1.06,-1.06,38149488,47735191,38149488,14679269,-1,-1.309,-2717699,-0.2,1.0,14634993,0.164,1202258,0,37460482,46508529,8586999,0,0,0,29690412,29674803,15609,14561632,690878,0,0,2928146,0,3369122,-2404359,0,-313340,39455,-14333731,-14333731,-14333731,0,-794,-0.16,28690954,-14055961,16332082,0.0,0.382,-1.016,-1.009,13288652,0,1.07,0.163,0.162,28659691,17095369,89495546,89495546,0,-0.179,-0.3,-0.301,-0.156,163274,27217348,1.0,13609002,13580731,13580731,6.59,66635763,0,353802,371633,4.901,15480317
CJJD,MRY,2014-12-31,2014-03-31,2014-03-31,2018-02-14,3905136,45908827,63324808,27731594,18177233,1.045,1.0,-2113041,7559819,7559819,60427101,-25356170,0.887,2.202,8277060,8277060,0,8277060,0,3234169,3185885,0.0,0.0,-25311266,-22077097,-0.334,-22077097,-25311266,-25311266,-1.83,-1.83,-1.83,14323449,30034090,14323449,31492262,-1,-1.426,-1428925,-0.103,1.0,5727486,0.087,1569443,0,13790706,29090083,7047397,0,0,0,31544835,31265919,278916,29619634,-78818,0,0,961637,0,1207502,-2113041,0,684116,142605,-25356136,-25356136,-25356136,0,-34,-0.383,29952640,-24225154,18221231,0.0,2.068,-1.168,-1.131,9412688,0,2.07,0.448,0.434,11461276,-8260767,66154587,66154587,0,-0.4,-0.844,-0.87,-0.383,748907,24957628,1.0,14309002,13880190,13880190,4.766,44339384,0,44870,373501,3.094,-3534325
CJJD,MRY,2015-12-31,2015-03-31,2015-03-31,2018-02-14,3972543,59508588,51553608,42286622,17221966,1.492,1.128,-1473132,13015682,13015682,64457707,855628,1.008,2.459,15785649,15785649,0,15785649,0,2820489,3759050,0.0,0.0,913955,3734444,0.049,3734444,913955,913955,0.06,0.06,0.06,17194326,15503699,17194326,46851060,51,12.546,-409914,-0.027,1.0,12438025,0.162,3142003,0,17176681,15213522,10538591,1446152,1446152,0,42275198,41959871,315327,43387121,-421695,-1585118,0,7411442,0,2868247,-4365450,-1307200,1063218,12290,856557,856557,856557,0,-929,0.011,11783606,654419,21577524,0.0,2.523,50.653,47.0,7056781,0,2.82,0.564,0.549,9237743,-7404210,76895732,76895732,0,0.017,0.055,0.06,0.012,1004487,10729841,1.0,15385504,14960522,15156423,5.14,56366585,0,57398,328111,3.698,326751
CJJD,MRY,2016-12-31,2016-03-31,2016-03-31,2018-02-14,2857813,62072787,62061695,46883003,15189784,1.435,1.287,-250319,20419863,20419863,71553998,447156,1.113,2.214,17626645,17626645,0,17626645,0,1456029,2610151,0.0,0.0,699475,2155504,0.024,2155504,699475,543897,0.03,0.03,0.03,19315872,18867331,19315872,28363121,40,13.158,2335386,0.145,1.0,17511582,0.197,2928779,155578,14230176,15851406,10802691,589210,480671,108539,42756915,42120614,636301,28376806,2648292,-110718,2699500,2700348,0,-401892,429808,790845,2585705,34671,447156,447156,447156,0,0,0.005,17536348,-24766,20784992,0.0,1.469,63.461,53.333,5543076,0,1.6,0.319,0.289,8054597,-6957053,89065580,89065580,0,0.007,0.024,0.044,0.008,1022791,17536348,1.0,17735504,16096406,16147505,5.533,59144008,0,96741,483770,3.941,4762389
CJJD,MRY,2017-12-31,2017-03-31,2017-03-31,2018-02-14,1350062,67173018,59416073,55960458,11212560,1.372,1.11,-411199,27795810,27795810,64872127,-5644204,1.399,1.519,12691575,12691575,0,12691575,0,1316747,2675030,0.0,0.0,-5558468,-4241721,-0.052,-4241721,-5558468,-5559817,-0.28,-0.28,-0.28,26664377,21715318,26664377,44007046,-7,-10.375,1148303,0.056,1.0,16626918,0.204,2712611,1349,9343748,14472197,9923101,386614,340462,46152,40508641,40012424,496217,45386420,11692551,7879,10648000,-3897850,0,10644839,-46546,356774,1559502,-465244,-5644204,-5644204,-5644204,0,0,-0.069,22725096,-6098178,23284530,0.0,1.702,-8.041,-6.429,4263157,0,1.8,0.557,0.45,16334930,-12601257,81499045,81499045,0,-0.095,-0.26,-0.384,-0.068,2248650,20608054,1.0,25214678,20396217,20396217,3.996,64460407,0,84387,681939,2.684,15948034
