ticker,dimension,calendardate,datekey,reportperiod,lastupdated,accoci,assets,assetsavg,assetsc,assetsnc,assetturnover,bvps,capex,cashneq,cashnequsd,cor,consolinc,currentratio,de,debt,debtc,debtnc,debtusd,deferredrev,depamor,deposits,divyield,dps,ebit,ebitda,ebitdamargin,ebitdausd,ebitusd,ebt,eps,epsdil,epsusd,equity,equityavg,equityusd,ev,evebit,evebitda,fcf,fcfps,fxusd,gp,grossmargin,intangibles,intexp,invcap,invcapavg,inventory,investments,investmentsc,investmentsnc,liabilities,liabilitiesc,liabilitiesnc,marketcap,ncf,ncfbus,ncfcommon,ncfdebt,ncfdiv,ncff,ncfi,ncfinv,ncfo,ncfx,netinc,netinccmn,netinccmnusd,netincdis,netincnci,netmargin,opex,opinc,payables,payoutratio,pb,pe,pe1,ppnenet,prefdivis,price,ps,ps1,receivables,retearn,revenue,revenueusd,rnd,roa,roe,roic,ros,sbcomp,sgna,sharefactor,sharesbas,shareswa,shareswadil,sps,tangibles,taxassets,taxexp,taxliabilities,tbvps,workingcapital
CLCT,MRY,2011-12-31,2011-06-30,2011-06-30,2018-05-08,0,36511000,36687250,27767000,8744000,1.211,3.251,-522000,21926000,21926000,17249000,5119000,3.277,0.456,0,0,0,0,2417000,771000,0,0.086,1.275,8465000,9236000,0.208,9236000,8465000,8465000,0.67,0.66,0.67,25070000,26000000,25070000,95759720,11,10.368,10046000,1.308,1.0,27183000,0.612,3228000,0,2884000,4339000,1442000,0,0,0,11441000,8473000,2968000,117018720,1605000,366000,1137000,0,-9944000,-8807000,-156000,0,10568000,0,5119000,5119000,5119000,-83000,0,0.115,18894000,8289000,1390000,1.903,4.668,22.86,22.119,1301000,0,14.82,2.634,2.562,1719000,-45340000,44432000,44432000,0,0.14,0.197,1.951,0.191,1131000,17526000,1.0,7896000,7682000,7798000,5.784,33283000,4785000,3346000,125000,4.316,19294000
CLCT,MRY,2012-12-31,2012-06-30,2012-06-30,2018-05-08,0,36445000,35582000,27446000,8999000,1.359,3.089,-1250000,21214000,21214000,19402000,6749000,2.944,0.486,0,0,0,0,2322000,825000,0,0.089,1.3,9174000,9999000,0.207,9999000,9174000,9174000,0.85,0.84,0.85,24531000,24336750,24531000,98549724,10,9.856,9537000,1.206,1.0,28957000,0.599,3871000,0,2038000,2470000,2273000,0,0,0,11914000,9322000,2592000,119005724,-712000,-466000,572000,0,-10355000,-9783000,-1716000,0,10787000,0,6749000,6749000,6749000,71000,0,0.14,19800000,9157000,1625000,1.529,4.851,17.633,17.271,1795000,0,14.68,2.461,2.4,1942000,-49160000,48359000,48359000,0,0.19,0.277,3.714,0.19,1244000,19800000,1.0,8106657,7905000,7987000,6.118,32574000,4159000,2425000,191000,4.102,18124000
CLCT,MRY,2013-12-31,2013-06-30,2013-06-30,2018-05-08,0,33018000,33522750,24726000,8292000,1.464,2.549,-1076000,18711000,18711000,19068000,5730000,2.397,0.606,0,0,0,0,2345000,1044000,0,0.098,1.3,9533000,10577000,0.215,10577000,9533000,9533000,0.71,0.71,0.71,20562000,21371000,20562000,93758433,9,8.864,7978000,0.991,1.0,30022000,0.612,3560000,0,431000,1365750,1656000,0,0,0,12456000,10316000,2140000,112490433,-2503000,191000,129000,0,-10801000,-10672000,-885000,0,9054000,0,5730000,5730000,5730000,58000,0,0.117,20528000,9494000,1608000,1.831,5.471,19.632,18.662,2153000,0,13.25,2.292,2.173,2067000,-54025000,49090000,49090000,0,0.171,0.268,6.98,0.194,831000,20528000,1.0,8489844,8052000,8101000,6.097,29458000,3331000,3803000,760000,3.652,14410000
CLCT,MRY,2014-12-31,2014-06-30,2014-06-30,2018-05-08,0,35588000,33111750,27001000,8587000,1.829,2.511,-1373000,19909000,19909000,22663000,7359000,2.021,0.724,0,0,0,0,2645000,1256000,0,0.066,1.3,12440000,13696000,0.226,13696000,12440000,12440000,0.9,0.89,0.9,20640000,19663250,20640000,154511630,12,11.282,10743000,1.315,1.0,37908000,0.626,3355000,0,-1039000,211500,1888000,0,0,0,14948000,13363000,1585000,172194630,1198000,18000,1168000,0,-10731000,-9563000,-1355000,0,12116000,0,7359000,7359000,7359000,75000,0,0.121,25432000,12476000,2062000,1.444,8.343,23.399,21.767,2466000,0,19.59,2.843,2.641,2118000,-57380000,60571000,60571000,0,0.222,0.374,58.818,0.205,1946000,25432000,1.0,8789925,8167000,8247000,7.417,32233000,3923000,5081000,851000,3.921,13638000
CLCT,MRY,2015-12-31,2015-06-30,2015-06-30,2018-05-08,0,32202000,32934750,22273000,9929000,1.873,2.208,-1256000,17254000,17254000,23053000,7401000,1.758,0.744,0,0,0,0,2621000,1293000,0,0.068,1.35,12083000,13376000,0.217,13376000,12083000,12083000,0.89,0.87,0.89,18469000,19362500,18469000,159707811,13,11.94,9348000,1.12,1.0,38631000,0.626,3641000,0,-1362000,-320500,1619000,0,0,0,13733000,12669000,1064000,177036811,-2655000,-84000,-558000,0,-11361000,-11919000,-1340000,0,10604000,0,7401000,7401000,7401000,-17000,0,0.12,26523000,12108000,1961000,1.517,9.586,23.921,22.404,2326000,0,19.94,2.87,2.698,2460000,-61388000,61684000,61684000,0,0.225,0.382,-37.7,0.196,2239000,26523000,1.0,8878476,8345000,8518000,7.392,28561000,3544000,4682000,521000,3.415,9604000
CLCT,MRY,2016-12-31,2016-06-30,2016-06-30,2018-05-08,0,28190000,29057500,18958000,9232000,2.098,1.773,-2064000,11967000,11967000,22902000,7640000,1.505,0.88,0,0,0,0,2563000,1528000,0,0.071,1.4,12360000,13888000,0.228,13888000,12360000,12360000,0.9,0.89,0.9,14995000,16034500,14995000,163156554,13,11.748,6668000,0.79,1.0,38052000,0.624,3845000,0,-219000,-2750,1835000,0,0,0,13195000,12597000,598000,175737554,-5287000,53000,0,0,-12008000,-12008000,-2011000,0,8732000,0,7640000,7640000,7640000,-41000,0,0.125,25682000,12370000,2728000,1.556,11.72,23.002,21.944,2839000,0,19.75,2.883,2.736,3883000,-65656000,60954000,60954000,0,0.263,0.476,-4494.545,0.203,596000,25682000,1.0,8898104,8445000,8545000,7.218,24345000,2229000,4720000,782000,2.879,6361000
CLCT,MRY,2017-12-31,2017-06-30,2017-06-30,2018-05-08,0,28609000,27932500,17824000,10785000,2.512,1.876,-2470000,9826000,9826000,26847000,8509000,1.436,0.797,0,0,0,0,2676000,1665000,0,0.056,1.4,13227000,14892000,0.212,14892000,13227000,13227000,1.0,0.99,1.0,15917000,14318250,15917000,210850800,15,14.159,9714000,1.146,1.0,43311000,0.617,4266000,0,2101000,374500,2722000,0,0,0,12692000,12416000,276000,221686800,-2141000,57000,0,0,-11912000,-11912000,-2413000,0,12184000,0,8509000,8509000,8509000,7000,0,0.121,30087000,13224000,2660000,1.4,13.928,26.053,24.85,3163000,0,24.85,3.16,3.004,3615000,-69040000,70158000,70158000,0,0.305,0.594,35.319,0.189,4025000,30087000,1.0,8920998,8480000,8630000,8.273,24343000,2864000,4718000,664000,2.869,5408000
