ticker,dimension,calendardate,datekey,reportperiod,lastupdated,accoci,assets,assetsavg,assetsc,assetsnc,assetturnover,bvps,capex,cashneq,cashnequsd,cor,consolinc,currentratio,de,debt,debtc,debtnc,debtusd,deferredrev,depamor,deposits,divyield,dps,ebit,ebitda,ebitdamargin,ebitdausd,ebitusd,ebt,eps,epsdil,epsusd,equity,equityavg,equityusd,ev,evebit,evebitda,fcf,fcfps,fxusd,gp,grossmargin,intangibles,intexp,invcap,invcapavg,inventory,investments,investmentsc,investmentsnc,liabilities,liabilitiesc,liabilitiesnc,marketcap,ncf,ncfbus,ncfcommon,ncfdebt,ncfdiv,ncff,ncfi,ncfinv,ncfo,ncfx,netinc,netinccmn,netinccmnusd,netincdis,netincnci,netmargin,opex,opinc,payables,payoutratio,pb,pe,pe1,ppnenet,prefdivis,price,ps,ps1,receivables,retearn,revenue,revenueusd,rnd,roa,roe,roic,ros,sbcomp,sgna,sharefactor,sharesbas,shareswa,shareswadil,sps,tangibles,taxassets,taxexp,taxliabilities,tbvps,workingcapital
CMRO,MRY,2011-12-31,2012-01-31,2012-01-31,2017-12-19,0,3927000,6169250,3709000,218000,1.308,-0.181,-92000,1000000,1000000,8261000,-5310000,0.71,-3.928,0,0,0,0,0,387000,0,0.0,0.0,-5246000,-4859000,-0.602,-4859000,-5246000,-5308000,-0.72,-0.72,-0.72,-1341000,498000,-1341000,795111,0,-0.164,-4328000,-0.588,1.0,-192000,-0.024,0,62000,-2300000,-1128750,1131000,0,0,0,5268000,5227000,41000,1182111,-5473000,0,0,-1000000,0,-1053000,-184000,0,-4236000,0,-5310000,-5310000,-5310000,21000,0,-0.658,5071000,-5263000,3912000,0.0,-0.882,-0.223,-0.222,126000,0,0.16,0.147,0.146,1607000,-17523000,8069000,8069000,1931000,-0.861,-10.663,4.648,-0.65,150000,3140000,1.0,7388194,7365000,7365000,1.096,3927000,0,2000,0,0.531,-1518000
CMRO,MRY,2012-12-31,2013-01-31,2013-01-31,2017-12-19,0,3211000,4319750,3009000,202000,1.467,-0.888,-92000,186000,186000,4150000,-5592000,0.301,-1.474,2000000,2000000,0,2000000,0,97000,0,0.0,0.0,-4109000,-4012000,-0.633,-4012000,-4109000,-5590000,-0.74,-0.74,-0.74,-6774000,-3661250,-6774000,1729392,0,-0.431,-2804000,-0.372,1.0,2188000,0.345,0,1481000,-4960000,-3378250,466000,0,0,0,9985000,9985000,0,1218392,-804000,0,0,2000000,0,2000000,-92000,0,-2712000,0,-5592000,-5592000,-5592000,0,0,-0.882,5196000,-3008000,3688000,0.0,-0.18,-0.218,-0.216,120000,0,0.16,0.192,0.19,2439000,-23115000,6338000,6338000,2435000,-1.295,1.527,1.216,-0.648,159000,2761000,1.0,7614954,7545000,7545000,0.84,3211000,0,2000,0,0.421,-6976000
CMRO,MRY,2013-12-31,2014-01-31,2014-01-31,2017-12-19,0,1337000,2631000,1241000,96000,1.683,-0.526,-9000,1178000,1178000,3930000,-2058000,0.137,-1.173,1167000,1167000,0,1167000,0,55000,0,0.0,0.0,-1658000,-1603000,-0.362,-1603000,-1658000,-2056000,-0.14,-0.14,-0.14,-7725000,-7566000,-7725000,3438149,-2,-2.145,434000,0.03,1.0,499000,0.113,0,398000,-7736000,-6269750,0,0,0,0,9062000,9062000,0,2643149,992000,0,1030000,-500000,0,530000,19000,0,443000,0,-2058000,-2058000,-2058000,0,0,-0.465,2732000,-2233000,4363000,0.0,-0.342,-1.284,-1.286,14000,0,0.18,0.597,0.585,128000,-25173000,4429000,4429000,733000,-0.782,0.272,0.264,-0.374,77000,1999000,1.0,14684165,14397000,14397000,0.308,1337000,0,2000,0,0.091,-7821000
CMRO,MRY,2014-12-31,2015-01-31,2015-01-31,2017-12-19,0,2282000,2225750,2269000,13000,0.0,0.045,0,2145000,2145000,-1099000,6040000,1.396,2.473,0,0,0,0,0,6000,0,0.0,0.0,6462000,6468000,,6468000,6462000,6082000,0.41,0.41,0.41,657000,-2041500,657000,-391216,0,-0.06,2467000,0.168,1.0,1099000,,0,380000,-1488000,-3778500,0,0,0,0,1625000,1625000,0,2055783,1044000,0,0,-1500000,0,-1500000,77000,0,2467000,0,6040000,6040000,6040000,0,0,,1541000,-442000,737000,0.0,3.129,0.34,0.341,8000,0,0.14,,,122000,-19133000,0,0,309000,2.714,-2.959,-1.71,,48000,1232000,1.0,14684165,14684000,14863000,0.0,2282000,0,42000,40000,0.155,644000
CMRO,MRY,2015-12-31,2016-01-31,2016-01-31,2017-12-19,0,922000,1410750,843000,79000,0.0,-0.044,0,757000,757000,0,-1346000,0.537,-2.423,0,0,0,0,0,6000,0,0.0,0.0,-1346000,-1340000,,-1340000,-1346000,-1346000,-0.09,-0.09,-0.09,-648000,-83500,-648000,543858,0,-0.406,-1388000,-0.095,1.0,0,,0,0,-1405000,-1308500,0,0,0,0,1570000,1570000,0,1610858,-1460000,0,0,0,0,0,-72000,0,-1388000,0,-1346000,-1346000,-1346000,0,0,,1376000,-1376000,883000,0.0,-2.486,-1.197,-1.222,2000,0,0.11,,,122000,-20479000,0,0,0,-0.954,16.12,1.029,,41000,1376000,1.0,14644165,14652000,14652000,0.0,922000,0,0,0,0.063,-727000
CMRO,MRY,2016-12-31,2017-01-31,2017-01-31,2017-12-19,0,632000,1149000,632000,0,0.0,0.016,0,618000,618000,-472000,845000,1.6,1.667,0,0,0,0,0,2000,0,0.0,0.0,850000,852000,,852000,850000,850000,0.06,0.06,0.06,237000,567500,237000,87091,0,0.102,-139000,-0.01,1.0,472000,,0,0,-381000,-505250,0,0,0,0,395000,395000,0,1025091,-62000,0,0,0,0,0,77000,0,-139000,0,845000,845000,845000,0,0,,1331000,-859000,6000,0.0,4.325,1.213,1.167,0,0,0.07,,,0,-19634000,0,0,0,0.735,1.489,-1.682,,40000,1331000,1.0,14644165,14615000,14617000,0.0,632000,0,5000,5000,0.044,237000
