ticker,dimension,calendardate,datekey,reportperiod,lastupdated,accoci,assets,assetsavg,assetsc,assetsnc,assetturnover,bvps,capex,cashneq,cashnequsd,cor,consolinc,currentratio,de,debt,debtc,debtnc,debtusd,deferredrev,depamor,deposits,divyield,dps,ebit,ebitda,ebitdamargin,ebitdausd,ebitusd,ebt,eps,epsdil,epsusd,equity,equityavg,equityusd,ev,evebit,evebitda,fcf,fcfps,fxusd,gp,grossmargin,intangibles,intexp,invcap,invcapavg,inventory,investments,investmentsc,investmentsnc,liabilities,liabilitiesc,liabilitiesnc,marketcap,ncf,ncfbus,ncfcommon,ncfdebt,ncfdiv,ncff,ncfi,ncfinv,ncfo,ncfx,netinc,netinccmn,netinccmnusd,netincdis,netincnci,netmargin,opex,opinc,payables,payoutratio,pb,pe,pe1,ppnenet,prefdivis,price,ps,ps1,receivables,retearn,revenue,revenueusd,rnd,roa,roe,roic,ros,sbcomp,sgna,sharefactor,sharesbas,shareswa,shareswadil,sps,tangibles,taxassets,taxexp,taxliabilities,tbvps,workingcapital
CNIT,MRY,2011-12-31,2011-12-31,2011-12-31,2018-03-30,19925259,361792142,358060139,169661098,192131044,0.32,8.408,-18626690,26557683,26557683,70216049,8570179,1.574,0.473,41092981,40983457,109524,41092981,6403966,10853984,0,0.0,0.0,11661953,22515937,0.197,22515937,11661953,8713547,0.3,0.29,0.3,230866530,228892943,230866530,54612703,4,2.426,-2285363,-0.085,1.0,44319504,0.387,70320762,2948406,198242050,201998896,22317260,2401561,0,2401561,109252456,107764628,1487828,34908837,-4147223,0,-684046,-1594619,0,-2169334,-18626690,0,16341327,307474,7909398,7909398,7909398,0,660781,0.069,34792371,9527133,53803496,0.0,0.151,4.414,4.223,91161093,0,1.267,0.305,0.296,118237321,95600619,114535553,114535553,4483754,0.022,0.035,0.058,0.102,0,30308617,1.0,27552358,26737638,26965006,4.284,291471380,3231876,804149,4891629,10.615,61896470
CNIT,MRY,2012-12-31,2012-12-31,2012-12-31,2018-03-30,21811064,287421889,324607015,143784382,143637507,0.266,5.281,-5481217,21095013,21095013,65877975,-90622558,1.178,0.865,50887221,50813046,74175,50887221,3754442,11532635,0,0.0,0.0,-84171436,-72638801,-0.841,-72638801,-84171436,-88818254,-3.32,-3.32,-3.32,142684216,186775373,142684216,51866083,0,-0.714,-14748727,-0.546,1.0,20499480,0.237,55161829,4646818,139994638,169118344,16797673,2580096,0,2580096,123407956,122057630,1350326,24574222,-3271636,-79332,-315577,9465294,0,11476165,-5560549,0,-9267510,80258,-89630508,-89630508,-89630508,0,-992050,-1.038,106248712,-85749232,60896621,0.0,0.172,-0.274,-0.274,66269320,0,0.91,0.284,0.285,94792094,5804023,86377455,86377455,4951166,-0.276,-0.48,-0.498,-0.974,0,62586540,1.0,27007608,27017780,27017780,3.197,232260060,2838001,812254,4924349,8.597,21726752
CNIT,MRY,2013-12-31,2013-12-31,2013-12-31,2018-03-30,25070226,189238990,238330439,81211761,108027229,0.233,1.365,-152798,21429417,21429417,45867163,-122206027,0.635,3.456,59260879,58948332,312547,59260879,4623283,7839674,0,0.0,0.0,-112571199,-104731525,-1.89,-104731525,-112571199,-117505678,-4.33,-4.33,-4.33,37348774,90016495,37348774,225057213,-1,-2.149,-11530338,-0.421,1.0,9552668,0.172,55250250,4934479,43829034,91911836,15655723,2661385,0,2661385,129059540,127991168,1068372,195265005,335594,-378144,6000000,4906373,0,14718305,-3228301,0,-11377540,223130,-119236823,-119236823,-119236823,-725063,-2969204,-2.152,127768036,-118215368,57865898,0.0,5.228,-1.638,-1.67,31531027,0,7.23,3.523,3.569,32652827,-113513766,55419831,55419831,2190074,-0.5,-1.325,-1.225,-2.031,6900000,93592723,1.0,27007608,27356504,27356504,2.026,133988740,845723,1731145,4463503,4.898,-46779407
CNIT,MRY,2014-12-31,2014-12-31,2014-12-31,2018-03-30,24755457,179405809,184322399,84276052,95129757,0.21,0.637,1479568,17843018,17843018,28146390,-29752298,0.601,7.219,52038499,51823869,214630,52038499,1183733,2135644,0,0.0,0.0,-27972136,-25836492,-0.669,-25836492,-27972136,-33830906,-0.79,-0.79,-0.79,19508247,28428510,19508247,152360921,-5,-5.897,-11149957,-0.364,1.0,10488357,0.271,15612831,5858770,57669291,50749162,3959031,0,0,0,140827000,140319168,507832,114529459,105599,-6652086,2393028,2614710,0,6395388,6320709,0,-12629525,19027,-29231347,-29231347,-29231347,5260538,-520951,-0.757,34397570,-23909213,40990317,0.0,5.871,-3.918,-4.937,8921397,0,3.9,2.964,3.089,8319017,-142910476,38634747,38634747,1477246,-0.159,-1.028,-0.551,-0.724,201782,25077278,1.0,29366528,30601209,30601209,1.263,163792978,4270042,-4599559,3441609,5.353,-56043116
CNIT,MRY,2015-12-31,2015-12-31,2015-12-31,2018-03-30,24551707,66091704,122748756,33889048,32202656,0.084,0.642,-3015978,4655163,4655163,6381205,-7195789,0.954,1.723,15272986,15272986,0,15272986,2651156,1665257,0,0.0,0.0,-82457,1582800,0.154,1582800,-82457,-3199234,-0.26,-0.26,-0.26,20684520,20096383,20684520,93946494,-1139,59.355,-28930579,-0.897,1.0,3903663,0.38,7283557,3116777,33887194,45778242,2141093,0,0,0,35637467,35538776,98691,54169710,-7402345,-1488969,11476169,-35466212,0,-24136786,42084917,0,-25914601,564125,-7504262,-7504262,-7504262,-1498971,308473,-0.73,872983,3030680,12990789,0.0,2.619,-7.219,-6.462,8372961,0,1.68,5.267,5.267,18978931,-154979095,10284868,10284868,3446867,-0.061,-0.373,-0.002,-0.008,102282,13885047,1.0,32243875,32243875,,0.319,58808147,460237,4305028,3170124,1.824,-1649728
CNIT,MRY,2016-12-31,2016-12-31,2016-12-31,2018-03-30,23994357,34286999,50189351,15645187,18641812,0.203,0.094,-3164617,3752375,3752375,7607190,-18524477,0.732,5.794,7799852,7799852,0,7799852,1668049,1736607,0,0.0,0.0,-17613826,-15877219,-1.558,-15877219,-17613826,-18112757,-0.45,-0.45,-0.45,3708163,12196341,3708163,38987535,-2,-2.456,-5985670,-0.152,1.0,2586400,0.254,1556306,498931,15393854,24640524,1477783,43205,0,43205,21484751,21384316,100435,28369712,-34471,12267199,-379710,-6774037,0,-7153747,9102582,0,-2821053,837747,-18170601,-18170601,-18170601,0,-353876,-1.783,17164328,-14577928,9037990,0.0,7.651,-1.561,-1.603,8674850,0,0.721,2.783,2.783,3255226,-173149696,10193590,10193590,3044972,-0.362,-1.49,-0.715,-1.728,273102,9676989,1.0,39331364,39331364,,0.259,32730693,100435,57844,2689857,0.832,-5739129
CNIT,MRY,2017-12-31,2017-12-31,2017-12-31,2018-03-30,24201766,37639430,35963214,21518685,16120745,0.506,0.134,-3775219,3260808,3260808,9867508,939309,0.935,4.295,7817610,7817610,0,7817610,281772,2036438,0,0.0,0.0,238286,2274724,0.125,2274724,238286,-211738,0.02,0.02,0.02,5383487,4545825,5383487,63589592,266,27.955,765030,0.019,1.0,8321766,0.458,808707,450024,18374514,16884184,631610,46094,0,46094,23121938,23013011,108927,59542115,-491567,0,0,-485486,0,-485486,-3775219,0,4540249,-771111,858605,858605,858605,0,80704,0.047,8772469,-450703,13074373,0.0,11.06,69.348,74.0,11830698,0,1.48,3.273,3.273,11771475,-172395246,18189274,18189274,4031313,0.024,0.189,0.014,0.013,487407,4741156,1.0,40231159,40231159,,0.452,36830723,108927,-1070343,1657342,0.915,-1494326
