ticker,dimension,calendardate,datekey,reportperiod,lastupdated,accoci,assets,assetsavg,assetsc,assetsnc,assetturnover,bvps,capex,cashneq,cashnequsd,cor,consolinc,currentratio,de,debt,debtc,debtnc,debtusd,deferredrev,depamor,deposits,divyield,dps,ebit,ebitda,ebitdamargin,ebitdausd,ebitusd,ebt,eps,epsdil,epsusd,equity,equityavg,equityusd,ev,evebit,evebitda,fcf,fcfps,fxusd,gp,grossmargin,intangibles,intexp,invcap,invcapavg,inventory,investments,investmentsc,investmentsnc,liabilities,liabilitiesc,liabilitiesnc,marketcap,ncf,ncfbus,ncfcommon,ncfdebt,ncfdiv,ncff,ncfi,ncfinv,ncfo,ncfx,netinc,netinccmn,netinccmnusd,netincdis,netincnci,netmargin,opex,opinc,payables,payoutratio,pb,pe,pe1,ppnenet,prefdivis,price,ps,ps1,receivables,retearn,revenue,revenueusd,rnd,roa,roe,roic,ros,sbcomp,sgna,sharefactor,sharesbas,shareswa,shareswadil,sps,tangibles,taxassets,taxexp,taxliabilities,tbvps,workingcapital
COG,MRY,2011-12-31,2011-12-31,2011-12-31,2018-04-28,104547000,4331493000,4275614250,345800000,3985693000,0.229,5.045,-891277000,29911000,29911000,252141000,122408000,1.007,1.058,950000000,0,950000000,950000000,0,343141000,0,0.002,0.03,306850000,649991000,0.663,649991000,306850000,235187000,0.29,0.29,0.29,2104768000,2000039250,2104768000,9073194986,29,13.959,-389438000,-0.934,1.0,727723000,0.743,0,71663000,4908238000,5022415250,21278000,195512000,174263000,21249000,2226725000,343344000,1883381000,7931122986,-26038000,0,0,-25000000,-12508000,-40257000,-487620000,0,501839000,0,122408000,122408000,122408000,0,0,0.125,420873000,306850000,217294000,0.103,3.768,64.793,65.431,3934584000,0,18.975,8.094,8.075,114381000,1258291000,979864000,979864000,36447000,0.029,0.061,0.061,0.313,52940000,104667000,1.0,417977496,416996000,421522000,2.35,4331493000,1388000,112779000,857724000,10.382,2456000
COG,MRY,2012-12-31,2012-12-31,2012-12-31,2018-04-28,23880000,4616313000,4478059000,270310000,4346003000,0.269,5.078,-927977000,30736000,30736000,338928000,131730000,0.609,1.166,1087192000,75192000,1012000000,1087192000,0,451405000,0,0.002,0.04,306186000,757591000,0.629,757591000,306186000,237840000,0.31,0.31,0.31,2131447000,2122005000,2131447000,11481953688,37,15.156,-275884000,-0.658,1.0,865618000,0.719,0,68346000,5228630000,5094070000,14173000,50824000,50824000,0,2484866000,444139000,2040727000,10457454688,825000,0,0,137000000,-16757000,114246000,-765514000,0,652093000,0,131730000,131730000,131730000,0,0,0.109,559485000,306133000,312480000,0.129,4.906,79.386,80.226,4310977000,0,24.87,8.682,8.653,172419000,1373264000,1204546000,1204546000,37476000,0.029,0.062,0.06,0.254,46872000,121239000,1.0,420484708,419075000,421987000,2.874,4616313000,0,106110000,889542000,10.999,-173829000
COG,MRY,2013-12-31,2013-12-31,2013-12-31,2018-04-28,-8361000,4981080000,4929561000,378899000,4602181000,0.354,5.265,-1194739000,51494000,51494000,443326000,279773000,0.929,1.259,1160912000,13912000,1147000000,1160912000,0,651052000,0,0.002,0.06,551582000,1202634000,0.689,1202634000,551582000,485538000,0.67,0.66,0.67,2204602000,2235697750,2204602000,17489218995,31,14.542,-170213000,-0.405,1.0,1302952000,0.746,0,66044000,5682593000,5611015500,17468000,29911000,3019000,26892000,2776478000,407905000,2368573000,16355150995,-7336000,0,-164634000,60000000,-25232000,-113655000,-918207000,0,1024526000,0,279773000,279773000,279773000,0,0,0.16,752472000,550480000,288801000,0.09,7.419,58.459,57.851,4546227000,0,38.76,9.366,9.326,222476000,1627805000,1746278000,1746278000,18165000,0.057,0.125,0.098,0.316,28052000,104606000,1.0,421959520,420188000,422375000,4.156,4981080000,81855000,205765000,1099503000,11.895,-29006000
COG,MRY,2014-12-31,2014-12-31,2014-12-31,2018-04-28,-2151000,5437716000,5399919250,413447000,5024269000,0.402,5.188,-1479632000,20954000,20954000,571892000,104468000,0.829,1.538,1752000000,0,1752000000,1752000000,0,632760000,0,0.003,0.08,106186000,738946000,0.34,738946000,106186000,32401000,0.25,0.25,0.25,2142733000,2294983500,2142733000,13531531646,127,18.312,-243197000,-0.585,1.0,1601119000,0.737,0,73785000,6669744000,6335579750,14026000,205632000,137603000,68029000,3294983000,499018000,2795965000,12229518646,-2446000,-214737000,-138852000,605000000,-33278000,425959000,-1664840000,0,1236435000,0,104468000,104468000,104468000,0,0,0.048,1498013000,103106000,400076000,0.32,5.707,117.065,118.44,4925711000,0,29.61,5.628,5.666,235397000,1698995000,2173011000,2173011000,28746000,0.019,0.046,0.017,0.049,22804000,82590000,1.0,413019880,415840000,417601000,5.226,5437716000,3612000,-72067000,879149000,13.166,-85571000
COG,MRY,2015-12-31,2015-12-31,2015-12-31,2018-04-28,-365000,5253038000,5438738250,144786000,5108252000,0.25,4.855,-955602000,514000,514000,623803000,-113891000,0.615,1.615,2016139000,20000000,1996139000,2016139000,0,622211000,0,0.005,0.08,-90362000,531849000,0.392,531849000,-90362000,-187273000,-0.28,-0.28,-0.28,2009188000,2113093000,2009188000,9349669646,-103,17.58,-206004000,-0.498,1.0,733347000,0.54,0,96911000,7033111000,7114722750,17049000,103517000,0,103517000,3243850000,235552000,3008298000,7321442646,-20440000,-16312000,0,273000000,-33090000,223296000,-993334000,0,749598000,0,-113891000,-113891000,-113891000,0,0,-0.084,828676000,-95329000,160407000,-0.286,3.644,-64.285,-63.179,4976879000,0,17.69,5.395,5.392,120229000,1552014000,1357150000,1357150000,27460000,-0.021,-0.054,-0.013,-0.067,13645000,67996000,1.0,413874655,413696000,413696000,3.281,5253038000,4323000,-73382000,807236000,12.692,-90766000
COG,MRY,2016-12-31,2016-12-31,2016-12-31,2018-04-28,985000,5122569000,5481917000,715881000,4406688000,0.211,5.519,-375153000,498542000,498542000,577246000,-417124000,2.777,0.995,1560789000,40259000,1520530000,1560789000,0,590128000,0,0.003,0.08,-571263000,18865000,0.016,18865000,-571263000,-659599000,-0.91,-0.91,-0.91,2567667000,2813144000,2567667000,11890707483,-20,630.305,22288000,0.049,1.0,578431000,0.501,0,88336000,5927004000,6299254750,13304000,129524000,0,129524000,2554902000,257812000,2297090000,10865892483,498028000,0,995279000,-497000000,-36187000,453805000,-353218000,0,397441000,0,-417124000,-417124000,-417124000,0,0,-0.361,1140899000,-562468000,168411000,-0.088,4.232,-26.05,-25.67,4250125000,0,23.36,9.402,9.234,191045000,1098703000,1155677000,1155677000,27662000,-0.076,-0.148,-0.091,-0.494,25982000,85633000,1.0,465149507,456847000,456847000,2.53,5122569000,10298000,-242475000,579447000,11.011,458069000
COG,MRY,2017-12-31,2017-12-31,2017-12-31,2018-04-28,2077000,4727344000,5079989250,764957000,3962387000,0.347,5.459,-764558000,480047000,480047000,632488000,100393000,1.214,0.873,1552528000,334637000,1217891000,1552528000,0,568817000,0,0.006,0.17,-146305000,422512000,0.239,422512000,-146305000,-228435000,0.22,0.22,0.22,2523905000,2629427250,2523905000,14239835640,-97,33.703,133602000,0.288,1.0,1131731000,0.641,0,82130000,5169775000,5720218500,8006000,88316000,0,88316000,2203439000,630050000,1573389000,13227740640,-18495000,0,-123741000,0,-78838000,-210502000,-706153000,0,898160000,0,100393000,100393000,100393000,0,0,0.057,1182505000,-50774000,238045000,0.773,5.241,131.76,130.0,3072204000,0,28.6,7.498,7.518,216004000,1162430000,1764219000,1764219000,21526000,0.02,0.038,-0.026,-0.083,33419000,97786000,1.0,462508414,463735000,465551000,3.804,4727344000,56666000,-328828000,227030000,10.224,134907000
