ticker,dimension,calendardate,datekey,reportperiod,lastupdated,accoci,assets,assetsavg,assetsc,assetsnc,assetturnover,bvps,capex,cashneq,cashnequsd,cor,consolinc,currentratio,de,debt,debtc,debtnc,debtusd,deferredrev,depamor,deposits,divyield,dps,ebit,ebitda,ebitdamargin,ebitdausd,ebitusd,ebt,eps,epsdil,epsusd,equity,equityavg,equityusd,ev,evebit,evebitda,fcf,fcfps,fxusd,gp,grossmargin,intangibles,intexp,invcap,invcapavg,inventory,investments,investmentsc,investmentsnc,liabilities,liabilitiesc,liabilitiesnc,marketcap,ncf,ncfbus,ncfcommon,ncfdebt,ncfdiv,ncff,ncfi,ncfinv,ncfo,ncfx,netinc,netinccmn,netinccmnusd,netincdis,netincnci,netmargin,opex,opinc,payables,payoutratio,pb,pe,pe1,ppnenet,prefdivis,price,ps,ps1,receivables,retearn,revenue,revenueusd,rnd,roa,roe,roic,ros,sbcomp,sgna,sharefactor,sharesbas,shareswa,shareswadil,sps,tangibles,taxassets,taxexp,taxliabilities,tbvps,workingcapital
COKE,MRY,2011-12-31,2012-01-01,2012-01-01,2018-05-09,-80820000,1362425000,1351029000,322212000,1040213000,1.156,14.058,-51384000,93758000,93758000,931996000,32023000,1.061,9.06,597273000,124574000,472699000,597273000,0,62118000,0,0.017,1.0,84115000,146233000,0.094,146233000,84115000,48136000,3.11,3.09,3.11,129470000,138821750,129470000,1065774584,12,7.288,58266000,6.331,1.0,629243000,0.403,627160000,35979000,935010000,1049253250,66158000,0,0,0,1173018000,303770000,869248000,539126584,44886000,0,0,-4555000,-9203000,-13880000,-50884000,0,109650000,0,28608000,28608000,28608000,0,3415000,0.018,541713000,87530000,76353000,0.322,4.164,18.845,18.826,362724000,0,58.55,0.345,0.345,130689000,152446000,1561239000,1561239000,0,0.021,0.206,0.08,0.054,2342000,541713000,1.0,9207969,9204000,9244000,169.626,735265000,0,19528000,144091000,79.833,18442000
COKE,MRY,2012-12-31,2012-12-30,2012-12-30,2018-05-09,-94526000,1283474000,1352980500,241312000,1042162000,1.193,14.656,-52570000,10399000,10399000,960124000,31459000,1.116,8.015,492967000,25230000,467737000,492967000,0,61584000,0,0.015,1.0,84444000,146028000,0.09,146028000,84444000,49106000,2.95,2.94,2.95,135259000,140690500,135259000,1086807352,12,7.442,30602000,3.317,1.0,654309000,0.405,626744000,35338000,922986000,936852000,65924000,0,0,0,1084036000,216312000,867724000,605322352,-80359000,0,0,-104682000,-9224000,-113961000,-49570000,0,83172000,0,27217000,27217000,27217000,0,4242000,0.017,565623000,88686000,79481000,0.339,4.475,22.241,22.231,361617000,0,65.58,0.375,0.375,131921000,170439000,1614433000,1614433000,0,0.02,0.193,0.09,0.052,2623000,565623000,1.0,9230289,9226000,9266000,174.987,656730000,0,21889000,140965000,71.159,25000000
COKE,MRY,2013-12-31,2013-12-29,2013-12-29,2018-05-09,-58176000,1276156000,1304490250,239215000,1036941000,1.258,20.685,-55296000,11761000,11761000,982691000,32102000,1.146,5.312,463555000,25939000,437616000,463555000,0,58671000,0,0.014,1.0,69220000,127891000,0.078,127891000,69220000,39817000,2.99,2.98,2.99,191320000,161149500,191320000,1129441848,16,8.831,41078000,4.443,1.0,658640000,0.401,626402000,29403000,892732000,943225500,61987000,0,0,0,1016230000,208816000,807414000,675094848,1362000,0,0,-30307000,-9245000,-39716000,-55296000,0,96374000,0,27675000,27675000,27675000,0,4427000,0.017,584993000,73647000,69448000,0.334,3.529,24.394,24.408,351979000,0,72.98,0.411,0.411,138595000,188869000,1641331000,1641331000,0,0.021,0.172,0.073,0.042,2919000,584993000,1.0,9250409,9246000,9286000,177.518,649754000,0,12142000,153408000,70.251,30399000
COKE,MRY,2014-12-31,2014-12-28,2014-12-28,2018-05-09,-89914000,1433076000,1377411250,287001000,1146075000,1.268,19.807,-82663000,9095000,9095000,1041130000,36082000,1.262,6.406,503809000,6446000,497363000,503809000,0,61130000,0,0.011,1.0,80162000,141292000,0.081,141292000,80162000,50890000,3.38,3.37,3.38,183609000,199660750,183609000,1302184411,16,9.216,9240000,0.997,1.0,705239000,0.404,684040000,29272000,1016330000,989797750,70740000,0,0,0,1176133000,227420000,948713000,820974411,-2666000,-41588000,0,40061000,-9266000,29682000,-124251000,0,91903000,0,31354000,31354000,31354000,0,4728000,0.018,619272000,85967000,109867000,0.296,4.471,26.184,26.198,401203000,0,88.55,0.47,0.47,162998000,210957000,1746369000,1746369000,0,0.023,0.157,0.081,0.046,3542000,619272000,1.0,9271309,9267000,9307000,188.45,749036000,0,19536000,140000000,80.802,59581000
COKE,MRY,2015-12-31,2016-01-03,2016-01-03,2018-05-09,-82407000,1846565000,1708722500,434919000,1411646000,1.35,26.16,-161996000,55498000,55498000,1405426000,65044000,1.332,6.271,675412000,7063000,668349000,675412000,0,78096000,0,0.005,1.0,121995000,200091000,0.087,200091000,121995000,93080000,6.35,6.33,6.35,243056000,218807750,243056000,2261795714,18,11.304,-53706000,-5.782,1.0,901032000,0.391,781942000,28915000,1357984000,1200108500,89464000,0,0,0,1524133000,326553000,1197580000,1695924714,46403000,-55347000,0,172358000,-9287000,155456000,-217343000,0,108290000,0,59002000,59002000,59002000,0,6042000,0.026,802888000,98144000,162002000,0.157,6.978,28.744,28.742,565965000,0,182.51,0.735,0.735,236620000,260672000,2306458000,2306458000,0,0.035,0.27,0.102,0.053,7300000,802888000,1.0,9292229,9288000,9328000,248.327,1064623000,0,34078000,146944000,114.586,108366000
COKE,MRY,2016-12-31,2017-01-01,2017-01-01,2018-05-09,-92897000,2449484000,2243280500,593811000,1855673000,1.407,29.761,-171514000,21850000,21850000,1940706000,56663000,1.297,7.529,955975000,7527000,948448000,955975000,0,111613000,0,0.006,1.0,122520000,234133000,0.074,234133000,122520000,86195000,5.39,5.36,5.39,277131000,257422250,277131000,2482007698,20,10.601,-9519000,-1.023,1.0,1215722000,0.385,923041000,36325000,2002661000,1819447500,143553000,0,0,0,2086460000,457907000,1628553000,1665656698,-33648000,-280512000,0,280180000,-9307000,256383000,-452026000,0,161995000,0,50146000,50146000,50146000,0,6517000,0.016,1087863000,127859000,251976000,0.186,6.01,33.216,33.182,846541000,0,178.85,0.528,0.527,364574000,301511000,3156428000,3156428000,0,0.022,0.195,0.067,0.039,7154000,1087863000,1.0,9313149,9309000,9349000,339.073,1526443000,0,36049000,174854000,163.922,135904000
COKE,MRY,2017-12-31,2017-12-31,2017-12-31,2018-05-09,-94202000,3072960000,2885079250,794538000,2278422000,1.499,39.308,-167593000,16902000,16902000,2782721000,102847000,1.243,7.129,1131487000,8221000,1123266000,1131487000,0,150422000,0,0.005,1.0,98563000,248985000,0.058,248985000,98563000,56694000,10.35,10.3,10.35,366702000,303164250,366702000,3168325218,32,12.725,140223000,15.031,1.0,1540947000,0.356,1100988000,41869000,2447105000,2423117500,183618000,0,0,0,2614053000,639452000,1974601000,2009273218,-4948000,-291302000,0,172515000,-9328000,146131000,-458895000,0,307816000,0,96535000,96535000,96535000,0,6312000,0.022,1444768000,96179000,368091000,0.097,5.479,20.814,20.798,1061225000,0,215.26,0.465,0.464,493372000,388718000,4323668000,4323668000,0,0.033,0.318,0.041,0.023,7922000,1444768000,1.0,9334169,9329000,9369000,463.465,1971972000,0,-39841000,112364000,211.381,155086000
