ticker,dimension,calendardate,datekey,reportperiod,lastupdated,accoci,assets,assetsavg,assetsc,assetsnc,assetturnover,bvps,capex,cashneq,cashnequsd,cor,consolinc,currentratio,de,debt,debtc,debtnc,debtusd,deferredrev,depamor,deposits,divyield,dps,ebit,ebitda,ebitdamargin,ebitdausd,ebitusd,ebt,eps,epsdil,epsusd,equity,equityavg,equityusd,ev,evebit,evebitda,fcf,fcfps,fxusd,gp,grossmargin,intangibles,intexp,invcap,invcapavg,inventory,investments,investmentsc,investmentsnc,liabilities,liabilitiesc,liabilitiesnc,marketcap,ncf,ncfbus,ncfcommon,ncfdebt,ncfdiv,ncff,ncfi,ncfinv,ncfo,ncfx,netinc,netinccmn,netinccmnusd,netincdis,netincnci,netmargin,opex,opinc,payables,payoutratio,pb,pe,pe1,ppnenet,prefdivis,price,ps,ps1,receivables,retearn,revenue,revenueusd,rnd,roa,roe,roic,ros,sbcomp,sgna,sharefactor,sharesbas,shareswa,shareswadil,sps,tangibles,taxassets,taxexp,taxliabilities,tbvps,workingcapital
CONN,MRY,2011-12-31,2012-01-31,2012-01-31,2018-04-05,-293000,783298000,784949250,452558000,330740000,1.009,11.049,-4386000,6265000,6265000,462020000,-3723000,4.78,1.217,321704000,726000,320978000,321704000,15966000,12869000,0,0.0,0.0,18575000,31444000,0.04,31444000,18575000,-3882000,-0.12,-0.12,-0.12,353371000,355097750,353371000,675051651,36,21.468,60131000,1.887,1.0,330282000,0.417,0,22457000,1004063000,983426750,62540000,0,0,0,429927000,94674000,335253000,370885651,-4712000,0,2065000,-58225000,0,-64843000,-4386000,0,64517000,0,-3723000,-3723000,-3723000,0,0,-0.005,300581000,29701000,44711000,0.0,1.05,-99.62,-96.667,38484000,0,11.6,0.468,0.466,628038000,217337000,792302000,792302000,0,-0.005,-0.01,0.019,0.023,2304000,237098000,1.0,31972901,31860000,31860000,24.868,783298000,32121000,-159000,2028000,24.491,357884000
CONN,MRY,2012-12-31,2013-01-31,2013-01-31,2018-04-05,-223000,909857000,842671250,528244000,381613000,1.027,13.838,-9471000,3849000,3849000,483325000,52612000,3.495,0.918,295057000,32526000,262531000,295057000,14915000,13891000,0,0.0,0.0,99768000,113659000,0.131,113659000,99768000,82721000,1.6,1.56,1.6,474450000,405453250,474450000,1256747968,12,11.057,-32274000,-0.982,1.0,381707000,0.441,0,17047000,1049902000,969245000,73685000,0,0,0,435407000,151163000,284244000,930031968,-2416000,0,65452000,-26990000,0,29858000,-9471000,0,-22803000,0,52612000,52612000,52612000,0,0,0.061,281195000,100512000,69608000,0.0,1.96,17.677,17.775,46994000,0,28.44,1.075,1.08,736820000,269949000,865032000,865032000,0,0.062,0.13,0.103,0.115,1586000,230511000,1.0,32701546,32862000,33768000,26.323,909857000,26881000,30109000,4618000,26.537,377081000
CONN,MRY,2013-12-31,2014-01-31,2014-01-31,2018-04-05,-100000,1297986000,1113271000,735595000,562391000,1.072,16.343,-52083000,5727000,5727000,630225000,93449000,5.706,1.203,536051000,420000,535631000,536051000,13488000,13477000,0,0.0,0.0,161842000,175319000,0.147,175319000,161842000,146519000,2.61,2.54,2.61,589290000,547168750,589290000,2604234464,16,14.854,-262345000,-7.332,1.0,563544000,0.472,0,15323000,1699383000,1365180750,120530000,0,0,0,708696000,128927000,579769000,2185247464,1878000,0,17318000,240042000,0,264223000,-52083000,0,-210262000,0,93449000,93449000,93449000,0,0,0.078,401692000,161852000,82861000,0.0,3.708,23.384,23.261,86842000,0,60.71,1.831,1.82,1036160000,363398000,1193769000,1193769000,0,0.084,0.171,0.119,0.136,-1757000,303351000,1.0,35994852,35779000,36861000,33.365,1297986000,30192000,53070000,2924000,35.997,606668000
CONN,MRY,2014-12-31,2015-01-31,2015-01-31,2018-04-05,0,1645804000,1502847000,905675000,740129000,0.988,17.998,-42413000,12223000,12223000,777046000,58513000,6.246,1.518,772892000,395000,772497000,772892000,16179000,18485000,0,0.0,0.0,119867000,138352000,0.093,138352000,119867000,90502000,1.61,1.59,1.61,653670000,637013250,653670000,1262259101,10,9.124,-232314000,-6.412,1.0,708172000,0.477,0,29365000,2261464000,1980336500,159068000,0,0,0,992134000,145009000,847125000,571318101,6496000,0,1669000,236555000,0,238810000,-42413000,0,-189901000,0,58513000,58513000,58513000,0,0,0.039,588305000,119867000,85355000,0.0,0.874,9.764,9.776,120218000,0,15.74,0.385,0.384,1269054000,421911000,1485218000,1485218000,0,0.039,0.092,0.061,0.081,2804000,390176000,1.0,36297211,36232000,36900000,40.992,1645804000,64603000,31989000,3450000,45.315,760666000
CONN,MRY,2015-12-31,2016-01-31,2016-01-31,2018-04-05,0,2025300000,1869721750,1163000000,862300000,0.863,16.92,-57758000,90830000,90830000,833126000,30855000,7.959,2.763,1249678000,799000,1248879000,1249678000,16332000,22706000,0,0.0,0.0,112349000,135055000,0.084,135055000,112349000,49243000,0.88,0.87,0.88,538281000,633021750,538281000,1349838845,12,9.995,-229543000,-6.543,1.0,780052000,0.484,0,63106000,3038023000,2611896000,201969000,0,0,0,1487019000,146125000,1340894000,397257845,31000,0,-149128000,495413000,0,229574000,-57758000,0,-171785000,0,30855000,30855000,30855000,0,0,0.019,666336000,113716000,86797000,0.0,0.738,12.875,14.0,151483000,0,12.32,0.246,0.268,1470980000,452766000,1613178000,1613178000,0,0.017,0.049,0.043,0.07,4611000,436115000,1.0,32244955,35084343,35557069,45.98,2025300000,80993000,18388000,2823000,63.664,1016875000
CONN,MRY,2016-12-31,2017-01-31,2017-01-31,2018-04-05,0,1941134000,2003942750,1087673000,853461000,0.797,16.759,-35750000,134264000,134264000,823082000,-25562000,6.498,2.749,1145242000,849000,1144393000,1145242000,21821000,28846000,0,0.0,0.0,64098000,92944000,0.058,92944000,64098000,-34517000,-0.83,-0.83,-0.83,517790000,521084500,517790000,1395282087,21,15.012,169421000,5.505,1.0,773766000,0.485,0,98615000,2784731000,2895486000,164856000,0,0,0,1423344000,167381000,1255963000,325565087,11312000,0,1268000,-116699000,0,-158109000,-35750000,0,205171000,0,-25562000,-25562000,-25562000,0,0,-0.016,709668000,64098000,101612000,0.0,0.629,-12.736,-12.711,159202000,0,10.55,0.204,0.203,1387352000,427204000,1596848000,1596848000,0,-0.013,-0.049,0.022,0.04,5001000,460896000,1.0,30859250,30776479,30776479,51.885,1941134000,73592000,-8955000,3318000,62.828,920292000
CONN,MRY,2017-12-31,2018-01-31,2018-01-31,2018-04-05,0,1900799000,1915214250,1080017000,820782000,0.792,17.037,-16918000,96158000,96158000,720344000,6463000,6.581,2.552,1091012000,907000,1090105000,1091012000,22475000,30806000,0,0.0,0.0,111794000,142600000,0.094,142600000,111794000,31634000,0.21,0.2,0.21,535068000,526696000,535068000,1999728347,17,14.023,34443000,1.104,1.0,795687000,0.525,0,80160000,2731542000,2676471000,211894000,0,0,0,1365731000,164111000,1201620000,1044640347,-14280000,0,3318000,-60168000,0,-48723000,-16918000,0,51361000,0,6463000,6463000,6463000,0,0,0.004,680619000,115068000,71617000,0.0,1.952,161.634,158.571,143152000,0,33.3,0.689,0.685,1358619000,433667000,1516031000,1516031000,0,0.003,0.012,0.042,0.074,8680000,450413000,1.0,31370581,31192439,31777823,48.603,1900799000,53927000,25171000,2939000,60.523,915906000
