ticker,dimension,calendardate,datekey,reportperiod,lastupdated,accoci,assets,assetsavg,assetsc,assetsnc,assetturnover,bvps,capex,cashneq,cashnequsd,cor,consolinc,currentratio,de,debt,debtc,debtnc,debtusd,deferredrev,depamor,deposits,divyield,dps,ebit,ebitda,ebitdamargin,ebitdausd,ebitusd,ebt,eps,epsdil,epsusd,equity,equityavg,equityusd,ev,evebit,evebitda,fcf,fcfps,fxusd,gp,grossmargin,intangibles,intexp,invcap,invcapavg,inventory,investments,investmentsc,investmentsnc,liabilities,liabilitiesc,liabilitiesnc,marketcap,ncf,ncfbus,ncfcommon,ncfdebt,ncfdiv,ncff,ncfi,ncfinv,ncfo,ncfx,netinc,netinccmn,netinccmnusd,netincdis,netincnci,netmargin,opex,opinc,payables,payoutratio,pb,pe,pe1,ppnenet,prefdivis,price,ps,ps1,receivables,retearn,revenue,revenueusd,rnd,roa,roe,roic,ros,sbcomp,sgna,sharefactor,sharesbas,shareswa,shareswadil,sps,tangibles,taxassets,taxexp,taxliabilities,tbvps,workingcapital
COO,MRY,2011-12-31,2011-10-31,2011-10-31,2018-03-09,-18110000,2624518000,2609245500,540347000,2084171000,0.51,40.535,-103665000,5175000,5175000,526031000,175430000,2.022,0.355,380432000,52979000,327453000,380432000,0,98149000,0,0.001,0.06,210106000,308255000,0.232,308255000,210106000,192764000,3.74,3.63,3.74,1937488000,1839447750,1937488000,3745351067,17,12.15,232616000,4.959,1.0,804804000,0.605,1404908000,17342000,1327661000,1472531000,253584000,0,0,0,687030000,267206000,419824000,3308003067,1602000,-58010000,82035000,-242783000,-2816000,-172873000,-161675000,0,336281000,-131000,175430000,175430000,175430000,0,0,0.132,577248000,227556000,61755000,0.016,1.707,18.857,18.529,609205000,0,69.3,2.486,2.442,214779000,773136000,1330835000,1330835000,43581000,0.067,0.095,0.143,0.158,10981000,513138000,1.0,47734532,46904000,48309000,28.374,1219610000,55512000,17334000,22955000,25.516,273141000
COO,MRY,2012-12-31,2012-10-31,2012-10-31,2018-03-09,-31261000,2941384000,2763282500,657860000,2283524000,0.523,45.534,-99779000,12840000,12840000,521126000,248644000,2.506,0.332,373706000,25284000,348422000,373706000,0,111214000,0,0.001,0.06,286918000,398132000,0.275,398132000,286918000,275147000,5.18,5.05,5.18,2192751000,2060633000,2192751000,5064126226,17,12.72,215342000,4.494,1.0,924010000,0.639,1585030000,11771000,1454668000,1428021250,320199000,0,0,0,728226000,262552000,465674000,4596775226,7665000,-145319000,-16097000,-56752000,-2857000,-68443000,-238474000,0,315121000,-539000,248339000,248339000,248339000,0,305000,0.172,635612000,288398000,85056000,0.012,2.096,18.51,18.529,640255000,0,95.98,3.181,3.182,234297000,1018618000,1445136000,1445136000,51730000,0.09,0.121,0.201,0.199,10780000,564903000,1.0,47893053,47913000,49152000,30.162,1356354000,53851000,26808000,34611000,28.166,395308000
COO,MRY,2013-12-31,2013-10-31,2013-10-31,2018-03-09,-15762000,3137261000,3020111250,747241000,2390020000,0.526,49.378,-178127000,77393000,77393000,560917000,296906000,2.326,0.297,344657000,42987000,301670000,344657000,0,125349000,0,0.0,0.06,320684000,446033000,0.281,446033000,320684000,311516000,6.09,5.96,6.09,2404535000,2341579000,2404535000,6542698052,20,14.669,237798000,4.891,1.0,1026808000,0.647,1586380000,9168000,1496892000,1472482500,338917000,0,0,0,713767000,321253000,392514000,6324551052,64553000,-13045000,-148047000,-25837000,-2918000,-161597000,-189918000,0,415925000,143000,296151000,296151000,296151000,0,755000,0.187,685717000,341091000,108172000,0.01,2.63,21.356,21.217,739867000,0,129.21,3.983,3.956,229537000,1311851000,1587725000,1587725000,58827000,0.098,0.126,0.218,0.202,10457000,610735000,1.0,48947845,48615000,49685000,32.659,1550881000,57458000,15365000,27401000,31.848,425988000
COO,MRY,2014-12-31,2014-10-31,2014-10-31,2018-03-09,-106182000,4458340000,3540612750,791617000,3666723000,0.485,53.235,-238065000,25222000,25222000,626206000,271829000,1.79,0.728,1382351000,101518000,1280833000,1382351000,0,138201000,0,0.0,0.06,302526000,440727000,0.257,440727000,302526000,294561000,5.61,5.51,5.61,2569878000,2551395250,2569878000,8087608071,26,18.351,216758000,4.51,1.0,1091570000,0.635,2674526000,7965000,2698761000,1897783000,381474000,0,0,0,1869900000,442182000,1427718000,7913453071,-52171000,-1109702000,-67193000,887003000,-2884000,842165000,-1346408000,0,454823000,-2751000,269856000,269856000,269856000,0,1973000,0.157,785084000,306486000,116353000,0.011,3.079,29.325,29.216,937325000,0,163.9,4.607,4.586,276280000,1578823000,1717776000,1717776000,66259000,0.076,0.106,0.159,0.176,17215000,683115000,1.0,48282203,48061000,48960000,35.742,1783814000,55956000,24705000,73559000,36.952,349435000
COO,MRY,2015-12-31,2015-10-31,2015-10-31,2018-03-09,-191643000,4459864000,4402737500,841428000,3618436000,0.408,54.733,-243000000,16426000,16426000,726800000,205100000,1.479,0.67,1349211000,243803000,1105408000,1349211000,0,191400000,0,0.0,0.06,232000000,423400000,0.236,423400000,232000000,213900000,4.2,4.14,4.2,2667509000,2616405250,2667509000,8697665042,37,20.542,147900000,3.049,1.0,1070300000,0.596,2608167000,18100000,2615700000,2640673750,419692000,0,0,0,1785960000,568782000,1217178000,7406813042,-8800000,-44900000,-72100000,-37300000,-2900000,-106700000,-287900000,0,390900000,-5100000,203500000,203500000,203500000,0,1600000,0.113,833600000,236700000,116912000,0.014,2.777,36.397,36.276,967097000,0,152.36,4.122,4.112,282918000,1779440000,1797100000,1797100000,69600000,0.046,0.078,0.088,0.129,15600000,712500000,1.0,48613895,48500000,49200000,37.054,1851697000,46241000,10400000,31016000,37.994,272646000
COO,MRY,2016-12-31,2016-10-31,2016-10-31,2018-03-09,-489600000,4478600000,4518582500,937100000,3541500000,0.435,55.242,0,100800000,100800000,793700000,274900000,1.725,0.661,1333700000,226300000,1107400000,1333700000,0,198300000,0,0.0,0.06,320800000,519100000,0.264,519100000,320800000,294600000,5.65,5.59,5.65,2695800000,2691130250,2695800000,9962021086,31,19.191,509600000,10.507,1.0,1173100000,0.596,2605800000,26200000,2562500000,2847631000,417700000,0,0,0,1782700000,543200000,1239500000,8580568086,84400000,0,7200000,-27600000,-2900000,-1400000,-418700000,0,509600000,-5100000,273900000,273900000,273900000,0,1000000,0.139,849000000,324100000,107400000,0.011,3.183,31.327,31.158,877700000,0,176.04,4.363,4.341,291400000,2046300000,1966800000,1966800000,65400000,0.061,0.102,0.113,0.163,10100000,722800000,1.0,48742150,48500000,49000000,40.553,1872800000,55800000,20700000,37500000,38.377,393900000
COO,MRY,2017-12-31,2017-10-31,2017-10-31,2018-03-09,-375300000,4858700000,4762000000,953200000,3905500000,0.449,64.943,-127200000,88800000,88800000,773200000,372900000,2.406,0.53,1172700000,23400000,1149300000,1172700000,0,188400000,0,0.0,0.06,427400000,615800000,0.288,615800000,427400000,394000000,7.63,7.52,7.63,3175700000,3006950000,3175700000,12927944402,30,20.994,466400000,9.538,1.0,1365800000,0.639,2859500000,33400000,2687000000,2755725000,454100000,0,0,0,1682900000,396100000,1286800000,11760544402,-12000000,-254100000,-60300000,-162500000,-2900000,-227900000,-381300000,0,593600000,3600000,372900000,372900000,372900000,0,0,0.174,936700000,429100000,142100000,0.008,3.703,31.538,31.489,910100000,0,240.26,5.498,5.493,316600000,2434200000,2139000000,2139000000,69200000,0.078,0.124,0.155,0.2,37200000,799100000,1.0,48949240,48900000,49600000,43.742,1999200000,60300000,21100000,38800000,40.883,557100000
