ticker,dimension,calendardate,datekey,reportperiod,lastupdated,accoci,assets,assetsavg,assetsc,assetsnc,assetturnover,bvps,capex,cashneq,cashnequsd,cor,consolinc,currentratio,de,debt,debtc,debtnc,debtusd,deferredrev,depamor,deposits,divyield,dps,ebit,ebitda,ebitdamargin,ebitdausd,ebitusd,ebt,eps,epsdil,epsusd,equity,equityavg,equityusd,ev,evebit,evebitda,fcf,fcfps,fxusd,gp,grossmargin,intangibles,intexp,invcap,invcapavg,inventory,investments,investmentsc,investmentsnc,liabilities,liabilitiesc,liabilitiesnc,marketcap,ncf,ncfbus,ncfcommon,ncfdebt,ncfdiv,ncff,ncfi,ncfinv,ncfo,ncfx,netinc,netinccmn,netinccmnusd,netincdis,netincnci,netmargin,opex,opinc,payables,payoutratio,pb,pe,pe1,ppnenet,prefdivis,price,ps,ps1,receivables,retearn,revenue,revenueusd,rnd,roa,roe,roic,ros,sbcomp,sgna,sharefactor,sharesbas,shareswa,shareswadil,sps,tangibles,taxassets,taxexp,taxliabilities,tbvps,workingcapital
CPB,MRY,2011-12-31,2011-07-31,2011-07-31,2018-03-05,-427000000,6862000000,6740000000,1963000000,4899000000,1.145,3.4,-263000000,484000000,484000000,4616000000,802000000,0.987,5.3,3084000000,657000000,2427000000,3084000000,0,268000000,0,0.035,1.145,1293000000,1561000000,0.202,1561000000,1293000000,1171000000,2.44,2.42,2.44,1088000000,1035000000,1088000000,13264918130,10,8.498,879000000,2.696,1.0,3103000000,0.402,2660000000,122000000,4813000000,4666000000,767000000,0,0,0,5766000000,1989000000,3777000000,10608918130,230000000,0,-632000000,295000000,-378000000,-700000000,-261000000,0,1142000000,49000000,805000000,805000000,805000000,0,-3000000,0.104,1824000000,1279000000,585000000,0.469,9.751,13.179,13.545,2103000000,0,33.05,1.374,1.396,560000000,9185000000,7719000000,7719000000,129000000,0.119,0.778,0.277,0.168,87000000,1619000000,1.0,320996010,326000000,329000000,23.678,4202000000,0,366000000,400000000,13.131,-26000000
CPB,MRY,2012-12-31,2012-07-29,2012-07-29,2018-03-05,-776000000,6530000000,6658750000,1771000000,4759000000,1.078,2.86,-322000000,335000000,335000000,4365000000,764000000,0.856,6.272,2790000000,786000000,2004000000,2790000000,0,262000000,0,0.035,1.16,1213000000,1475000000,0.206,1475000000,1213000000,1099000000,2.43,2.41,2.43,898000000,1131500000,898000000,12839931194,10,8.705,798000000,2.517,1.0,2810000000,0.392,2509000000,114000000,4406000000,4576500000,714000000,0,0,0,5632000000,2070000000,3562000000,10465931194,-149000000,0,-300000000,-257000000,-373000000,-920000000,-323000000,0,1120000000,-26000000,774000000,774000000,774000000,-40000000,-10000000,0.108,1655000000,1155000000,571000000,0.477,11.655,13.522,13.63,2127000000,0,33.12,1.459,1.463,553000000,9584000000,7175000000,7175000000,116000000,0.116,0.684,0.265,0.169,79000000,1521000000,1.0,316000338,317000000,319000000,22.634,4021000000,0,325000000,320000000,12.806,-299000000
CPB,MRY,2013-12-31,2013-07-28,2013-07-28,2018-03-05,-565000000,8323000000,8529000000,2221000000,6102000000,0.944,3.876,-331000000,333000000,333000000,5140000000,449000000,0.677,5.845,4453000000,1909000000,2544000000,4453000000,0,407000000,0,0.031,1.45,868000000,1275000000,0.158,1275000000,868000000,733000000,1.46,1.44,1.46,1217000000,1198250000,1217000000,18539726347,21,14.541,688000000,2.191,1.0,2912000000,0.362,3318000000,135000000,5843000000,5884750000,925000000,0,0,0,7113000000,3282000000,3831000000,14739726347,66000000,-1806000000,-70000000,1675000000,-367000000,1237000000,-2154000000,0,1019000000,-36000000,458000000,458000000,458000000,231000000,-9000000,0.057,1832000000,1080000000,523000000,0.993,12.112,32.183,32.24,2260000000,0,47.07,1.831,1.836,635000000,1772000000,8052000000,8052000000,128000000,0.054,0.382,0.147,0.108,113000000,1624000000,1.0,313144813,314000000,317000000,25.643,5005000000,0,275000000,508000000,15.939,-1061000000
CPB,MRY,2014-12-31,2014-08-03,2014-08-03,2018-03-05,-569000000,8113000000,8312750000,2100000000,6013000000,0.995,5.143,-325000000,232000000,232000000,5297000000,855000000,0.703,4.031,4015000000,1771000000,2244000000,4015000000,0,305000000,0,0.03,1.248,1362000000,1667000000,0.202,1667000000,1362000000,1240000000,2.76,2.74,2.76,1615000000,1494000000,1615000000,16943605154,12,10.164,574000000,1.828,1.0,2971000000,0.359,3608000000,122000000,5299000000,5403250000,1016000000,0,0,0,6510000000,2989000000,3521000000,13256605154,-169000000,191000000,-58000000,-494000000,-391000000,-925000000,-134000000,0,899000000,-9000000,866000000,866000000,866000000,-81000000,-11000000,0.105,1704000000,1267000000,527000000,0.452,8.208,15.308,15.301,2318000000,0,42.23,1.603,1.604,670000000,2198000000,8268000000,8268000000,122000000,0.104,0.58,0.252,0.165,57000000,1505000000,1.0,313914401,314000000,316000000,26.331,4505000000,0,374000000,585000000,14.347,-889000000
CPB,MRY,2015-12-31,2015-08-02,2015-08-02,2018-03-05,-168000000,8077000000,8009000000,2093000000,5984000000,1.009,4.469,-365000000,253000000,253000000,5300000000,666000000,0.746,4.852,4082000000,1543000000,2539000000,4082000000,0,303000000,0,0.025,1.248,1057000000,1360000000,0.168,1360000000,1057000000,949000000,2.13,2.13,2.13,1381000000,1530500000,1381000000,18866774829,17,13.873,817000000,2.619,1.0,2782000000,0.344,3549000000,108000000,5551000000,5471500000,995000000,0,0,0,6700000000,2806000000,3894000000,15311774829,21000000,-232000000,-235000000,91000000,-394000000,-526000000,-603000000,0,1182000000,-32000000,666000000,666000000,666000000,0,0,0.082,1728000000,1054000000,544000000,0.586,11.087,22.991,23.15,2347000000,0,49.31,1.895,1.904,647000000,1754000000,8082000000,8082000000,117000000,0.083,0.435,0.193,0.131,57000000,1485000000,1.0,310520682,312000000,313000000,25.904,4528000000,0,283000000,534000000,14.654,-713000000
CPB,MRY,2016-12-31,2016-07-31,2016-07-31,2018-03-05,-104000000,7837000000,8075250000,1908000000,5929000000,0.986,4.935,-336000000,296000000,296000000,5181000000,563000000,0.747,4.134,3533000000,1219000000,2314000000,3533000000,0,308000000,0,0.02,1.248,964000000,1272000000,0.16,1272000000,964000000,849000000,1.82,1.81,1.82,1525000000,1535250000,1525000000,22522450620,23,17.706,1127000000,3.647,1.0,2780000000,0.349,3415000000,115000000,5104000000,5444750000,940000000,0,0,0,6304000000,2555000000,3749000000,19219450620,43000000,0,-141000000,-547000000,-390000000,-1071000000,-354000000,0,1463000000,5000000,563000000,563000000,563000000,0,0,0.071,1820000000,960000000,610000000,0.686,12.603,34.138,34.214,2407000000,0,62.27,2.414,2.417,626000000,1927000000,7961000000,7961000000,124000000,0.07,0.367,0.177,0.121,64000000,1534000000,1.0,308647031,309000000,311000000,25.764,4422000000,0,286000000,418000000,14.311,-647000000
CPB,MRY,2017-12-31,2017-07-30,2017-07-30,2018-03-05,-53000000,7726000000,7696500000,1900000000,5826000000,1.025,5.421,-338000000,319000000,319000000,4831000000,887000000,0.793,3.715,3536000000,1037000000,2499000000,3536000000,0,318000000,0,0.026,1.4,1405000000,1723000000,0.218,1723000000,1405000000,1293000000,2.91,2.89,2.91,1637000000,1544250000,1637000000,19096007817,13,11.083,953000000,3.125,1.0,3059000000,0.388,3233000000,112000000,5315000000,5155000000,902000000,0,0,0,6081000000,2395000000,3686000000,16017007817,23000000,0,-435000000,-34000000,-420000000,-911000000,-368000000,0,1291000000,11000000,887000000,887000000,887000000,0,0,0.112,1659000000,1400000000,666000000,0.481,9.784,18.058,18.162,2454000000,0,52.85,2.03,2.043,605000000,2385000000,7890000000,7890000000,98000000,0.115,0.574,0.273,0.178,60000000,1305000000,1.0,303065427,305000000,307000000,25.869,4493000000,0,406000000,510000000,14.877,-495000000
