ticker,dimension,calendardate,datekey,reportperiod,lastupdated,accoci,assets,assetsavg,assetsc,assetsnc,assetturnover,bvps,capex,cashneq,cashnequsd,cor,consolinc,currentratio,de,debt,debtc,debtnc,debtusd,deferredrev,depamor,deposits,divyield,dps,ebit,ebitda,ebitdamargin,ebitdausd,ebitusd,ebt,eps,epsdil,epsusd,equity,equityavg,equityusd,ev,evebit,evebitda,fcf,fcfps,fxusd,gp,grossmargin,intangibles,intexp,invcap,invcapavg,inventory,investments,investmentsc,investmentsnc,liabilities,liabilitiesc,liabilitiesnc,marketcap,ncf,ncfbus,ncfcommon,ncfdebt,ncfdiv,ncff,ncfi,ncfinv,ncfo,ncfx,netinc,netinccmn,netinccmnusd,netincdis,netincnci,netmargin,opex,opinc,payables,payoutratio,pb,pe,pe1,ppnenet,prefdivis,price,ps,ps1,receivables,retearn,revenue,revenueusd,rnd,roa,roe,roic,ros,sbcomp,sgna,sharefactor,sharesbas,shareswa,shareswadil,sps,tangibles,taxassets,taxexp,taxliabilities,tbvps,workingcapital
CPSL,MRY,2011-12-31,2011-06-30,2011-06-30,2017-06-18,16822185,198778524,195344399,121410293,77368231,0.774,34.395,-5998122,2707754,2707754,145234370,256950,2.388,0.488,45370648,30970648,14400000,45370648,0,8141320,0,0.0,0.0,3421844,11563164,0.076,11563164,3421844,793277,0.07,0.07,0.07,133544629,131566783,133544629,73626140,21,6.367,-26924710,-6.938,1.0,5965341,0.039,1992248,2628567,188615275,180531273,25077449,0,0,0,65233895,50833895,14400000,44700434,-26328952,0,0,-837525,0,-837525,-5998122,0,-20926588,1433283,256950,256950,256950,0,0,0.002,2546951,3418390,7874564,0.0,0.335,173.965,164.571,75375983,0,11.52,0.296,0.296,91571482,41033498,151199711,151199711,0,0.001,0.002,0.019,0.023,0,2302609,1.0,3880246,3880866,3880866,38.96,196786276,0,536327,11988683,50.683,70576398
CPSL,MRY,2012-12-31,2012-06-30,2012-06-30,2017-06-18,19097295,185546470,197946723,115579839,69966631,0.722,30.63,-284149,1602805,1602805,148780427,-16949145,1.733,0.561,43446477,43446477,0,43446477,0,9043993,0,0.0,0.0,-13849999,-4806006,-0.034,-4806006,-13849999,-16954206,-4.37,-4.37,-4.37,118870594,128562195,118870594,55426513,-4,-11.533,1548079,0.399,1.0,-5806796,-0.041,1980128,3104207,158734138,178392903,15516220,0,0,0,66675876,66675876,0,13968885,-1104949,0,0,-2697352,0,-2697352,-284149,0,1832228,44324,-16949145,-16949145,-16949145,0,0,-0.119,8132807,-13939603,9026848,0.0,0.118,-0.824,-0.824,67986503,0,3.6,0.098,0.098,96674704,24084353,142973631,142973631,0,-0.086,-0.132,-0.078,-0.097,0,2894225,1.0,3880246,3880866,3880866,36.841,183566342,0,-5061,14202551,47.3,48903963
CPSL,MRY,2013-12-31,2013-06-30,2013-06-30,2017-06-18,22075822,119927678,160243371,56301263,63626415,0.228,13.633,-492263,75243,75243,48301295,-68939386,0.84,1.267,44228722,44228722,0,44228722,0,9104176,0,0.0,0.0,-65382675,-56278499,-1.541,-56278499,-65382675,-68939386,-17.76,-17.76,-17.76,52909735,91858586,52909735,48368637,0,-0.859,-670310,-0.173,1.0,-11773745,-0.322,2003674,3556711,95059540,133121617,15837201,0,0,0,67017943,67017943,0,4657039,-1527562,0,0,-757381,0,-757381,-492263,0,-178047,-99871,-68939386,-68939386,-68939386,0,0,-1.887,58393046,-70166791,8500427,0.0,0.088,-0.068,-0.068,61622741,0,1.2,0.127,0.127,39920929,-44855033,36527550,36527550,0,-0.43,-0.75,-0.491,-1.79,0,2578567,1.0,3880866,3880866,3880866,9.412,117924004,0,0,14288794,30.386,-10716680
CPSL,MRY,2014-12-31,2014-06-30,2014-06-30,2017-06-18,21322820,77854614,98270456,22249319,55605295,0.48,3.774,-120726,485075,485075,64979660,-37511395,0.352,4.316,43932760,43932760,0,43932760,0,9610357,0,0.0,0.0,-39334316,-29723959,-0.63,-29723959,-39334316,-43379713,-9.67,-9.67,-9.67,14645338,24734771,14645338,49193910,-1,-1.655,805410,0.208,1.0,-17787553,-0.377,1938762,4045397,56154261,66687931,10344070,0,0,0,63209276,63209276,0,5666064,409832,0,0,-223707,0,-223707,-120726,0,926136,-171871,-37511395,-37511395,-37511395,0,0,-0.795,27829045,-45616598,19151921,0.0,0.387,-0.151,-0.151,53666533,0,1.46,0.12,0.12,8669234,-82366428,47192107,47192107,0,-0.382,-1.517,-0.59,-0.833,0,2438545,1.0,3880866,3880866,3880866,12.16,75915852,2599090,-5868318,124595,19.562,-40959957
