ticker,dimension,calendardate,datekey,reportperiod,lastupdated,accoci,assets,assetsavg,assetsc,assetsnc,assetturnover,bvps,capex,cashneq,cashnequsd,cor,consolinc,currentratio,de,debt,debtc,debtnc,debtusd,deferredrev,depamor,deposits,divyield,dps,ebit,ebitda,ebitdamargin,ebitdausd,ebitusd,ebt,eps,epsdil,epsusd,equity,equityavg,equityusd,ev,evebit,evebitda,fcf,fcfps,fxusd,gp,grossmargin,intangibles,intexp,invcap,invcapavg,inventory,investments,investmentsc,investmentsnc,liabilities,liabilitiesc,liabilitiesnc,marketcap,ncf,ncfbus,ncfcommon,ncfdebt,ncfdiv,ncff,ncfi,ncfinv,ncfo,ncfx,netinc,netinccmn,netinccmnusd,netincdis,netincnci,netmargin,opex,opinc,payables,payoutratio,pb,pe,pe1,ppnenet,prefdivis,price,ps,ps1,receivables,retearn,revenue,revenueusd,rnd,roa,roe,roic,ros,sbcomp,sgna,sharefactor,sharesbas,shareswa,shareswadil,sps,tangibles,taxassets,taxexp,taxliabilities,tbvps,workingcapital
CPST,MRY,2011-12-31,2011-03-31,2011-03-31,2018-02-05,0,87019000,87860500,74421000,12598000,0.932,2.756,-1047000,34706000,34706000,82427000,-38470000,1.427,1.524,7377000,7294000,83000,7377000,1153000,3823000,0,0.0,0.0,-37357000,-33534000,-0.41,-33534000,-37357000,-38230000,-3.2,-3.2,-3.2,34480000,43290750,34480000,424081750,-11,-12.646,-22946000,-1.866,1.0,-537000,-0.007,3574000,873000,3969000,16758750,20721000,0,0,0,52539000,52147000,392000,445230750,-13814000,0,11321000,-939000,0,10382000,-2297000,0,-21899000,0,-38470000,-38470000,-38470000,0,0,-0.47,33189000,-33726000,20292000,0.0,12.913,-11.573,-11.313,5939000,0,36.2,5.437,5.436,19329000,-712648000,81890000,81890000,6986000,-0.438,-0.889,-2.229,-0.456,2418000,26203000,1.0,12299192,12297050,12297050,6.659,83445000,0,240000,0,6.67,22274000
CPST,MRY,2012-12-31,2012-03-31,2012-03-31,2018-02-05,0,99792000,85516000,90383000,9409000,1.279,4.145,-1419000,49952000,49952000,103944000,-18764000,2.213,0.702,10864000,10794000,70000,10864000,2995000,3404000,0,0.0,0.0,-17721000,-14317000,-0.131,-14317000,-17721000,-18578000,-1.4,-1.4,-1.4,58617000,42105500,58617000,272127483,-15,-19.007,-22857000,-1.712,1.0,5427000,0.05,2811000,857000,17042000,21387750,20194000,0,0,0,41175000,40851000,324000,281485483,16496000,0,35251000,2852000,0,38103000,-169000,0,-21438000,0,-18764000,-18764000,-18764000,0,0,-0.172,37164000,-31737000,23061000,0.0,4.802,-15.001,-14.571,4833000,0,20.4,2.574,2.49,18576000,-731412000,109371000,109371000,8237000,-0.219,-0.446,-0.829,-0.162,1652000,28927000,1.0,13798308,13347250,13347250,8.194,96981000,0,186000,0,6.858,49532000
CPST,MRY,2013-12-31,2013-03-31,2013-03-31,2018-02-05,0,87338000,92805500,77859000,9479000,1.374,2.751,-1213000,38817000,38817000,113172000,-22563000,1.727,1.085,14070000,13837000,233000,14070000,3089000,2820000,0,0.0,0.0,-21152000,-18332000,-0.144,-18332000,-21152000,-21869000,-1.4,-1.4,-1.4,41886000,47056500,41886000,245574706,-11,-13.396,-18283000,-1.21,1.0,14385000,0.113,2313000,717000,15201000,15357750,21765000,0,0,0,45452000,45077000,375000,274109706,-11135000,0,4231000,2917000,0,7148000,-1213000,0,-17070000,0,-22563000,-22563000,-22563000,0,0,-0.177,36343000,-21958000,24121000,0.0,6.544,-12.149,-12.857,3543000,0,18.0,2.149,2.132,17941000,-753975000,127557000,127557000,8979000,-0.243,-0.479,-1.377,-0.166,1601000,27364000,1.0,15228317,15108400,15108400,8.443,85025000,0,694000,0,5.584,32782000
CPST,MRY,2014-12-31,2014-03-31,2014-03-31,2018-02-05,0,84118000,82885250,76197000,7921000,1.606,2.199,-1179000,27859000,27859000,111409000,-16256000,1.531,1.467,13873000,13672000,201000,13873000,2657000,2323000,0,0.0,0.0,-15324000,-13001000,-0.098,-13001000,-15324000,-16036000,-1.06,-1.06,-1.06,34093000,34666000,34093000,643056492,-41,-49.462,-16611000,-1.082,1.0,21696000,0.163,1790000,712000,18588000,18974000,21040000,0,0,0,50025000,49754000,271000,660573492,-10958000,0,6316000,-663000,0,5653000,-1179000,0,-15432000,0,-16256000,-16256000,-16256000,0,0,-0.122,37010000,-15314000,28577000,0.0,19.376,-40.636,-40.189,2891000,0,42.6,4.963,4.914,28019000,-770231000,133105000,133105000,9029000,-0.196,-0.469,-0.808,-0.115,2147000,27981000,1.0,15506420,15353000,15353000,8.67,82328000,0,220000,0,5.31,26443000
CPST,MRY,2015-12-31,2015-03-31,2015-03-31,2018-02-05,0,78927000,93578000,71501000,7426000,1.234,2.103,-1606000,32221000,32221000,97174000,-31533000,1.626,1.274,13449000,13360000,89000,13449000,3051000,1697000,0,0.0,0.0,-30868000,-29171000,-0.253,-29171000,-30868000,-31416000,-1.92,-1.92,-1.92,34704000,48206000,34704000,188839343,-6,-6.474,-24624000,-1.501,1.0,18287000,0.158,1337000,548000,14845000,20151000,25355000,0,0,0,44223000,43973000,250000,214700343,4362000,0,29908000,-922000,0,28986000,-1606000,0,-23018000,0,-31533000,-31533000,-31533000,0,0,-0.273,49196000,-30909000,22266000,0.0,6.187,-6.809,-6.771,3523000,0,13.0,1.86,1.847,13120000,-801764000,115461000,115461000,9679000,-0.337,-0.654,-1.532,-0.267,2236000,39517000,1.0,16515411,16401000,16401000,7.04,77590000,0,117000,0,4.701,27528000
CPST,MRY,2016-12-31,2016-03-31,2016-03-31,2018-02-05,0,55892000,67262750,49043000,6849000,1.267,1.139,-1513000,16706000,16706000,72444000,-25191000,1.587,1.259,9894000,9820000,74000,9894000,4368000,1746000,0,0.0,0.0,-24531000,-22785000,-0.267,-22785000,-24531000,-25171000,-1.39,-1.39,-1.39,24740000,25108000,24740000,25220401,-1,-1.107,-23981000,-1.32,1.0,12767000,0.15,941000,640000,17245000,17717500,18269000,0,0,0,31152000,30894000,258000,33473401,-15515000,0,12748000,-4191000,0,8466000,-1513000,0,-22468000,0,-25191000,-25191000,-25191000,0,0,-0.296,37298000,-24531000,13187000,0.0,1.353,-1.329,-1.151,3537000,0,1.6,0.393,0.341,13575000,-826955000,85211000,85211000,10152000,-0.375,-1.003,-1.385,-0.288,2570000,27106000,1.0,20920876,18162000,18162000,4.692,54951000,0,20000,0,2.53,18149000
CPST,MRY,2017-12-31,2017-03-31,2017-03-31,2018-02-05,0,58271000,57809750,54319000,3952000,1.335,0.583,-204000,19705000,19705000,75380000,-23921000,1.461,1.788,11861000,11835000,26000,11861000,5050000,1577000,0,0.0,0.0,-23366000,-21789000,-0.282,-21789000,-23366000,-23902000,-0.75,-0.75,-0.75,20898000,26143750,20898000,17130633,0,-0.786,-18750000,-0.585,1.0,1789000,0.023,651000,536000,12587000,14168750,15499000,0,0,0,37373000,37189000,184000,27329633,2999000,0,20188000,1577000,0,21749000,-204000,0,-18546000,0,-23921000,-23921000,-23921000,0,0,-0.31,26509000,-24720000,14719000,0.0,1.308,-1.142,-1.02,2115000,0,0.765,0.354,0.318,17003000,-852199000,77169000,77169000,5388000,-0.414,-0.915,-1.649,-0.303,810000,20651000,1.0,35725011,32074000,32074000,2.406,57620000,0,19000,0,1.608,17130000
