ticker,dimension,calendardate,datekey,reportperiod,lastupdated,accoci,assets,assetsavg,assetsc,assetsnc,assetturnover,bvps,capex,cashneq,cashnequsd,cor,consolinc,currentratio,de,debt,debtc,debtnc,debtusd,deferredrev,depamor,deposits,divyield,dps,ebit,ebitda,ebitdamargin,ebitdausd,ebitusd,ebt,eps,epsdil,epsusd,equity,equityavg,equityusd,ev,evebit,evebitda,fcf,fcfps,fxusd,gp,grossmargin,intangibles,intexp,invcap,invcapavg,inventory,investments,investmentsc,investmentsnc,liabilities,liabilitiesc,liabilitiesnc,marketcap,ncf,ncfbus,ncfcommon,ncfdebt,ncfdiv,ncff,ncfi,ncfinv,ncfo,ncfx,netinc,netinccmn,netinccmnusd,netincdis,netincnci,netmargin,opex,opinc,payables,payoutratio,pb,pe,pe1,ppnenet,prefdivis,price,ps,ps1,receivables,retearn,revenue,revenueusd,rnd,roa,roe,roic,ros,sbcomp,sgna,sharefactor,sharesbas,shareswa,shareswadil,sps,tangibles,taxassets,taxexp,taxliabilities,tbvps,workingcapital
CRMT,MRY,2011-12-31,2011-04-30,2011-04-30,2018-03-08,0,276409000,271121500,,,1.399,17.681,-4793000,223000,223000,195985000,28215000,,0.476,47539000,,,47539000,8963000,1928000,0,0.0,0.0,47671000,49599000,0.131,49599000,47671000,45046000,2.59,2.54,2.59,186911000,181792750,186911000,314080290,6,6.332,12071000,1.111,1.0,183266000,0.483,355000,2625000,323370000,319982750,23595000,0,,,88998000,,,259567290,-45000,0,-20244000,8163000,-40000,-12116000,-4793000,0,16864000,0,28215000,28175000,28175000,0,0,0.074,64124000,119142000,7742000,0.0,1.389,9.213,9.452,25532000,40000,24.48,0.684,0.701,222305000,178187000,379251000,379251000,0,0.104,0.155,0.149,0.126,2890000,62141000,1.0,10603239,10861403,11088243,34.917,276054000,1220000,16831000,13405000,26.113,
CRMT,MRY,2012-12-31,2012-04-30,2012-04-30,2018-03-08,0,310940000,303626500,,,1.417,19.375,-4435000,276000,276000,223392000,32987000,,0.684,77900000,,,77900000,10745000,2329000,0,0.0,0.0,55064000,57393000,0.133,57393000,55064000,52779000,3.36,3.24,3.36,184373000,182803500,184373000,523880397,9,9.128,7261000,0.741,1.0,206785000,0.481,355000,2285000,388209000,376884750,27242000,0,,,126067000,,,440416397,53000,0,-37878000,30489000,-40000,-7208000,-4435000,0,11696000,0,32987000,32947000,32947000,0,0,0.077,70083000,136702000,7352000,0.0,2.389,13.367,13.673,27547000,40000,45.94,1.024,1.046,251103000,211134000,430177000,430177000,0,0.109,0.18,0.146,0.128,1951000,67663000,1.0,9586774,9793616,10156355,43.924,310585000,1444000,19792000,16721000,32.638,
CRMT,MRY,2013-12-31,2013-04-30,2013-04-30,2018-03-08,0,358265000,342197750,,,1.358,22.412,-5518000,272000,272000,238984000,32165000,,0.77,99563000,,,99563000,12910000,2826000,0,0.0,0.0,53593000,56419000,0.121,56419000,53593000,50656000,3.53,3.36,3.53,202168000,191505500,202168000,525638267,9,9.317,-6854000,-0.752,1.0,225692000,0.486,355000,2937000,457201000,437734000,32827000,0,,,155597000,,,417229267,-4000,0,-16372000,23072000,-40000,6850000,-5518000,0,-1336000,0,32165000,32125000,32125000,0,0,0.069,76064000,149628000,8832000,0.0,2.064,12.988,13.108,30181000,40000,46.27,0.898,0.907,288049000,243259000,464676000,464676000,0,0.094,0.168,0.122,0.115,1662000,73180000,1.0,9017274,9111851,9569702,50.997,357910000,2390000,18491000,18167000,39.677,
CRMT,MRY,2014-12-31,2014-04-30,2014-04-30,2018-03-08,0,363297000,372875750,,,1.312,24.284,-7093000,289000,289000,251319000,21129000,,0.704,97032000,,,97032000,17467000,3285000,0,0.0,0.0,36669000,39954000,0.082,39954000,36669000,33672000,2.36,2.25,2.36,212906000,212347250,212906000,430138864,11,10.766,14782000,1.655,1.0,237868000,0.486,355000,2997000,459685000,475356750,30115000,0,,,149891000,,,316055864,17000,0,-11883000,-2983000,-40000,-14765000,-7093000,0,21875000,0,21129000,21089000,21089000,0,0,0.043,81952000,155916000,8542000,0.0,1.484,14.987,15.314,33913000,40000,36.14,0.646,0.66,293299000,264348000,489187000,489187000,0,0.057,0.099,0.077,0.075,1250000,78591000,1.0,8745320,8930592,9391667,54.777,362942000,0,12543000,16026000,41.396,
CRMT,MRY,2015-12-31,2015-04-30,2015-04-30,2018-03-08,0,399897000,395275750,,,1.342,26.746,-3897000,790000,790000,272446000,29490000,,0.744,102221000,,,102221000,25236000,3830000,0,0.0,0.0,49937000,53767000,0.101,53767000,49937000,47034000,3.42,3.25,3.42,229032000,223301500,229032000,551249232,11,10.253,8490000,0.985,1.0,257875000,0.486,355000,2903000,500973000,498065250,34267000,0,,,170365000,,,440253232,501000,0,-15731000,6155000,-40000,-7989000,-3897000,0,12387000,0,29490000,29450000,29450000,0,0,0.056,87649000,170226000,11022000,0.0,1.922,14.949,15.012,33963000,40000,51.34,0.83,0.834,324144000,293798000,530321000,530321000,0,0.075,0.132,0.1,0.094,-847000,83802000,1.0,8575248,8617864,9048957,61.537,399542000,645000,17544000,19178000,46.657,
CRMT,MRY,2016-12-31,2016-04-30,2016-04-30,2018-03-08,0,406296000,411488500,,,1.38,28.137,-4519000,602000,602000,304886000,11596000,,0.774,107902000,,,107902000,27339000,4208000,0,0.0,0.0,21804000,26012000,0.046,26012000,21804000,18498000,1.38,1.33,1.38,228717000,230148000,228717000,338216572,15,13.002,9767000,1.167,1.0,263020000,0.463,355000,3306000,513241000,520361750,29879000,0,,,177079000,,,216316572,-188000,0,-13628000,3475000,-40000,-9955000,-4519000,0,14286000,0,11596000,11556000,11556000,0,0,0.02,96819000,166201000,12313000,0.0,0.946,18.719,19.254,34755000,40000,26.57,0.381,0.392,334793000,305354000,567906000,567906000,0,0.028,0.05,0.042,0.038,1281000,92242000,1.0,8141384,8370478,8666031,67.846,405941000,894000,6902000,18280000,49.938,
CRMT,MRY,2017-12-31,2017-04-30,2017-04-30,2018-03-08,0,424258000,430212250,,,1.366,30.087,-655000,434000,434000,304927000,20205000,,0.819,117944000,,,117944000,28083000,4272000,0,0.0,0.0,36311000,40583000,0.069,40583000,36311000,32242000,2.57,2.49,2.57,232908000,234046750,232908000,409364247,11,10.087,6679000,0.85,1.0,282824000,0.481,355000,4069000,541413000,549289750,30129000,0,,,190850000,,,290833247,-168000,0,-18449000,10459000,-40000,-6847000,-655000,0,7334000,0,20205000,20165000,20165000,0,0,0.034,97416000,185408000,11224000,0.0,1.249,14.423,14.514,30139000,40000,37.3,0.495,0.498,357161000,325519000,587751000,587751000,0,0.047,0.086,0.066,0.062,110000,91940000,1.0,7797138,7854238,8110777,74.832,423903000,0,12037000,19803000,54.759,
