ticker,dimension,calendardate,datekey,reportperiod,lastupdated,accoci,assets,assetsavg,assetsc,assetsnc,assetturnover,bvps,capex,cashneq,cashnequsd,cor,consolinc,currentratio,de,debt,debtc,debtnc,debtusd,deferredrev,depamor,deposits,divyield,dps,ebit,ebitda,ebitdamargin,ebitdausd,ebitusd,ebt,eps,epsdil,epsusd,equity,equityavg,equityusd,ev,evebit,evebitda,fcf,fcfps,fxusd,gp,grossmargin,intangibles,intexp,invcap,invcapavg,inventory,investments,investmentsc,investmentsnc,liabilities,liabilitiesc,liabilitiesnc,marketcap,ncf,ncfbus,ncfcommon,ncfdebt,ncfdiv,ncff,ncfi,ncfinv,ncfo,ncfx,netinc,netinccmn,netinccmnusd,netincdis,netincnci,netmargin,opex,opinc,payables,payoutratio,pb,pe,pe1,ppnenet,prefdivis,price,ps,ps1,receivables,retearn,revenue,revenueusd,rnd,roa,roe,roic,ros,sbcomp,sgna,sharefactor,sharesbas,shareswa,shareswadil,sps,tangibles,taxassets,taxexp,taxliabilities,tbvps,workingcapital
CSBK,MRY,2011-12-31,2011-03-31,2011-03-31,2018-02-07,850000,1122633000,1124308250,,,0.024,7.041,-22000,58069000,58069000,0,8812000,,5.238,95668000,,,95668000,0,528000,837385000,0.02,0.24,13688000,14216000,0.517,14216000,13688000,13688000,0.34,0.34,0.34,179966000,177716000,179966000,396129133,28,27.865,8316000,0.325,1.0,27502000,1.0,0,0,1160232000,1189993250,0,1018779000,,,942667000,,,310249133,24608000,0,-2707000,-28239000,-2106000,46183000,-29913000,-26891000,8338000,0,8812000,8812000,8812000,0,0,0.32,13814000,13688000,0,0.706,1.724,35.208,34.912,8411000,0,11.87,11.281,11.04,0,96067000,27502000,27502000,0,0.008,0.05,0.012,0.498,218000,11000000,1.0,26137248,25579989,25586694,1.075,1122633000,0,4876000,0,43.919,
CSBK,MRY,2012-12-31,2012-03-31,2012-03-31,2018-02-07,619000,1101440000,1119245000,,,0.023,7.936,-373000,40257000,40257000,0,7877000,,4.907,78679000,,,78679000,0,564000,826275000,0.023,0.24,12052000,12616000,0.493,12616000,12052000,12052000,0.31,0.31,0.31,186461000,184082750,186461000,335637779,27,26.604,9566000,0.382,1.0,25591000,1.0,0,0,1139862000,1157624500,0,1016169000,,,914979000,,,272620779,-17812000,0,-11000,-16873000,-2109000,-30095000,2344000,2717000,9939000,0,7877000,7877000,7877000,0,0,0.308,13539000,12052000,0,0.774,1.462,34.61,33.645,8214000,0,10.43,10.653,10.219,0,101835000,25591000,25591000,0,0.007,0.043,0.01,0.471,189000,11018000,1.0,26138138,25072246,25089682,1.021,1101440000,0,4175000,0,46.88,
CSBK,MRY,2013-12-31,2013-03-31,2013-03-31,2018-02-07,-188000,1016084000,1033398250,,,0.023,7.945,-396000,25896000,25896000,0,6610000,,4.424,52500000,,,52500000,0,627000,763692000,0.019,0.24,10037000,10664000,0.445,10664000,10037000,10037000,0.26,0.26,0.26,187328000,186670000,187328000,339776467,33,31.862,8791000,0.35,1.0,23948000,1.0,0,0,1042688000,1051205250,0,938836000,,,828756000,,,325858467,-14361000,0,-27000,-26774000,-6153000,-95232000,71684000,79080000,9187000,0,6610000,6610000,6610000,0,0,0.276,13911000,10037000,0,0.923,1.74,49.298,47.923,8056000,0,12.46,13.607,13.085,0,102292000,23948000,23948000,0,0.006,0.035,0.01,0.419,138000,11876000,1.0,26152365,25148854,25230955,0.952,1016084000,0,3427000,0,43.092,
CSBK,MRY,2014-12-31,2014-03-31,2014-03-31,2018-02-07,-315000,1265990000,1122717500,,,0.022,7.586,-191000,192581000,192581000,0,6465000,,5.521,142500000,,,142500000,0,635000,763912000,0.015,0.18,9884000,10519000,0.421,10519000,9884000,9884000,0.25,0.25,0.25,194137000,190610000,194137000,420914057,42,40.015,6637000,0.261,1.0,24965000,1.0,0,0,1215909000,1158856000,0,1014691000,,,1071853000,,,310315057,166685000,0,-15000,91056000,-4647000,245021000,-85164000,-79473000,6828000,0,6465000,6465000,6465000,0,0,0.259,15081000,9884000,0,0.72,1.598,47.999,46.88,7397000,0,11.72,12.43,11.92,0,104110000,24965000,24965000,0,0.006,0.034,0.009,0.396,105000,13258000,1.0,26477394,25391199,25632731,0.983,1265990000,0,3419000,0,49.471,
CSBK,MRY,2015-12-31,2015-03-31,2015-03-31,2018-02-07,-481000,1186924000,1207088000,,,0.025,14.165,-305000,49308000,49308000,0,8554000,,2.225,107500000,,,107500000,0,594000,699476000,0.021,0.3,12618000,13212000,0.444,13212000,12618000,12618000,0.33,0.33,0.33,368001000,361487500,368001000,449952081,35,34.056,9304000,0.364,1.0,29724000,1.0,0,0,1245116000,1258338750,0,1066000000,,,818923000,,,383120081,-143273000,0,8856000,-34290000,-7632000,-89469000,-63413000,-50608000,9609000,0,8554000,8554000,8554000,0,0,0.288,17106000,12618000,0,0.909,1.041,44.788,42.758,7108000,0,14.11,12.889,12.123,0,105032000,29724000,29724000,0,0.007,0.024,0.01,0.425,72000,14868000,1.0,27152380,25537669,25698486,1.164,1186924000,0,4064000,0,45.688,
CSBK,MRY,2016-12-31,2016-03-31,2016-03-31,2018-02-07,172000,1253127000,1181867000,,,0.023,13.361,-1537000,31069000,31069000,0,5401000,,2.975,231500000,,,231500000,0,562000,694662000,0.02,0.3,7943000,8505000,0.314,8505000,7943000,7943000,0.22,0.22,0.22,315277000,333816000,315277000,492071107,61,57.857,7664000,0.313,1.0,27044000,1.0,0,0,1453558000,1308634750,0,1149356000,,,937850000,,,375564107,-18239000,0,-56291000,124499000,-7313000,58199000,-85639000,-85350000,9201000,0,5401000,5401000,5401000,0,0,0.2,19101000,7943000,0,1.364,1.191,69.536,68.727,8081000,0,15.12,13.887,13.685,0,103120000,27044000,27044000,0,0.005,0.016,0.006,0.294,1043000,16874000,1.0,24838896,24477102,24532617,1.105,1253127000,0,2542000,0,53.106,
CSBK,MRY,2017-12-31,2017-03-31,2017-03-31,2018-02-07,33000,1431803000,1350270750,,,0.021,13.552,-1184000,14653000,14653000,0,4722000,,3.827,275800000,,,275800000,0,721000,844825000,0.015,0.24,6888000,7609000,0.266,7609000,6888000,6888000,0.21,0.21,0.21,296619000,303023500,296619000,602980216,87,79.246,10329000,0.465,1.0,28590000,1.0,0,0,1692950000,1577013750,0,1336925000,,,1135184000,,,372757216,-16416000,0,-21768000,45449000,-5325000,168708000,-196637000,-191453000,11513000,0,4722000,4722000,4722000,0,0,0.165,21702000,6888000,0,1.143,1.257,78.941,77.095,8540000,0,16.19,13.038,12.585,0,102517000,28590000,28590000,0,0.003,0.016,0.004,0.241,1608000,19454000,1.0,23023917,22224272,22314652,1.286,1431803000,0,2166000,0,65.418,
