ticker,dimension,calendardate,datekey,reportperiod,lastupdated,accoci,assets,assetsavg,assetsc,assetsnc,assetturnover,bvps,capex,cashneq,cashnequsd,cor,consolinc,currentratio,de,debt,debtc,debtnc,debtusd,deferredrev,depamor,deposits,divyield,dps,ebit,ebitda,ebitdamargin,ebitdausd,ebitusd,ebt,eps,epsdil,epsusd,equity,equityavg,equityusd,ev,evebit,evebitda,fcf,fcfps,fxusd,gp,grossmargin,intangibles,intexp,invcap,invcapavg,inventory,investments,investmentsc,investmentsnc,liabilities,liabilitiesc,liabilitiesnc,marketcap,ncf,ncfbus,ncfcommon,ncfdebt,ncfdiv,ncff,ncfi,ncfinv,ncfo,ncfx,netinc,netinccmn,netinccmnusd,netincdis,netincnci,netmargin,opex,opinc,payables,payoutratio,pb,pe,pe1,ppnenet,prefdivis,price,ps,ps1,receivables,retearn,revenue,revenueusd,rnd,roa,roe,roic,ros,sbcomp,sgna,sharefactor,sharesbas,shareswa,shareswadil,sps,tangibles,taxassets,taxexp,taxliabilities,tbvps,workingcapital
CSII,MRY,2011-12-31,2011-06-30,2011-06-30,2018-05-05,0,46758000,44397250,41028000,5730000,1.774,1.325,-1081000,21159000,21159000,16277000,-11125000,2.702,1.161,12144000,3813000,8331000,12144000,0,662000,0,0.0,0.0,-8809000,-8147000,-0.103,-8147000,-8809000,-11125000,-0.7,-0.7,-0.7,21635000,17835500,21635000,230839555,-26,-28.334,-9442000,-0.593,1.0,62503000,0.793,2314000,2316000,20243000,17780000,5818000,0,0,0,25123000,15186000,9937000,236136555,-2558000,0,2488000,5052000,0,7540000,-1737000,0,-8361000,0,-11125000,-11125000,-11125000,0,0,-0.141,71312000,-8809000,5181000,0.0,10.915,-21.226,-20.8,2383000,0,14.56,2.997,2.942,13254000,-162448000,78780000,78780000,8940000,-0.251,-0.624,-0.495,-0.112,6468000,62372000,1.0,16218170,15915800,15915800,4.95,44444000,0,0,0,2.722,25842000
CSII,MRY,2012-12-31,2012-06-30,2012-06-30,2018-05-05,0,63124000,53314000,57770000,5354000,1.547,1.703,-437000,35529000,35529000,19216000,-16790000,3.236,0.961,17520000,4678000,12842000,17520000,0,817000,0,0.0,0.0,-14466000,-13649000,-0.165,-13649000,-14466000,-16790000,-0.93,-0.93,-0.93,32189000,24193250,32189000,173275904,-11,-12.695,-11777000,-0.653,1.0,63274000,0.767,2635000,2324000,24628000,24905500,7061000,0,0,0,30935000,17852000,13083000,178189904,14370000,0,20735000,5950000,0,26685000,-975000,0,-11340000,0,-16790000,-16790000,-16790000,0,0,-0.204,77740000,-14466000,5610000,0.0,5.536,-10.613,-10.527,2163000,0,9.79,2.16,2.14,13644000,-179238000,82490000,82490000,11374000,-0.315,-0.694,-0.581,-0.175,5165000,66366000,1.0,18201216,18035635,18035635,4.574,60489000,0,0,0,3.2,39918000
CSII,MRY,2013-12-31,2013-06-30,2013-06-30,2018-05-05,0,96897000,78165750,89829000,7068000,1.329,2.765,-1672000,67897000,67897000,24382000,-24037000,4.008,0.45,12567000,5095000,7472000,12567000,0,903000,0,0.0,0.0,-22419000,-21516000,-0.207,-21516000,-22419000,-24037000,-1.11,-1.11,-1.11,66832000,48740250,66832000,453533711,-20,-21.079,-12437000,-0.574,1.0,79515000,0.765,3219000,1618000,15935000,20100500,6243000,0,0,0,30065000,22413000,7652000,509686711,32368000,0,45888000,-300000,0,45588000,-2455000,0,-10765000,0,-24037000,-24037000,-24037000,0,0,-0.231,101934000,-22419000,7230000,0.0,7.626,-21.204,-19.099,2999000,0,21.2,4.906,4.425,14730000,-203275000,103897000,103897000,15216000,-0.308,-0.493,-1.115,-0.216,7442000,86718000,1.0,24041826,21685932,21685932,4.791,93678000,0,0,0,3.875,67416000
CSII,MRY,2014-12-31,2014-06-30,2014-06-30,2018-05-05,0,181901000,160878500,162711000,19190000,0.849,4.913,-12717000,126592000,126592000,31041000,-35290000,5.473,0.196,2400000,2400000,0,2400000,0,1243000,0,0.0,0.0,-33489000,-32246000,-0.236,-32246000,-33489000,-35290000,-1.25,-1.25,-1.25,152055000,132428750,152055000,821849532,-24,-25.487,-39555000,-1.398,1.0,105571000,0.773,3823000,1801000,24157000,15250000,12890000,0,0,0,29846000,29729000,117000,964228532,58695000,0,104002000,-5050000,0,98952000,-13419000,0,-26838000,0,-35290000,-35290000,-35290000,0,0,-0.258,139060000,-33489000,9703000,0.0,6.341,-27.323,-24.928,15297000,0,31.16,7.058,6.454,21383000,-238565000,136612000,136612000,21066000,-0.219,-0.266,-2.196,-0.245,10928000,117994000,1.0,30944433,28295758,28295758,4.828,178078000,0,0,0,5.754,132982000
CSII,MRY,2015-12-31,2015-06-30,2015-06-30,2018-05-05,90000,171328000,178229000,133894000,37434000,1.019,4.391,-20325000,83842000,83842000,39520000,-32822000,4.48,0.229,0,0,0,0,0,2150000,0,0.0,0.0,-32708000,-30558000,-0.168,-30558000,-32708000,-32708000,-1.04,-1.04,-1.04,139435000,144694000,139435000,745211305,-22,-24.387,-42682000,-1.353,1.0,142024000,0.782,4511000,0,53087000,43918500,13966000,1876000,1876000,0,31893000,29888000,2005000,838696305,-42750000,0,5034000,-2400000,0,2634000,-23027000,-1747000,-22357000,0,-32822000,-32822000,-32822000,0,0,-0.181,174661000,-32637000,9763000,0.0,6.015,-25.553,-25.433,32883000,0,26.45,4.62,4.596,30830000,-271387000,181544000,181544000,30977000,-0.184,-0.227,-0.745,-0.18,14718000,143684000,1.0,31708745,31547711,31547711,5.755,166817000,0,114000,0,5.254,104006000
CSII,MRY,2016-12-31,2016-06-30,2016-06-30,2018-05-05,40000,142406000,150257500,104882000,37524000,1.186,3.088,-3818000,60638000,60638000,35421000,-56024000,2.955,0.411,0,0,0,0,0,3686000,0,0.0,0.0,-55932000,-52246000,-0.293,-52246000,-55932000,-55932000,-1.72,-1.72,-1.72,100897000,113638750,100897000,538205292,-9,-10.301,-27401000,-0.842,1.0,142763000,0.801,5013000,0,41256000,47103750,17440000,684000,684000,0,41509000,35499000,6010000,600379292,-23204000,0,4148000,0,0,4148000,-3769000,862000,-23583000,0,-56024000,-56024000,-56024000,0,0,-0.314,198840000,-56077000,8506000,0.0,5.95,-10.716,-10.683,32471000,0,18.375,3.369,3.355,23128000,-327411000,178184000,178184000,25934000,-0.373,-0.493,-1.187,-0.314,12977000,162542000,1.0,32673703,32537621,32537621,5.476,137393000,0,92000,0,4.205,69383000
CSII,MRY,2017-12-31,2017-06-30,2017-06-30,2018-05-05,100000,193940000,169462750,159059000,34881000,1.209,3.61,-981000,107912000,107912000,39441000,-1792000,3.882,0.638,21100000,0,21100000,21100000,10000000,3917000,0,0.0,0.0,-1706000,2211000,0.011,2211000,-1706000,-1706000,-0.06,-0.06,-0.06,118389000,111722750,118389000,972152629,-569,439.689,18607000,0.575,1.0,165465000,0.808,5056000,0,61100000,52573750,16897000,704000,704000,0,75551000,40972000,34579000,1054309629,47274000,0,8517000,20944000,0,29465000,-1779000,46000,19588000,0,-1792000,-1792000,-1792000,0,0,-0.009,167007000,-1542000,10736000,0.0,8.905,-588.342,-537.167,29696000,0,32.23,5.145,5.092,28472000,-329303000,204906000,204906000,22911000,-0.011,-0.016,-0.032,-0.008,10354000,144096000,1.0,32712058,32373709,32373709,6.329,188884000,0,86000,0,5.759,118087000
