ticker,dimension,calendardate,datekey,reportperiod,lastupdated,accoci,assets,assetsavg,assetsc,assetsnc,assetturnover,bvps,capex,cashneq,cashnequsd,cor,consolinc,currentratio,de,debt,debtc,debtnc,debtusd,deferredrev,depamor,deposits,divyield,dps,ebit,ebitda,ebitdamargin,ebitdausd,ebitusd,ebt,eps,epsdil,epsusd,equity,equityavg,equityusd,ev,evebit,evebitda,fcf,fcfps,fxusd,gp,grossmargin,intangibles,intexp,invcap,invcapavg,inventory,investments,investmentsc,investmentsnc,liabilities,liabilitiesc,liabilitiesnc,marketcap,ncf,ncfbus,ncfcommon,ncfdebt,ncfdiv,ncff,ncfi,ncfinv,ncfo,ncfx,netinc,netinccmn,netinccmnusd,netincdis,netincnci,netmargin,opex,opinc,payables,payoutratio,pb,pe,pe1,ppnenet,prefdivis,price,ps,ps1,receivables,retearn,revenue,revenueusd,rnd,roa,roe,roic,ros,sbcomp,sgna,sharefactor,sharesbas,shareswa,shareswadil,sps,tangibles,taxassets,taxexp,taxliabilities,tbvps,workingcapital
CSPI,MRY,2011-12-31,2011-09-30,2011-09-30,2018-05-11,-5903000,43108000,42363500,37878000,5230000,1.738,5.236,-339000,15874000,15874000,57276000,369000,2.387,1.409,0,0,0,0,2937000,483000,0,0.0,0.0,709000,1192000,0.016,1192000,709000,709000,0.11,0.1,0.11,17896000,18612500,17896000,-5300723,-7,-4.447,1204000,0.35,1.0,16369000,0.222,574000,0,10790000,11283500,6777000,2918000,0,2918000,25212000,15870000,9342000,12156277,343000,0,-571000,-25000,0,-596000,-482000,0,1543000,-122000,363000,363000,363000,0,6000,0.005,15560000,809000,12103000,0.0,0.679,33.488,31.818,833000,0,3.5,0.165,0.163,13148000,12885000,73645000,73645000,1785000,0.009,0.02,0.063,0.01,169000,13775000,1.0,3473222,3439000,3482000,21.415,42534000,1052000,346000,121000,12.444,22008000
CSPI,MRY,2012-12-31,2012-09-30,2012-09-30,2018-05-11,-6612000,51066000,46693750,44706000,6360000,1.816,6.853,-551000,20493000,20493000,64386000,6609000,2.461,1.216,0,0,0,0,3693000,460000,0,0.049,0.22,4756000,5216000,0.062,5216000,4756000,4756000,1.93,1.91,1.93,23041000,19663750,23041000,-2676531,0,-0.513,5755000,1.712,1.0,20421000,0.241,492000,0,11913000,11567500,6276000,2181000,0,2181000,28025000,18168000,9857000,15360468,4619000,0,-97000,0,-750000,-847000,-694000,0,6306000,-146000,6496000,6496000,6496000,0,113000,0.077,15452000,4969000,13574000,0.114,0.667,2.365,2.321,991000,0,4.48,0.181,0.178,12145000,18744000,84807000,84807000,1720000,0.139,0.33,0.411,0.056,92000,15847000,1.0,3428676,3362000,3405000,25.225,50574000,3778000,-1740000,184000,15.043,26538000
CSPI,MRY,2013-12-31,2013-09-30,2013-09-30,2018-05-11,-5865000,47225000,49678500,40918000,6307000,1.764,6.731,-841000,18619000,18619000,69036000,368000,2.705,1.05,0,0,0,0,3816000,520000,0,0.057,0.4,682000,1202000,0.014,1202000,682000,682000,0.11,0.1,0.11,23035000,22863750,23035000,4461465,6,3.712,-614000,-0.181,1.0,18583000,0.212,410000,0,13071000,14148750,4791000,2481000,0,2481000,24190000,15125000,9065000,24707465,-1874000,0,114000,0,-1384000,-1270000,-1041000,0,227000,210000,361000,361000,361000,0,7000,0.004,17882000,701000,10503000,3.636,1.073,68.442,64.273,1420000,0,7.07,0.282,0.273,13529000,17728000,87619000,87619000,1857000,0.007,0.016,0.048,0.008,149000,16025000,1.0,3494691,3389000,3441000,25.854,46815000,3708000,321000,60000,13.681,25793000
CSPI,MRY,2014-12-31,2014-09-30,2014-09-30,2018-05-11,-7924000,46307000,49403500,39446000,6861000,1.713,6.142,-584000,16448000,16448000,63798000,1334000,2.718,1.175,0,0,0,0,4101000,634000,0,0.054,0.43,1405000,2039000,0.024,2039000,1405000,1405000,0.37,0.37,0.37,21287000,22820000,21287000,12318894,8,6.042,539000,0.156,1.0,20821000,0.246,545000,0,14803000,16701750,6446000,2785000,0,2785000,25020000,14511000,10509000,28768894,-2171000,-500000,114000,0,-1545000,-1384000,-1254000,0,1123000,-656000,1284000,1284000,1284000,0,50000,0.015,19600000,1221000,9751000,1.162,1.351,22.406,21.541,1472000,0,7.97,0.34,0.325,12532000,17517000,84619000,84619000,3484000,0.026,0.056,0.084,0.017,361000,16116000,1.0,3609648,3448000,3499000,24.541,45762000,3540000,121000,1000,13.203,24935000
CSPI,MRY,2015-12-31,2015-09-30,2015-09-30,2018-05-11,-8385000,46996000,45723500,40082000,6914000,1.953,5.403,-724000,11181000,11181000,70119000,-210000,2.306,1.399,0,0,0,0,2931000,646000,0,0.08,0.44,16000,662000,0.007,662000,16000,16000,-0.06,-0.06,-0.06,19590000,19827750,19590000,9648164,603,14.574,-3064000,-0.864,1.0,19187000,0.215,416000,0,18017000,18578250,5749000,3064000,0,3064000,27406000,17382000,10024000,20094164,-5267000,0,216000,0,-1618000,-1402000,-917000,0,-2340000,-608000,-210000,-210000,-210000,0,0,-0.002,18961000,226000,13776000,-7.333,1.026,-95.686,-91.165,1564000,0,5.47,0.225,0.217,19888000,15689000,89306000,89306000,2826000,-0.005,-0.011,0.001,0.0,375000,16135000,1.0,3673589,3548000,3548000,25.171,46580000,3067000,226000,0,12.846,22700000
CSPI,MRY,2016-12-31,2016-09-30,2016-09-30,2018-05-11,-11931000,48707000,47617750,41799000,6908000,2.171,4.852,-735000,13103000,13103000,78326000,2604000,2.405,1.759,0,0,0,0,4704000,699000,0,0.043,0.44,3491000,4190000,0.041,4190000,3491000,3491000,0.69,0.67,0.69,17655000,19504500,17655000,27388724,7,6.537,4269000,1.183,1.0,25041000,0.242,287000,0,17934000,18482250,5580000,3015000,0,3015000,31052000,17383000,13669000,38978724,1922000,0,263000,0,-1670000,-1407000,-896000,0,5004000,-779000,2495000,2495000,2495000,0,109000,0.024,21240000,3801000,11932000,0.638,2.208,15.623,14.826,1680000,0,10.23,0.377,0.357,19564000,16623000,103367000,103367000,2984000,0.052,0.128,0.189,0.034,414000,18256000,1.0,3810237,3609000,3734000,28.641,48420000,3054000,996000,166000,13.306,24416000
CSPI,MRY,2017-12-31,2017-09-30,2017-09-30,2018-05-11,-10163000,58928000,55233500,50326000,8602000,2.018,5.596,-358000,13885000,13885000,85992000,2506000,1.934,1.806,0,0,0,0,6202000,673000,0,0.04,0.44,3685000,4358000,0.039,4358000,3685000,3685000,0.64,0.63,0.64,21001000,18601250,21001000,27354592,7,6.277,2301000,0.618,1.0,25490000,0.229,167000,0,18853000,17338750,5971000,3300000,0,3300000,37927000,26023000,11904000,43355592,782000,0,216000,0,-1722000,-1506000,-508000,0,2659000,137000,2398000,2398000,2398000,0,108000,0.022,21718000,3772000,18845000,0.688,2.064,18.08,17.266,1508000,0,11.05,0.389,0.369,28402000,17407000,111482000,111482000,2362000,0.043,0.129,0.213,0.033,577000,19356000,1.0,3923583,3723000,3817000,29.944,58761000,2827000,1287000,442000,15.657,24303000
