ticker,dimension,calendardate,datekey,reportperiod,lastupdated,accoci,assets,assetsavg,assetsc,assetsnc,assetturnover,bvps,capex,cashneq,cashnequsd,cor,consolinc,currentratio,de,debt,debtc,debtnc,debtusd,deferredrev,depamor,deposits,divyield,dps,ebit,ebitda,ebitdamargin,ebitdausd,ebitusd,ebt,eps,epsdil,epsusd,equity,equityavg,equityusd,ev,evebit,evebitda,fcf,fcfps,fxusd,gp,grossmargin,intangibles,intexp,invcap,invcapavg,inventory,investments,investmentsc,investmentsnc,liabilities,liabilitiesc,liabilitiesnc,marketcap,ncf,ncfbus,ncfcommon,ncfdebt,ncfdiv,ncff,ncfi,ncfinv,ncfo,ncfx,netinc,netinccmn,netinccmnusd,netincdis,netincnci,netmargin,opex,opinc,payables,payoutratio,pb,pe,pe1,ppnenet,prefdivis,price,ps,ps1,receivables,retearn,revenue,revenueusd,rnd,roa,roe,roic,ros,sbcomp,sgna,sharefactor,sharesbas,shareswa,shareswadil,sps,tangibles,taxassets,taxexp,taxliabilities,tbvps,workingcapital
CTB,MRY,2011-12-31,2011-12-31,2011-12-31,2018-04-30,-520878000,2509918000,2391482250,1263980000,1245938000,1.634,9.277,-155406000,236185000,236185000,3562813000,269603000,1.942,3.136,482346000,152850000,329496000,482346000,0,122899000,0,0.031,0.435,154237000,277136000,0.071,277136000,154237000,118046000,4.08,4.02,4.08,577801000,485614500,577801000,1274996426,8,4.601,-29889000,-0.48,1.0,345007000,0.088,117338000,36191000,1987724000,1902960500,465393000,71661000,71661000,0,1812028000,651017000,1161011000,872557426,-179649000,-17380000,4470000,5827000,-26127000,-138061000,-169336000,0,125517000,2231000,253503000,253503000,253503000,0,16100000,0.065,181706000,163301000,339215000,0.107,1.51,3.442,3.434,899044000,0,14.01,0.223,0.223,427782000,1464392000,3907820000,3907820000,0,0.106,0.522,0.081,0.039,4133000,181706000,1.0,62281044,62281044,,62.745,2392580000,206493000,-135457000,15559000,38.416,612963000
CTB,MRY,2012-12-31,2012-12-31,2012-12-31,2018-04-30,-551526000,2801160000,2725851750,1449695000,1351465000,1.541,12.041,-187336000,359558000,359558000,3546568000,252426000,2.213,2.498,371297000,35155000,336142000,371297000,0,128916000,0,0.017,0.42,365941000,494857000,0.118,494857000,365941000,336395000,3.52,3.49,3.52,757624000,688856500,757624000,1701426056,4,3.438,266884000,4.242,1.0,654268000,0.156,168868000,29546000,1988890000,2069400250,561868000,47646000,47646000,0,1892744000,655141000,1237603000,1595671056,118107000,-18534000,8963000,-111729000,-26273000,-132605000,-205072000,0,454220000,1564000,220371000,220371000,220371000,0,32055000,0.052,258832000,395436000,379867000,0.119,2.106,7.241,7.205,929255000,0,25.36,0.38,0.38,415460000,1657936000,4200836000,4200836000,0,0.081,0.32,0.177,0.087,8036000,257306000,1.0,62920783,62920783,,66.764,2632292000,228849000,116024000,26323000,41.835,794554000
CTB,MRY,2013-12-31,2013-12-31,2013-12-31,2018-04-30,-410020000,2738147000,2841620250,1454790000,1283357000,1.21,15.182,-180448000,400490000,400490000,2923042000,133565000,2.577,1.595,360932000,39973000,320959000,360932000,0,134751000,0,0.018,0.425,218325000,353076000,0.103,353076000,218325000,190419000,1.75,1.73,1.75,990866000,883652750,990866000,1716564502,7,4.862,91927000,1.408,1.0,516191000,0.15,179159000,27906000,1954847000,2097359250,517175000,86965000,86965000,0,1580522000,564583000,1015939000,1569027502,45914000,0,1438000,-11550000,-26604000,-46506000,-179725000,0,272375000,-230000,111013000,111013000,111013000,0,22552000,0.032,275477000,240714000,302422000,0.243,1.583,14.134,13.737,974269000,0,24.04,0.456,0.456,360405000,1741611000,3439233000,3439233000,0,0.039,0.126,0.104,0.063,6973000,275477000,1.0,65267367,65267367,,52.695,2558988000,111644000,79406000,17699000,39.208,890207000
CTB,MRY,2014-12-31,2014-12-31,2014-12-31,2018-04-30,-530602000,2488937000,2796540000,1386556000,1102381000,1.225,14.521,-145041000,552305000,552305000,2852051000,236822000,2.711,1.902,364603000,66666000,297937000,364603000,0,139166000,0,0.012,0.43,353413000,492579000,0.144,492579000,353413000,325275000,3.48,3.42,3.48,843792000,947328250,843792000,2202684075,6,4.472,174043000,2.995,1.0,572758000,0.167,156635000,28138000,1633235000,1981104500,421851000,4546000,4546000,0,1604676000,511365000,1093311000,2013452075,153921000,170711000,-196770000,35366000,-25538000,-194755000,26918000,0,319084000,2674000,213578000,213578000,213578000,0,23244000,0.062,272300000,300458000,258373000,0.124,2.386,9.427,9.957,740203000,0,34.65,0.588,0.588,368393000,1867126000,3424809000,3424809000,0,0.076,0.225,0.178,0.103,9047000,272300000,1.0,58108285,58108285,,58.938,2332302000,189179000,111697000,6928000,40.137,875191000
CTB,MRY,2015-12-31,2015-12-31,2015-12-31,2018-04-30,-509767000,2436176000,2467169250,1334630000,1101546000,1.205,17.472,-182544000,505959000,505959000,2355451000,215804000,3.082,1.449,309449000,13037000,296412000,309449000,0,121408000,0,0.011,0.42,354810000,476218000,0.16,476218000,354810000,330990000,3.73,3.69,3.73,979248000,924383750,979248000,2011897461,5,4.225,121763000,2.173,1.0,617450000,0.208,152341000,23820000,1654322000,1718936500,412561000,8750000,8750000,0,1418565000,433003000,985562000,2121354461,-46495000,0,-108821000,-44428000,-23880000,-160660000,-180893000,0,304307000,-9249000,212766000,212766000,212766000,0,3038000,0.072,262970000,354480000,215850000,0.113,2.166,9.97,10.147,795198000,0,37.85,0.714,0.714,371757000,2095923000,2972901000,2972901000,0,0.086,0.23,0.206,0.119,14919000,262970000,1.0,56046353,56046353,,53.044,2283835000,136310000,118224000,7033000,40.749,901627000
CTB,MRY,2016-12-31,2016-12-31,2016-12-31,2018-04-30,-545151000,2619395000,2534552500,1420518000,1198877000,1.154,20.124,-175437000,505750000,505750000,2272519000,251294000,2.836,1.384,325801000,28707000,297094000,325801000,0,130257000,0,0.011,0.42,390784000,521041000,0.178,521041000,390784000,364180000,4.56,4.51,4.56,1076014000,1050397750,1076014000,1934603756,4,3.713,137306000,2.568,1.0,652350000,0.223,193456000,26604000,1745176000,1768552750,470151000,7485000,7485000,0,1489159000,500814000,988345000,2077269756,-734000,-5928000,-107999000,9084000,-22828000,-121271000,-181028000,0,312743000,-11178000,248381000,248381000,248381000,0,2913000,0.085,267963000,384387000,282416000,0.092,1.931,8.363,8.52,864227000,0,38.85,0.71,0.71,409913000,2321424000,2924869000,2924869000,0,0.098,0.236,0.221,0.134,13570000,255701000,1.0,53468977,53468977,,54.702,2425939000,133879000,115799000,7135000,45.371,919704000
CTB,MRY,2017-12-31,2017-12-31,2017-12-31,2018-04-30,-478478000,2707925000,2664549000,1488507000,1219418000,1.071,21.982,-197186000,371684000,371684000,2338153000,96745000,2.458,1.351,336850000,40863000,295987000,336850000,0,140228000,0,0.012,0.42,274628000,414856000,0.145,414856000,274628000,242580000,1.83,1.81,1.83,1127096000,1133934500,1127096000,1886394123,6,4.547,-20358000,-0.397,1.0,516503000,0.181,187869000,32048000,1879679000,1940820000,511757000,13753000,13753000,0,1522169000,605543000,916626000,1812528123,-132739000,0,-90868000,-3928000,-21914000,-119770000,-196908000,0,176828000,7111000,95400000,95400000,95400000,0,1345000,0.033,244779000,271724000,277060000,0.23,1.608,18.999,19.317,966747000,0,35.35,0.635,0.635,528250000,2394372000,2854656000,2854656000,0,0.036,0.084,0.142,0.096,4009000,244779000,1.0,51273780,51273780,,55.675,2520056000,58665000,147180000,6954000,49.149,882964000
