ticker,dimension,calendardate,datekey,reportperiod,lastupdated,accoci,assets,assetsavg,assetsc,assetsnc,assetturnover,bvps,capex,cashneq,cashnequsd,cor,consolinc,currentratio,de,debt,debtc,debtnc,debtusd,deferredrev,depamor,deposits,divyield,dps,ebit,ebitda,ebitdamargin,ebitdausd,ebitusd,ebt,eps,epsdil,epsusd,equity,equityavg,equityusd,ev,evebit,evebitda,fcf,fcfps,fxusd,gp,grossmargin,intangibles,intexp,invcap,invcapavg,inventory,investments,investmentsc,investmentsnc,liabilities,liabilitiesc,liabilitiesnc,marketcap,ncf,ncfbus,ncfcommon,ncfdebt,ncfdiv,ncff,ncfi,ncfinv,ncfo,ncfx,netinc,netinccmn,netinccmnusd,netincdis,netincnci,netmargin,opex,opinc,payables,payoutratio,pb,pe,pe1,ppnenet,prefdivis,price,ps,ps1,receivables,retearn,revenue,revenueusd,rnd,roa,roe,roic,ros,sbcomp,sgna,sharefactor,sharesbas,shareswa,shareswadil,sps,tangibles,taxassets,taxexp,taxliabilities,tbvps,workingcapital
CVA,MRY,2011-12-31,2011-12-31,2011-12-31,2018-04-28,1000000,4385000000,4552523250,764000000,3621000000,0.362,8.022,-118000000,232000000,232000000,1102000000,227000000,1.595,3.044,3249000000,179000000,3070000000,3249000000,61000000,193000000,0,0.022,0.3,321000000,514000000,0.312,514000000,321000000,254000000,1.55,1.54,1.55,1083000000,1128287500,1083000000,5010883049,15,9.749,243000000,1.723,1.0,548000000,0.332,744000000,67000000,6179000000,6422231750,0,74000000,0,74000000,3297000000,479000000,2818000000,1884883049,94000000,-10000000,-229000000,-161000000,-32000000,-373000000,107000000,-3000000,361000000,-1000000,219000000,219000000,219000000,0,8000000,0.133,308000000,240000000,25000000,0.194,1.74,8.607,8.832,2423000000,0,13.69,1.142,1.17,305000000,244000000,1650000000,1650000000,0,0.048,0.194,0.05,0.195,17000000,84000000,1.0,137683203,141000000,142000000,11.702,3641000000,28000000,35000000,633000000,26.97,285000000
CVA,MRY,2012-12-31,2012-12-31,2012-12-31,2018-04-28,7000000,4526000000,4420250000,740000000,3786000000,0.372,8.124,-127000000,243000000,243000000,1124000000,118000000,2.056,3.312,3380000000,83000000,3297000000,3380000000,0,194000000,0,0.033,0.6,241000000,435000000,0.265,435000000,241000000,147000000,0.88,0.87,0.88,1048000000,1010000000,1048000000,5383083736,22,12.375,215000000,1.629,1.0,519000000,0.316,671000000,94000000,6632000000,6289500000,0,85000000,0,85000000,3471000000,360000000,3111000000,2425083736,12000000,-94000000,-86000000,-10000000,-90000000,-117000000,-213000000,-7000000,342000000,0,116000000,116000000,116000000,0,2000000,0.071,242000000,277000000,40000000,0.682,2.314,20.906,20.932,2559000000,0,18.42,1.476,1.48,291000000,222000000,1643000000,1643000000,0,0.026,0.115,0.038,0.147,16000000,78000000,1.0,131654926,132000000,133000000,12.447,3855000000,18000000,31000000,691000000,29.884,380000000
CVA,MRY,2013-12-31,2013-12-31,2013-12-31,2018-04-28,-2000000,4380000000,4500500000,790000000,3590000000,0.362,6.992,-188000000,195000000,195000000,1089000000,-10000000,0.872,3.851,3223000000,583000000,2640000000,3223000000,0,209000000,0,0.037,0.66,152000000,361000000,0.221,361000000,152000000,34000000,-0.07,-0.07,-0.07,902000000,914250000,902000000,5424438775,35,15.026,128000000,0.992,1.0,541000000,0.332,650000000,118000000,5852000000,6141500000,0,47000000,0,47000000,3474000000,906000000,2568000000,2316438775,-46000000,-57000000,-33000000,-15000000,-65000000,-103000000,-258000000,-11000000,316000000,-1000000,-9000000,-9000000,-9000000,52000000,-1000000,-0.006,319000000,222000000,24000000,-9.429,2.568,-257.382,-253.571,2621000000,0,17.75,1.421,1.405,293000000,101000000,1630000000,1630000000,0,-0.002,-0.01,0.025,0.093,15000000,82000000,1.0,130503593,129000000,130000000,12.636,3730000000,25000000,43000000,729000000,28.915,-116000000
CVA,MRY,2014-12-31,2014-12-31,2014-12-31,2018-04-28,-22000000,4206000000,4348750000,715000000,3491000000,0.387,6.015,-216000000,84000000,84000000,1156000000,-1000000,1.765,4.376,2980000000,40000000,2940000000,2980000000,0,211000000,0,0.039,0.86,148000000,359000000,0.213,359000000,148000000,13000000,-0.01,-0.01,-0.01,782000000,828000000,782000000,5861773290,39,16.328,125000000,0.962,1.0,526000000,0.313,605000000,135000000,6092000000,6157250000,0,12000000,0,12000000,3422000000,405000000,3017000000,2884773290,-109000000,-13000000,10000000,-73000000,-101000000,-216000000,-229000000,1000000,341000000,-5000000,-2000000,-2000000,-2000000,0,1000000,-0.001,372000000,154000000,33000000,-86.0,3.689,-1442.387,-2201.0,2607000000,0,22.01,1.715,1.701,299000000,-15000000,1682000000,1682000000,0,0.0,-0.002,0.024,0.088,17000000,97000000,1.0,131066483,130000000,130000000,12.938,3601000000,29000000,15000000,743000000,27.7,310000000
CVA,MRY,2015-12-31,2015-12-31,2015-12-31,2018-04-28,-34000000,4234000000,4236750000,697000000,3537000000,0.388,4.833,-376000000,94000000,94000000,1202000000,69000000,1.879,5.633,3099000000,24000000,3075000000,3099000000,0,198000000,0,0.065,1.0,118000000,316000000,0.192,316000000,118000000,-16000000,0.52,0.51,0.52,638000000,635500000,638000000,5069799226,42,16.044,-122000000,-0.924,1.0,443000000,0.269,623000000,134000000,6245000000,6198500000,0,0,0,0,3594000000,371000000,3223000000,2062799226,5000000,-72000000,-30000000,361000000,-133000000,203000000,-448000000,0,254000000,-4000000,68000000,68000000,68000000,0,1000000,0.041,334000000,109000000,90000000,1.923,3.233,30.335,29.788,2690000000,0,15.49,1.254,1.243,312000000,-143000000,1645000000,1645000000,0,0.016,0.107,0.019,0.072,18000000,93000000,1.0,133169737,132000000,133000000,12.462,3611000000,0,-84000000,595000000,27.356,326000000
CVA,MRY,2016-12-31,2016-12-31,2016-12-31,2018-04-28,-62000000,4284000000,4271250000,544000000,3740000000,0.398,3.636,-359000000,84000000,84000000,1263000000,-4000000,1.301,8.134,2635000000,31000000,2604000000,2635000000,0,207000000,0,0.064,1.0,156000000,363000000,0.214,363000000,156000000,18000000,-0.03,-0.03,-0.03,469000000,500500000,469000000,5120478524,32,14.106,-73000000,-0.566,1.0,436000000,0.257,599000000,138000000,5818000000,6238500000,0,0,0,0,3815000000,418000000,3397000000,2034478524,-12000000,-9000000,-20000000,89000000,-131000000,-44000000,-254000000,0,286000000,0,-4000000,-4000000,-4000000,0,0,-0.002,327000000,109000000,98000000,-33.333,4.338,-508.62,-520.0,3024000000,0,15.6,1.197,1.184,332000000,-289000000,1699000000,1699000000,0,-0.001,-0.008,0.025,0.092,16000000,100000000,1.0,130415290,129000000,129000000,13.171,3685000000,0,22000000,617000000,28.566,126000000
CVA,MRY,2017-12-31,2017-12-31,2017-12-31,2018-04-28,-55000000,4441000000,4441000000,1156000000,3285000000,0.395,3.211,-277000000,46000000,46000000,1322000000,57000000,1.115,9.4,2523000000,33000000,2490000000,2523000000,0,215000000,0,0.059,1.0,13000000,228000000,0.13,228000000,13000000,-134000000,0.44,0.44,0.44,427000000,376500000,427000000,5363151641,412,23.523,-34000000,-0.262,1.0,430000000,0.245,600000000,147000000,5281000000,6130500000,0,0,0,0,4014000000,1037000000,2977000000,2214151641,-38000000,-16000000,0,322000000,-131000000,3000000,-289000000,0,243000000,5000000,57000000,57000000,57000000,0,0,0.033,329000000,101000000,151000000,2.273,5.185,38.845,38.409,2606000000,0,16.9,1.264,1.254,341000000,-353000000,1752000000,1752000000,0,0.013,0.151,0.002,0.007,18000000,112000000,1.0,131014890,130000000,131000000,13.477,3841000000,0,-191000000,412000000,28.88,119000000
