ticker,dimension,calendardate,datekey,reportperiod,lastupdated,accoci,assets,assetsavg,assetsc,assetsnc,assetturnover,bvps,capex,cashneq,cashnequsd,cor,consolinc,currentratio,de,debt,debtc,debtnc,debtusd,deferredrev,depamor,deposits,divyield,dps,ebit,ebitda,ebitdamargin,ebitdausd,ebitusd,ebt,eps,epsdil,epsusd,equity,equityavg,equityusd,ev,evebit,evebitda,fcf,fcfps,fxusd,gp,grossmargin,intangibles,intexp,invcap,invcapavg,inventory,investments,investmentsc,investmentsnc,liabilities,liabilitiesc,liabilitiesnc,marketcap,ncf,ncfbus,ncfcommon,ncfdebt,ncfdiv,ncff,ncfi,ncfinv,ncfo,ncfx,netinc,netinccmn,netinccmnusd,netincdis,netincnci,netmargin,opex,opinc,payables,payoutratio,pb,pe,pe1,ppnenet,prefdivis,price,ps,ps1,receivables,retearn,revenue,revenueusd,rnd,roa,roe,roic,ros,sbcomp,sgna,sharefactor,sharesbas,shareswa,shareswadil,sps,tangibles,taxassets,taxexp,taxliabilities,tbvps,workingcapital
CVCO,MRY,2011-12-31,2011-03-31,2011-03-31,2018-02-07,0,269719000,246284250,147108000,122611000,0.698,22.115,57000,76949000,76949000,147549000,4072000,2.238,0.79,36000000,36000000,0,36000000,0,1357000,0,0.0,0.0,3720000,5077000,0.03,5077000,3720000,3720000,0.43,0.41,0.43,150669000,148325000,150669000,272508086,73,53.675,3198000,0.482,1.0,24278000,0.141,68859000,0,94171000,77907750,16036000,40060000,40060000,0,119050000,65740000,53310000,307883086,1525000,0,1391000,36000000,0,37391000,-39007000,-39064000,3141000,0,2831000,2831000,2831000,0,1241000,0.016,21345000,2933000,3495000,0.0,2.043,108.754,105.023,35993000,0,45.16,1.792,1.744,24330000,21390000,171827000,171827000,0,0.011,0.019,0.048,0.022,671000,21345000,1.0,6817606,6637270,6859457,25.888,200860000,4997000,889000,17491000,29.482,81368000
CVCO,MRY,2012-12-31,2012-03-31,2012-03-31,2018-02-07,58000,437334000,431687750,171014000,266320000,1.026,24.431,2885000,47878000,47878000,347121000,29728000,2.0,1.598,96025000,15278000,80747000,96025000,0,5556000,0,0.0,0.0,25001000,30557000,0.069,30557000,25001000,17736000,2.22,2.19,2.22,168343000,164977000,168343000,378625277,15,12.391,19315000,2.808,1.0,95945000,0.217,80915000,7265000,319061000,320890500,62246000,16184000,7359000,8825000,268991000,85505000,183486000,320973277,-35419000,-67639000,1463000,-30238000,0,-28775000,-23074000,41680000,16430000,0,15237000,15237000,15237000,0,14491000,0.034,79800000,16145000,11732000,0.0,1.907,21.065,20.982,50064000,0,46.58,0.724,0.723,156869000,36627000,443066000,443066000,0,0.035,0.092,0.078,0.056,916000,79800000,1.0,6890796,6877437,6949077,64.423,356419000,11427000,2499000,16198000,51.726,85509000
CVCO,MRY,2013-12-31,2013-03-30,2013-03-30,2018-02-07,177000,444499000,439707750,194382000,250117000,1.029,25.387,1041000,55775000,55775000,351945000,10297000,2.234,1.513,82287000,10169000,72118000,82287000,0,4010000,0,0.0,0.0,17287000,21297000,0.047,21297000,17287000,11314000,0.71,0.71,0.71,176890000,174226750,176890000,366324571,21,17.201,21761000,3.128,1.0,100355000,0.222,79435000,5973000,304571000,308389500,68805000,21681000,10912000,10769000,267609000,87005000,180604000,331465571,6729000,0,2199000,-14050000,0,-11851000,-2140000,-3181000,20720000,0,4963000,4963000,4963000,0,5334000,0.011,79313000,21042000,14118000,0.0,1.874,66.787,67.0,46223000,0,47.57,0.733,0.732,148667000,41590000,452300000,452300000,0,0.011,0.028,0.056,0.038,1266000,79313000,1.0,6967954,6956706,7027204,65.016,365064000,9466000,6351000,16492000,52.394,107377000
CVCO,MRY,2014-12-31,2014-03-29,2014-03-29,2018-02-07,436000,469239000,458875500,227846000,241393000,1.162,32.859,-2204000,81350000,81350000,413856000,18706000,2.302,0.616,70052000,10187000,59865000,70052000,0,4000000,0,0.0,0.0,30182000,34182000,0.064,34182000,30182000,25337000,1.97,1.94,1.97,290433000,258769250,290433000,701347759,23,20.518,44553000,5.392,1.0,119483000,0.224,78055000,4845000,280893000,288659250,69729000,46762000,11230000,35532000,178806000,98993000,79813000,695163759,25126000,0,357000,-12375000,0,-11967000,-9664000,-7460000,46757000,0,16238000,16238000,16238000,0,2468000,0.03,87938000,31545000,15287000,0.0,2.394,42.811,39.919,48227000,0,78.64,1.303,1.218,119050000,57828000,533339000,533339000,0,0.035,0.063,0.105,0.057,2302000,87938000,1.0,8839824,8262688,8379024,64.548,391184000,12313000,9099000,19948000,44.257,128853000
CVCO,MRY,2015-12-31,2015-03-28,2015-03-28,2018-02-07,504000,502582000,488480500,265464000,237118000,1.16,36.139,3825000,107675000,107675000,440523000,23817000,2.616,0.57,66960000,6590000,60370000,66960000,0,3757000,0,0.0,0.0,41914000,45671000,0.081,45671000,41914000,37327000,2.69,2.64,2.69,320154000,309250750,320154000,632008700,15,13.838,29523000,3.334,1.0,126136000,0.223,76676000,4587000,283720000,284576750,75334000,50000000,9436000,40564000,182428000,101471000,80957000,664705700,23648000,0,500000,-4130000,0,49000,-2099000,-5924000,25698000,0,23817000,23817000,23817000,0,0,0.042,87659000,38477000,17805000,0.0,2.076,27.909,27.892,44712000,0,75.03,1.173,1.172,125152000,81645000,566659000,566659000,0,0.049,0.077,0.147,0.074,-2022000,87659000,1.0,8859199,8854359,9015779,63.998,425906000,8573000,13510000,20587000,48.076,163993000
CVCO,MRY,2016-12-31,2016-04-02,2016-04-02,2018-02-07,1289000,553835000,538925000,298719000,255116000,1.322,39.628,-3426000,109066000,109066000,567907000,28541000,2.388,0.568,61171000,6262000,54909000,61171000,0,3922000,0,0.0,0.0,48391000,52313000,0.073,52313000,48391000,44028000,3.21,3.15,3.21,353226000,339554250,353226000,787026795,16,15.045,40117000,4.513,1.0,144445000,0.203,80389000,4363000,300462000,299742000,94813000,64630000,13697000,50933000,200609000,125089000,75520000,830610795,1169000,-28121000,705000,-6131000,0,-4147000,-38227000,-6680000,43543000,0,28541000,28541000,28541000,0,0,0.04,98103000,46342000,18513000,0.0,2.351,29.102,29.034,55072000,0,93.2,1.166,1.163,118671000,110186000,712352000,712352000,0,0.053,0.084,0.161,0.068,483000,98103000,1.0,8912133,8889731,9046347,80.132,473446000,8998000,15487000,20611000,53.116,173630000
CVCO,MRY,2017-12-31,2017-04-01,2017-04-01,2018-02-07,1386000,607316000,581586500,356764000,250552000,1.33,43.851,-5150000,144839000,144839000,615760000,37955000,2.544,0.54,57991000,6417000,51574000,57991000,0,3687000,0,0.0,0.0,59724000,63411000,0.082,63411000,59724000,55281000,4.23,4.17,4.23,394408000,377000500,394408000,975039395,16,15.377,39644000,4.417,1.0,158037000,0.204,80021000,4443000,300231000,298922000,93855000,67378000,19221000,48157000,212908000,140216000,72692000,1046816395,34776000,0,-1393000,-3961000,0,-2956000,-7062000,-1912000,44794000,0,37955000,37955000,37955000,0,0,0.049,101231000,56806000,24010000,0.0,2.654,27.58,27.518,56964000,0,116.4,1.353,1.35,127022000,148141000,773797000,773797000,0,0.065,0.101,0.2,0.077,-273000,101231000,1.0,8993268,8976064,9105743,86.207,527295000,9204000,17326000,21118000,58.626,216548000
