ticker,dimension,calendardate,datekey,reportperiod,lastupdated,accoci,assets,assetsavg,assetsc,assetsnc,assetturnover,bvps,capex,cashneq,cashnequsd,cor,consolinc,currentratio,de,debt,debtc,debtnc,debtusd,deferredrev,depamor,deposits,divyield,dps,ebit,ebitda,ebitdamargin,ebitdausd,ebitusd,ebt,eps,epsdil,epsusd,equity,equityavg,equityusd,ev,evebit,evebitda,fcf,fcfps,fxusd,gp,grossmargin,intangibles,intexp,invcap,invcapavg,inventory,investments,investmentsc,investmentsnc,liabilities,liabilitiesc,liabilitiesnc,marketcap,ncf,ncfbus,ncfcommon,ncfdebt,ncfdiv,ncff,ncfi,ncfinv,ncfo,ncfx,netinc,netinccmn,netinccmnusd,netincdis,netincnci,netmargin,opex,opinc,payables,payoutratio,pb,pe,pe1,ppnenet,prefdivis,price,ps,ps1,receivables,retearn,revenue,revenueusd,rnd,roa,roe,roic,ros,sbcomp,sgna,sharefactor,sharesbas,shareswa,shareswadil,sps,tangibles,taxassets,taxexp,taxliabilities,tbvps,workingcapital
CVLT,MRY,2011-12-31,2011-03-31,2011-03-31,2018-05-03,307000,342499000,305837750,312730000,29769000,1.029,4.301,-3865000,217170000,217170000,41015000,21004000,2.345,0.821,0,0,0,0,112912000,3906000,0,0.0,0.0,36421000,40327000,0.128,40327000,36421000,36315000,0.49,0.45,0.49,188130000,168688750,188130000,1547133925,42,38.365,48545000,1.122,1.0,273761000,0.87,0,106000,-8021000,-1517750,0,1150000,1150000,0,154369000,133350000,21019000,1738526925,47652000,0,-14348000,0,0,-7304000,28000,3893000,52410000,2518000,21004000,21004000,21004000,0,0,0.067,237990000,35771000,1658000,0.0,9.241,82.771,81.388,6400000,0,39.88,5.523,5.484,73891000,-84239000,314776000,314776000,36954000,0.069,0.125,-23.997,0.116,8579000,197261000,1.0,43593955,43283000,46301000,7.273,342499000,33779000,15311000,0,7.831,179380000
CVLT,MRY,2012-12-31,2012-03-31,2012-03-31,2018-05-03,239000,432688000,380682750,395350000,37338000,1.068,5.178,-5796000,297088000,297088000,53407000,31940000,2.285,0.881,0,0,0,0,147373000,4484000,0,0.0,0.0,50049000,54533000,0.134,54533000,50049000,49992000,0.72,0.68,0.72,229984000,202721750,229984000,1940171352,38,35.578,94204000,2.137,1.0,353232000,0.869,0,57000,-37449000,-25930500,0,3146000,3146000,0,202704000,173049000,29655000,2194177352,79918000,0,-27516000,0,0,-11507000,-7792000,-1996000,100000000,-783000,31940000,31940000,31940000,0,0,0.079,303933000,49299000,1847000,0.0,9.541,68.697,68.944,9137000,0,49.64,5.396,5.382,67793000,-91139000,406639000,406639000,39936000,0.084,0.158,-1.93,0.123,5417000,259644000,1.0,44201800,44089000,47201000,9.223,432688000,38578000,18052000,0,9.742,222301000
CVLT,MRY,2013-12-31,2013-03-31,2013-03-31,2018-05-03,-289000,604854000,517984500,555498000,49356000,0.957,7.656,-17030000,433964000,433964000,64952000,53209000,2.615,0.709,0,0,0,0,184270000,4939000,0,0.0,0.0,81954000,86893000,0.175,86893000,81954000,81954000,1.17,1.1,1.17,354017000,301469750,354017000,3388751563,41,38.999,95653000,2.104,1.0,430898000,0.869,0,0,-41514000,-38690000,0,1948000,1948000,0,250837000,212404000,38433000,3784049563,136876000,0,18128000,0,0,41208000,-15832000,1198000,112683000,-1183000,53209000,53209000,53209000,0,0,0.107,350003000,80895000,3860000,0.0,10.689,71.117,70.068,21112000,0,81.98,7.631,7.517,85033000,-37930000,495850000,495850000,47356000,0.103,0.176,-2.118,0.165,7018000,297815000,1.0,46158204,45463000,48330000,10.907,604854000,40494000,28745000,0,13.08,343094000
CVLT,MRY,2014-12-31,2014-03-31,2014-03-31,2018-05-03,-917000,755384000,702894500,630531000,124853000,0.834,9.813,-67130000,457733000,457733000,74301000,64064000,2.589,0.633,0,0,0,0,209575000,6207000,0,0.0,0.0,101310000,107517000,0.183,107517000,101310000,101310000,1.36,1.29,1.36,462578000,437387750,462578000,2609288358,25,24.269,52007000,1.107,1.0,512039000,0.873,0,0,54124000,17152500,0,24976000,24976000,0,292806000,243527000,49279000,3084821358,23769000,0,-32415000,0,0,-4078000,-90158000,-23028000,119137000,-1132000,64064000,64064000,64064000,0,0,0.109,411619000,100420000,1218000,0.0,6.669,48.152,47.757,88901000,0,64.95,5.261,5.204,118527000,-18059000,586340000,586340000,55134000,0.091,0.146,5.906,0.173,20787000,350410000,1.0,47495325,46976000,49642000,12.482,755384000,46703000,37246000,0,16.024,387004000
CVLT,MRY,2015-12-31,2015-03-31,2015-03-31,2018-05-03,-7504000,713466000,693997000,525409000,188057000,0.875,9.039,-65081000,337673000,337673000,82068000,25650000,2.037,0.753,0,0,0,0,229735000,9046000,0,0.0,0.0,39557000,48603000,0.08,48603000,39557000,38892000,0.56,0.54,0.56,407010000,400341750,407010000,1647052506,41,33.888,58766000,1.293,1.0,525475000,0.865,0,665000,117864000,102397000,0,49936000,49936000,0,306456000,257929000,48527000,1961998506,-120060000,0,-137435000,-1262000,0,-133640000,-90041000,-24960000,123847000,-20226000,25650000,25650000,25650000,0,0,0.042,486691000,38784000,860000,0.0,4.821,76.491,78.036,140208000,0,43.7,3.229,3.27,117716000,-125502000,607543000,607543000,64143000,0.037,0.064,0.386,0.065,55606000,414043000,1.0,44896991,45464000,47222000,13.363,713466000,41045000,13242000,0,15.846,267480000
CVLT,MRY,2016-12-31,2016-03-31,2016-03-31,2018-05-03,-9209000,714573000,714888000,517377000,197196000,0.831,8.881,-8391000,288107000,288107000,82712000,1720000,1.953,0.803,0,0,0,0,244866000,11179000,0,0.0,0.0,4889000,16068000,0.027,16068000,4889000,3956000,0.04,0.04,0.04,396268000,412596500,396268000,1633444567,334,101.658,76022000,1.683,1.0,511055000,0.861,0,933000,161502000,142620500,0,103651000,99072000,4579000,318305000,264964000,53341000,1949840567,-49566000,0,-76634000,0,0,-69970000,-62189000,-53798000,84413000,-1820000,1720000,1720000,1720000,0,0,0.003,506945000,4110000,309000,0.0,4.921,1133.628,1079.25,135904000,0,43.17,3.284,3.283,113429000,-197962000,593767000,593767000,69287000,0.002,0.004,0.034,0.008,57532000,428047000,1.0,45166564,45159000,46489000,13.148,714573000,49976000,2236000,0,16.015,252413000
CVLT,MRY,2017-12-31,2017-03-31,2017-03-31,2018-05-03,-12315000,829878000,774093500,606059000,223819000,0.833,10.407,-6424000,329491000,329491000,85192000,-508000,2.105,0.777,0,0,0,0,279902000,10232000,0,0.0,0.0,-1037000,9195000,0.014,9195000,-1037000,-1994000,-0.01,-0.01,-0.01,466932000,438055500,466932000,1973635134,-1903,214.642,93615000,2.094,1.0,559813000,0.868,0,957000,212470000,186484750,0,124314000,120693000,3621000,362946000,287917000,75029000,2290047134,41384000,0,-28677000,0,0,-22435000,-28045000,-21621000,100039000,-8175000,-508000,-508000,-508000,0,0,-0.001,561055000,-1242000,117000,0.0,4.904,-4507.967,-5080.0,132319000,0,50.8,3.55,3.521,140084000,-215677000,645005000,645005000,83543000,-0.001,-0.001,-0.006,-0.002,67686000,468877000,1.0,45079668,44700000,44700000,14.43,829878000,50228000,-1486000,0,18.497,318142000
CVLT,MRY,2018-12-31,2018-03-31,2018-03-31,2018-05-03,-5472000,818642000,836668000,646788000,171854000,0.836,8.99,-7047000,330784000,330784000,98152000,-61900000,1.995,1.026,0,0,0,0,325774000,11785000,0,0.0,0.0,-2339000,9446000,0.014,9446000,-2339000,-3500000,-1.37,-1.37,-1.37,404064000,452606500,404064000,2256203786,-964,238.853,77122000,1.705,1.0,601241000,0.86,0,1161000,163685000,197538500,0,131637000,131637000,0,414578000,324173000,90405000,2570697786,1293000,0,-82104000,0,0,-82104000,-17991000,-10944000,84169000,17219000,-61900000,-61900000,-61900000,0,0,-0.089,602187000,-946000,761000,0.0,6.362,-41.53,-41.752,128612000,0,57.2,3.676,3.7,162119000,-373678000,699393000,699393000,94164000,-0.074,-0.137,-0.012,-0.003,74129000,498302000,1.0,44942269,45242000,45242000,15.459,818642000,0,58400000,2430000,18.213,322615000
