ticker,dimension,calendardate,datekey,reportperiod,lastupdated,accoci,assets,assetsavg,assetsc,assetsnc,assetturnover,bvps,capex,cashneq,cashnequsd,cor,consolinc,currentratio,de,debt,debtc,debtnc,debtusd,deferredrev,depamor,deposits,divyield,dps,ebit,ebitda,ebitdamargin,ebitdausd,ebitusd,ebt,eps,epsdil,epsusd,equity,equityavg,equityusd,ev,evebit,evebitda,fcf,fcfps,fxusd,gp,grossmargin,intangibles,intexp,invcap,invcapavg,inventory,investments,investmentsc,investmentsnc,liabilities,liabilitiesc,liabilitiesnc,marketcap,ncf,ncfbus,ncfcommon,ncfdebt,ncfdiv,ncff,ncfi,ncfinv,ncfo,ncfx,netinc,netinccmn,netinccmnusd,netincdis,netincnci,netmargin,opex,opinc,payables,payoutratio,pb,pe,pe1,ppnenet,prefdivis,price,ps,ps1,receivables,retearn,revenue,revenueusd,rnd,roa,roe,roic,ros,sbcomp,sgna,sharefactor,sharesbas,shareswa,shareswadil,sps,tangibles,taxassets,taxexp,taxliabilities,tbvps,workingcapital
CVO,MRY,2011-12-31,2011-12-31,2011-12-31,2017-11-09,-59880000,1385588000,1410749000,535730000,849858000,1.307,-48.272,-4458000,17753000,17753000,1498202000,-8565000,1.595,-4.63,1246343000,8809000,1237534000,1246343000,0,62548000,0,0.0,0.0,111948000,174496000,0.095,174496000,111948000,-4020000,-1.12,-1.12,-1.12,-381704000,-344123250,-381704000,1481202734,13,8.488,75864000,9.636,1.0,346169000,0.188,414385000,115968000,1863928000,1912402000,133796000,0,0,0,1767292000,335865000,1431427000,215084734,-31996000,-59719000,-927000,-44518000,0,-48120000,-64812000,0,80322000,614000,-8565000,-8565000,-8565000,-129000,0,-0.005,229287000,116882000,186648000,0.0,-0.563,-25.112,-24.286,328567000,0,27.2,0.117,0.116,288483000,-672847000,1844371000,1844371000,0,-0.006,0.025,0.059,0.061,8716000,213296000,1.0,7907527,7872875,7872875,234.269,971203000,0,4545000,0,122.822,199865000
CVO,MRY,2012-12-31,2012-12-29,2012-12-29,2017-11-09,-67201000,1200555000,1266121250,468963000,731592000,1.373,-58.256,-12585000,8110000,8110000,1417147000,-79887000,1.562,-3.586,1183618000,11748000,1171870000,1183618000,0,60658000,0,0.0,0.0,90588000,151246000,0.087,151246000,90588000,-24167000,-10.08,-10.08,-10.08,-464314000,-419384250,-464314000,1372950529,15,9.078,39480000,4.969,1.0,321146000,0.185,392614000,114755000,1683215000,1770382500,127235000,0,0,0,1664869000,300234000,1364635000,166419529,-9643000,-644000,-735000,-53245000,0,-93468000,31654000,-350000,52065000,106000,-79887000,-79887000,-79887000,-641000,0,-0.046,219961000,101185000,179850000,0.0,-0.358,-2.083,-2.071,279078000,0,20.88,0.096,0.095,254389000,-752734000,1738293000,1738293000,0,-0.063,0.19,0.051,0.052,5333000,182980000,1.0,7970284,7945875,7945875,218.767,807941000,0,55720000,0,101.37,168729000
CVO,MRY,2013-12-31,2013-12-28,2013-12-28,2017-11-09,-40300000,1213704000,1207945500,509965000,703739000,1.315,-60.051,-21663000,11329000,11329000,1325365000,-68786000,1.383,-3.442,1185525000,9174000,1176351000,1185525000,0,49231000,0,0.0,0.0,57954000,107185000,0.067,107185000,57954000,-54625000,-8.56,-8.56,-8.56,-496980000,-489332500,-496980000,1413102722,24,13.184,6530000,0.809,1.0,263337000,0.166,355185000,112579000,1663963000,1670322500,161565000,0,0,0,1710684000,368752000,1341932000,233558722,3219000,-33166000,-562000,-342000,0,-17550000,-7497000,-1650000,28193000,73000,-68786000,-68786000,-68786000,-17490000,0,-0.043,214034000,49303000,244228000,0.0,-0.47,-3.395,-3.299,304907000,0,28.24,0.147,0.143,281586000,-821520000,1588702000,1588702000,0,-0.057,0.141,0.035,0.036,3739000,186435000,1.0,8270493,8072000,8072000,196.816,858519000,0,14161000,0,103.736,141213000
CVO,MRY,2014-12-31,2014-12-27,2014-12-27,2017-11-09,-98197000,1135721000,1187870750,483915000,651806000,1.483,-74.783,-28556000,12572000,12572000,1491488000,-83863000,1.341,-2.795,1210380000,3872000,1206508000,1210380000,0,52970000,0,0.0,0.0,26957000,79927000,0.045,79927000,26957000,-79704000,-10.0,-10.0,-10.0,-632675000,-562157000,-632675000,1388303236,51,17.37,-4641000,-0.555,1.0,269827000,0.153,313561000,106661000,1659021000,1706269750,118891000,0,0,0,1768396000,360947000,1407449000,147546236,3264000,0,-542000,51825000,0,12491000,-33268000,-2000000,23915000,126000,-83863000,-83863000,-83863000,-11190000,0,-0.048,227053000,42774000,213040000,0.0,-0.233,-1.759,-1.744,227823000,0,17.44,0.084,0.083,252555000,-905383000,1761315000,1761315000,0,-0.071,0.149,0.016,0.015,2420000,196343000,1.0,8460220,8369000,8369000,210.457,822160000,0,4159000,0,97.181,122968000
CVO,MRY,2015-12-31,2016-01-02,2016-01-02,2017-11-09,-105930000,1082026000,1117550250,478739000,603287000,1.559,-78.944,-17370000,7785000,7785000,1450876000,-30851000,1.374,-2.615,1208623000,5373000,1203250000,1208623000,0,49689000,0,0.0,0.0,74347000,124036000,0.071,124036000,74347000,-26458000,-3.64,-3.64,-3.64,-669839000,-648757000,-669839000,1291548020,17,10.413,14824000,1.748,1.0,290903000,0.167,305788000,100805000,1628540000,1683086750,121615000,0,0,0,1751865000,348536000,1403329000,59145020,-4037000,-1996000,-216000,-13265000,0,-15550000,-19468000,0,32194000,-1213000,-30851000,-30851000,-30851000,11390000,0,-0.018,207110000,83793000,200120000,0.0,-0.088,-1.917,-1.915,210578000,0,6.971,0.034,0.034,254042000,-936234000,1741779000,1741779000,0,-0.028,0.048,0.044,0.043,1636000,186749000,1.0,8484195,8479000,8479000,205.423,776238000,0,4393000,0,91.484,130203000
CVO,MRY,2016-12-31,2016-12-31,2016-12-31,2017-11-09,-101886000,912959000,914227500,383245000,529714000,1.816,-68.875,-32807000,5532000,5532000,1386746000,67949000,1.216,-2.55,1018666000,31727000,986939000,1018666000,0,47200000,0,0.0,0.0,157960000,205160000,0.124,205160000,157960000,72207000,7.97,7.32,7.97,-589157000,-605222750,-589157000,1098971256,6,5.357,6064000,0.711,1.0,273255000,0.165,293172000,85753000,1317715000,1331539000,80767000,0,0,0,1502116000,315206000,1186910000,59778256,-5024000,0,-346000,-97256000,0,-109186000,65059000,0,38871000,232000,67949000,67949000,67949000,2897000,0,0.041,197223000,76032000,166030000,0.0,-0.101,0.88,0.877,198912000,0,6.99,0.036,0.036,196989000,-869628000,1660001000,1660001000,0,0.074,-0.112,0.119,0.095,1468000,179525000,1.0,8551968,8527000,9492000,194.676,619787000,0,4258000,0,72.456,68039000
