ticker,dimension,calendardate,datekey,reportperiod,lastupdated,accoci,assets,assetsavg,assetsc,assetsnc,assetturnover,bvps,capex,cashneq,cashnequsd,cor,consolinc,currentratio,de,debt,debtc,debtnc,debtusd,deferredrev,depamor,deposits,divyield,dps,ebit,ebitda,ebitdamargin,ebitdausd,ebitusd,ebt,eps,epsdil,epsusd,equity,equityavg,equityusd,ev,evebit,evebitda,fcf,fcfps,fxusd,gp,grossmargin,intangibles,intexp,invcap,invcapavg,inventory,investments,investmentsc,investmentsnc,liabilities,liabilitiesc,liabilitiesnc,marketcap,ncf,ncfbus,ncfcommon,ncfdebt,ncfdiv,ncff,ncfi,ncfinv,ncfo,ncfx,netinc,netinccmn,netinccmnusd,netincdis,netincnci,netmargin,opex,opinc,payables,payoutratio,pb,pe,pe1,ppnenet,prefdivis,price,ps,ps1,receivables,retearn,revenue,revenueusd,rnd,roa,roe,roic,ros,sbcomp,sgna,sharefactor,sharesbas,shareswa,shareswadil,sps,tangibles,taxassets,taxexp,taxliabilities,tbvps,workingcapital
CYOU,MRY,2011-12-31,2011-12-31,2011-12-31,2018-02-28,34748000,753073000,640723000,370907000,382166000,0.756,4.91,-83468000,330411000,330411000,67512000,248014000,2.385,0.351,16007000,16007000,0,16007000,51900000,28792000,0,0.0,0.0,289043000,317835000,0.656,317835000,289043000,289036000,4.68,4.6,4.68,514861000,471183500,514861000,848541950,2,2.67,193134000,1.842,1.0,417064000,0.861,183057000,7000,100116000,70358000,0,17910000,17560000,350000,180958000,155496000,25462000,1199498950,-20616000,-216611000,0,0,0,0,-316649000,287000,276602000,19431000,245456000,245456000,245456000,0,2558000,0.507,137235000,279829000,26612000,0.0,2.33,4.887,4.925,68394000,0,23.05,2.475,4.988,11326000,391584000,484576000,484576000,52238000,0.383,0.521,4.108,0.596,6117000,79577000,0.5,104078000,104854000,106600000,4.621,570016000,0,43580000,18335000,5.436,215411000
CYOU,MRY,2012-12-31,2012-12-31,2012-12-31,2018-02-28,38133000,1114513000,933793000,587403000,527110000,0.668,5.753,-11716000,366639000,366639000,104522000,293596000,1.971,0.732,239353000,113000000,126353000,239353000,43659000,37973000,0,0.144,3.8,352048000,390021000,0.626,390021000,352048000,349805000,5.34,5.28,5.34,607885000,561373000,607885000,1068752202,3,2.74,328720000,3.111,1.0,518907000,0.832,189170000,2243000,500099000,300107500,0,299169000,167860000,131309000,444818000,297958000,146860000,1383156202,36228000,-945000,0,223353000,-200875000,8739000,-314696000,-277726000,340436000,1749000,282400000,282400000,282400000,0,11196000,0.453,170814000,348093000,45433000,0.712,2.275,4.898,4.933,64828000,0,26.34,2.219,4.464,23859000,470717000,623429000,623429000,73755000,0.302,0.503,1.173,0.565,3669000,94153000,0.5,105023250,105656000,106792000,5.901,925343000,0,67405000,37527000,8.758,289445000
CYOU,MRY,2013-12-31,2013-12-31,2013-12-31,2018-02-28,71733000,1585212000,1349862500,1045176000,540036000,0.547,8.598,-61582000,548484000,548484000,126437000,286422000,1.611,0.735,410331000,410331000,0,410331000,43842000,42373000,0,0.0,0.0,313860000,356233000,0.483,356233000,313860000,305025000,5.06,5.04,5.06,913516000,760700500,913516000,1567905292,4,4.401,297061000,2.796,1.0,611438000,0.829,253647000,8835000,544464000,522281500,0,427501000,395846000,31655000,671696000,648948000,22748000,1695191292,181845000,-109695000,-17240000,167000000,0,130102000,-322693000,-117450000,358643000,15793000,268642000,268642000,268642000,0,17780000,0.364,305930000,305508000,63690000,0.0,1.856,6.31,6.334,246674000,0,32.05,2.297,4.615,36389000,739343000,737875000,737875000,119909000,0.199,0.353,0.601,0.425,1274000,186021000,0.5,105784168,106252000,106676000,6.945,1331565000,0,36383000,62362000,12.532,396228000
CYOU,MRY,2014-12-31,2014-12-31,2014-12-31,2018-02-28,68802000,1547965000,1566588500,807371000,740594000,0.482,8.917,-24241000,220794000,220794000,201862000,-21159000,3.256,0.642,370000000,25500000,344500000,370000000,39178000,65168000,0,0.0,0.0,5564000,70732000,0.094,70732000,5564000,-888000,-0.06,-0.06,-0.06,942698000,928107000,942698000,1307469864,234,18.485,26075000,0.247,1.0,553404000,0.733,327273000,6452000,1121951000,833207500,0,614157000,473763000,140394000,605267000,247947000,357320000,1445622864,-327690000,-86539000,-3577000,-40194000,0,-46584000,-330502000,-185663000,50316000,-920000,-3381000,-3381000,-3381000,0,-17778000,-0.004,595153000,-41749000,55925000,0.0,1.533,-427.573,-456.0,243837000,0,27.36,1.914,3.83,77969000,735962000,755266000,755266000,194113000,-0.002,-0.004,0.007,0.007,4087000,348758000,0.5,105674186,105722000,105722000,7.144,1220692000,0,2493000,46575000,11.546,559424000
CYOU,MRY,2015-12-31,2015-12-31,2015-12-31,2018-02-28,-6101000,1779506000,1663735500,1267395000,512111000,0.458,10.095,-12443000,569917000,569917000,216761000,190627000,1.837,0.68,344500000,344500000,0,344500000,42166000,41113000,0,0.0,0.0,275172000,316285000,0.415,316285000,275172000,266839000,4.06,4.02,4.06,1059249000,1000973500,1059249000,1458055639,5,4.61,200901000,1.915,1.0,544875000,0.715,136221000,8333000,727853000,924902000,0,533884000,401800000,132084000,720257000,690015000,30242000,1308849639,349123000,164312000,-14506000,157400000,0,142894000,-3935000,-134900000,213344000,-3180000,212784000,212784000,212784000,0,-22157000,0.279,383553000,161322000,26488000,0.0,1.236,6.151,6.113,214306000,0,24.82,1.718,3.419,67959000,951367000,761636000,761636000,170605000,0.128,0.213,0.298,0.361,15024000,172624000,0.5,105467336,104924000,105762000,7.259,1643285000,0,54055000,55923000,15.662,577380000
CYOU,MRY,2016-12-31,2016-12-31,2016-12-31,2018-02-28,-72426000,1708037000,1743771500,1465903000,242134000,0.301,10.981,-4032000,597188000,597188000,165810000,147070000,2.838,0.488,0,0,0,0,43541000,26020000,0,0.0,0.0,170851000,196871000,0.375,196871000,170851000,166530000,2.78,2.72,2.78,1148164000,1103706500,1148164000,881624246,5,4.478,201630000,1.928,1.0,359575000,0.684,38837000,4321000,555514000,641683500,0,236984000,233491000,3493000,559873000,516498000,43375000,1107041246,27271000,-72077000,0,-134559000,0,-147459000,-4685000,79861000,205662000,-14563000,144947000,144947000,144947000,0,2123000,0.276,228722000,130853000,23869000,0.0,0.964,7.638,7.633,189770000,0,21.22,2.107,4.223,47150000,1095999000,525385000,525385000,121619000,0.083,0.131,0.266,0.325,8402000,107103000,0.5,104339420,104560000,106278000,5.025,1669200000,0,21583000,37717000,15.964,949405000
CYOU,MRY,2017-12-31,2017-12-31,2017-12-31,2018-02-28,-4398000,1922023000,1815030000,1597464000,324559000,0.32,12.505,-2414000,573159000,573159000,163786000,81839000,2.866,0.461,0,0,0,0,42917000,19807000,0,0.0,0.0,153973000,173780000,0.299,173780000,153973000,149601000,2.06,2.04,2.06,1315357000,1231760500,1315357000,1310857475,8,7.543,196361000,1.867,1.0,416475000,0.718,35964000,4372000,755581000,655547500,0,407584000,404584000,3000000,606666000,557319000,49347000,1908045475,-26049000,-72510000,7000,15000000,0,15013000,-256426000,-176922000,198775000,4905000,108834000,108834000,108834000,0,-26995000,0.188,325994000,90481000,24647000,0.0,1.451,17.532,17.684,189947000,0,36.43,3.288,6.604,91636000,1197617000,580261000,580261000,131032000,0.06,0.088,0.235,0.265,17393000,108080000,0.5,104751330,105188000,106570000,5.516,1886059000,0,40767000,53911000,17.93,1040145000
