ticker,dimension,calendardate,datekey,reportperiod,lastupdated,accoci,assets,assetsavg,assetsc,assetsnc,assetturnover,bvps,capex,cashneq,cashnequsd,cor,consolinc,currentratio,de,debt,debtc,debtnc,debtusd,deferredrev,depamor,deposits,divyield,dps,ebit,ebitda,ebitdamargin,ebitdausd,ebitusd,ebt,eps,epsdil,epsusd,equity,equityavg,equityusd,ev,evebit,evebitda,fcf,fcfps,fxusd,gp,grossmargin,intangibles,intexp,invcap,invcapavg,inventory,investments,investmentsc,investmentsnc,liabilities,liabilitiesc,liabilitiesnc,marketcap,ncf,ncfbus,ncfcommon,ncfdebt,ncfdiv,ncff,ncfi,ncfinv,ncfo,ncfx,netinc,netinccmn,netinccmnusd,netincdis,netincnci,netmargin,opex,opinc,payables,payoutratio,pb,pe,pe1,ppnenet,prefdivis,price,ps,ps1,receivables,retearn,revenue,revenueusd,rnd,roa,roe,roic,ros,sbcomp,sgna,sharefactor,sharesbas,shareswa,shareswadil,sps,tangibles,taxassets,taxexp,taxliabilities,tbvps,workingcapital
DAVE,MRY,2011-12-31,2012-01-01,2012-01-01,2018-05-14,0,73839000,75002500,9679000,64160000,2.064,4.391,-5506000,1423000,1423000,120469000,5562000,0.811,1.166,21355000,904000,20451000,21355000,0,5616000,0,0.0,0.0,9411000,15027000,0.097,15027000,9411000,8326000,0.7,0.68,0.7,34094000,34201000,34094000,98191198,10,6.534,6346000,0.796,1.0,34342000,0.222,2841000,1085000,78993000,81722500,2754000,60000,60000,0,39745000,11937000,27808000,79570198,-1506000,0,-5534000,-2776000,0,-8230000,-5128000,378000,11852000,0,5562000,5562000,5562000,0,0,0.036,24946000,9396000,1940000,0.0,2.334,14.306,14.714,60972000,0,10.3,0.514,0.53,3430000,28146000,154811000,154811000,0,0.074,0.163,0.115,0.061,1179000,18391000,1.0,7725262,7972000,8149000,19.419,70998000,247000,2764000,0,9.143,-2258000
DAVE,MRY,2012-12-31,2012-12-30,2012-12-30,2018-05-14,0,76524000,75461250,12411000,64113000,2.054,4.602,-6712000,2763000,2763000,123193000,4360000,1.019,1.266,23051000,946000,22105000,23051000,0,6000000,0,0.0,0.0,6215000,12215000,0.079,12215000,6215000,5165000,0.58,0.57,0.58,33767000,32917250,33767000,88338272,14,7.232,2914000,0.391,1.0,31795000,0.205,2815000,1050000,81818000,81174000,2760000,0,0,0,42757000,12179000,30578000,66960272,926000,1200000,-5850000,1633000,0,-3227000,-5473000,60000,9626000,0,4360000,4360000,4360000,0,0,0.028,25582000,6213000,3640000,0.0,1.983,15.358,15.379,60429000,0,8.92,0.432,0.429,3427000,32506000,154988000,154988000,0,0.058,0.132,0.077,0.04,274000,18708000,1.0,7506757,7455000,7650000,20.79,73709000,867000,805000,0,10.045,232000
DAVE,MRY,2013-12-31,2013-12-29,2013-12-29,2018-05-14,0,75337000,75482250,12057000,63280000,1.819,4.547,-6428000,2394000,2394000,104879000,4767000,0.882,1.297,19905000,980000,18925000,19905000,0,5253000,0,0.0,0.0,7429000,12682000,0.092,12682000,7429000,6464000,0.65,0.62,0.65,32791000,34960750,32791000,152641818,20,12.036,9172000,1.245,1.0,32403000,0.236,2997000,965000,76176000,72950250,2915000,0,0,0,42546000,13675000,28871000,139499818,-781000,0,-6877000,-3204000,0,-9568000,-6813000,0,15600000,0,4767000,4767000,4767000,-818000,0,0.035,25819000,6584000,6241000,0.0,4.254,29.264,29.154,59733000,0,18.95,1.016,1.017,3981000,32721000,137282000,137282000,0,0.063,0.136,0.102,0.054,989000,18705000,1.0,7361468,7367000,7648000,18.635,72340000,440000,1697000,0,10.032,-1618000
DAVE,MRY,2014-12-31,2014-12-28,2014-12-28,2018-05-14,0,66677000,70674000,23718000,42959000,1.866,4.447,-1568000,2781000,2781000,101963000,2897000,1.546,1.097,12524000,1031000,11493000,12524000,0,5183000,0,0.0,0.0,4496000,9679000,0.073,9679000,4496000,3629000,0.4,0.4,0.4,31802000,33141750,31802000,211235811,46,21.824,11111000,1.543,1.0,29899000,0.227,2949000,867000,58131000,66603750,2257000,0,0,0,34875000,15340000,19535000,200733811,840000,95000,-2805000,-7421000,0,-9049000,-2790000,0,12679000,0,2897000,2897000,2897000,-642000,0,0.022,26043000,3856000,5648000,0.0,6.312,69.29,70.25,39352000,0,28.1,1.522,1.534,3512000,31734000,131862000,131862000,0,0.041,0.087,0.068,0.034,-1994000,15906000,1.0,7143552,7199000,7226000,18.317,63728000,337000,732000,0,8.912,8378000
DAVE,MRY,2015-12-31,2016-01-03,2016-01-03,2018-05-14,0,57611000,63147250,17017000,40594000,1.809,3.177,-3197000,6387000,6387000,89426000,-4384000,1.18,1.611,15037000,2193000,12844000,15037000,0,4452000,0,0.0,0.0,-3309000,1143000,0.01,1143000,-3309000,-4336000,-0.63,-0.63,-0.63,22061000,26440750,22061000,58913938,-17,51.543,-1213000,-0.173,1.0,24800000,0.217,2902000,1027000,48938000,57662500,2070000,0,0,0,35550000,14421000,21129000,48285938,3167000,7502000,-5672000,2466000,0,-3062000,4245000,0,1984000,0,-4384000,-4384000,-4384000,5463000,0,-0.038,22657000,2143000,5685000,0.0,2.189,-11.014,-11.016,32491000,0,6.94,0.423,0.425,4678000,21995000,114226000,114226000,0,-0.069,-0.166,-0.057,-0.029,242000,19021000,1.0,6957628,6992000,7013000,16.337,54709000,4491000,48000,0,7.879,2596000
DAVE,MRY,2016-12-31,2017-01-01,2017-01-01,2018-05-14,0,50945000,54690500,16415000,34530000,1.401,2.872,-647000,6164000,6164000,58036000,-2431000,1.473,1.551,12500000,1371000,11129000,12500000,0,2873000,0,0.0,0.0,-3817000,-944000,-0.012,-944000,-3817000,-4703000,-0.35,-0.35,-0.35,19968000,21686750,19968000,38745258,-10,-41.044,-303000,-0.044,1.0,18588000,0.243,2602000,886000,43536000,39695500,1499000,0,0,0,30977000,11143000,19834000,34440258,-850000,0,-1000,-2653000,0,-2654000,1460000,0,344000,0,-2431000,-2431000,-2431000,-1674000,0,-0.032,24081000,-5493000,5311000,0.0,1.725,-14.167,-14.143,25912000,0,4.95,0.449,0.449,5257000,19902000,76624000,76624000,0,-0.044,-0.112,-0.096,-0.05,339000,16569000,1.0,6957628,6950000,6950000,11.025,48343000,6801000,-2272000,0,6.953,5272000
DAVE,MRY,2017-12-31,2017-12-31,2017-12-31,2018-05-14,0,36907000,46039500,16784000,20123000,1.403,1.874,-378000,10426000,10426000,47093000,-8123000,1.624,1.738,10435000,1307000,9128000,10435000,0,2785000,0,0.0,0.0,-8320000,-5535000,-0.086,-5535000,-8320000,-8981000,-1.16,-1.16,-1.16,13481000,16391500,13481000,49919470,-5,-9.019,2875000,0.41,1.0,17502000,0.271,1840000,661000,24741000,33713750,633000,0,0,0,23426000,10335000,13091000,48311470,4386000,0,1464000,-1553000,0,-89000,1222000,0,3253000,0,-8123000,-8123000,-8123000,1457000,0,-0.126,24305000,-6803000,4365000,0.0,3.584,-5.947,-5.647,11442000,0,6.55,0.748,0.711,3768000,11951000,64595000,64595000,0,-0.176,-0.496,-0.247,-0.129,313000,14634000,1.0,7375797,7015000,7015000,9.208,35067000,6512000,-858000,0,4.874,6449000
