ticker,dimension,calendardate,datekey,reportperiod,lastupdated,accoci,assets,assetsavg,assetsc,assetsnc,assetturnover,bvps,capex,cashneq,cashnequsd,cor,consolinc,currentratio,de,debt,debtc,debtnc,debtusd,deferredrev,depamor,deposits,divyield,dps,ebit,ebitda,ebitdamargin,ebitdausd,ebitusd,ebt,eps,epsdil,epsusd,equity,equityavg,equityusd,ev,evebit,evebitda,fcf,fcfps,fxusd,gp,grossmargin,intangibles,intexp,invcap,invcapavg,inventory,investments,investmentsc,investmentsnc,liabilities,liabilitiesc,liabilitiesnc,marketcap,ncf,ncfbus,ncfcommon,ncfdebt,ncfdiv,ncff,ncfi,ncfinv,ncfo,ncfx,netinc,netinccmn,netinccmnusd,netincdis,netincnci,netmargin,opex,opinc,payables,payoutratio,pb,pe,pe1,ppnenet,prefdivis,price,ps,ps1,receivables,retearn,revenue,revenueusd,rnd,roa,roe,roic,ros,sbcomp,sgna,sharefactor,sharesbas,shareswa,shareswadil,sps,tangibles,taxassets,taxexp,taxliabilities,tbvps,workingcapital
DECK,MRY,2011-12-31,2011-12-31,2011-12-31,2018-02-09,-1730000,1146196000,935233000,817902000,328294000,1.473,21.637,-55538000,263606000,263606000,698288000,201858000,3.524,0.365,0,0,0,0,0,28977000,0,0.0,0.0,285511000,314488000,0.228,314488000,285511000,285262000,5.16,5.07,5.16,835936000,718011750,835936000,2872183298,10,9.133,-25447000,-0.659,1.0,678995000,0.493,214494000,249000,436017000,374348750,253270000,0,0,0,304766000,232079000,72687000,2917608298,-181620000,-125203000,-19856000,0,0,-27160000,-184766000,0,30091000,215000,201858000,201858000,201858000,0,0,0.147,394157000,284838000,110853000,0.0,3.49,14.454,14.645,90257000,0,75.57,2.118,2.118,193375000,692595000,1377283000,1377283000,0,0.216,0.281,0.763,0.207,14803000,394157000,1.0,38608023,38605000,39265000,35.676,931702000,27637000,83404000,30888000,24.115,585823000
DECK,MRY,2012-12-31,2012-12-31,2012-12-31,2018-02-09,-1400000,1068064000,1082445250,691586000,376478000,1.307,21.161,-66533000,110247000,110247000,782244000,129014000,2.59,0.446,33000000,33000000,0,33000000,0,33367000,0,0.0,0.0,187958000,221325000,0.156,221325000,187958000,184118000,3.49,3.45,3.49,738801000,742055250,738801000,1633336792,8,7.38,97373000,2.64,1.0,632154000,0.447,224690000,3840000,499110000,530906250,300173000,0,0,0,329263000,267017000,62246000,1419972792,-153359000,-8829000,-220695000,33000000,0,-242621000,-75362000,0,163906000,718000,129014000,129014000,129014000,0,0,0.091,445206000,186948000,133457000,0.0,1.922,11.006,11.539,125370000,0,40.27,1.004,1.05,190756000,600811000,1414398000,1414398000,0,0.119,0.174,0.354,0.133,14661000,445206000,1.0,35261306,36879000,37334000,38.352,843374000,30662000,55104000,40806000,24.156,424569000
DECK,MRY,2013-12-31,2013-12-31,2013-12-31,2018-02-09,-2643000,1259729000,1118806250,829304000,430425000,1.391,25.714,-79829000,237125000,237125000,820135000,145689000,2.587,0.418,9728000,9728000,0,9728000,0,41439000,0,0.0,0.0,208636000,250075000,0.161,250075000,208636000,205557000,4.23,4.18,4.23,888119000,776763750,888119000,3078323807,14,12.31,182296000,5.288,1.0,736483000,0.473,222003000,3079000,489811000,566891750,260791000,0,0,0,371610000,320518000,51092000,2916972807,126878000,0,52000,-23272000,0,-50513000,-85197000,0,262125000,463000,145689000,145689000,145689000,0,0,0.094,528586000,207897000,151037000,0.0,3.284,20.022,19.967,174066000,0,84.46,1.874,1.87,184013000,746500000,1556618000,1556618000,0,0.13,0.188,0.368,0.134,13136000,528586000,1.0,34536737,34473000,34829000,45.155,1037726000,35632000,59868000,78727000,30.045,508786000
DECK,MRY,2015-12-31,2015-03-31,2015-03-31,2018-02-09,-20468000,1169933000,1289347500,686593000,483340000,1.409,27.61,-91147000,225143000,225143000,938949000,161780000,4.098,0.249,38537000,5383000,33154000,38537000,0,49293000,0,0.0,0.0,225359000,274652000,0.151,274652000,225359000,221139000,4.7,4.66,4.7,937012000,930332250,937012000,2188206890,9,7.967,78507000,2.28,1.0,878108000,0.483,215677000,4220000,600108000,634490000,238911000,0,0,0,232921000,167542000,65379000,2518999890,-19945000,0,-107239000,31727000,0,-78260000,-100636000,0,169654000,-10703000,161780000,161780000,161780000,0,0,0.089,653689000,224419000,85714000,0.0,2.688,15.571,15.504,232317000,0,72.87,1.386,1.381,143105000,798370000,1817057000,1817057000,0,0.125,0.174,0.355,0.124,13524000,653689000,1.0,34568408,34433000,34733000,52.771,954256000,44253000,59359000,13166000,28.118,519051000
DECK,MRY,2016-12-31,2016-03-31,2016-03-31,2018-02-09,-20557000,1278068000,1378095750,785765000,492303000,1.361,29.991,-65356000,245956000,245956000,1028529000,122265000,3.295,0.321,100106000,67475000,32631000,100106000,0,50024000,0,0.0,0.0,162699000,212723000,0.113,212723000,162699000,156885000,3.76,3.7,3.76,967471000,924599250,967471000,1712598505,10,8.051,60225000,1.85,1.0,846668000,0.452,210960000,5814000,682760000,634949250,299911000,0,0,0,310597000,238498000,72099000,1942837505,20813000,0,-94200000,61587000,0,-36340000,-67221000,0,125581000,-1207000,122265000,122265000,122265000,0,0,0.065,684541000,162127000,100593000,0.0,2.008,15.89,15.934,237246000,0,59.91,1.036,1.04,160154000,826449000,1875197000,1875197000,0,0.089,0.132,0.256,0.087,6622000,684541000,1.0,32429269,32556000,33039000,57.599,1067108000,44092000,34620000,19429000,33.079,547267000
DECK,MRY,2017-12-31,2017-03-31,2017-03-31,2018-02-09,-26451000,1191780000,1372857750,820821000,370959000,1.304,29.871,-44499000,291764000,291764000,954912000,5710000,5.161,0.249,32631000,549000,32082000,32631000,0,52628000,0,0.0,0.0,333000,52961000,0.03,52961000,333000,-6986000,0.18,0.18,0.18,954255000,949817750,954255000,1673587304,5025,31.6,154178000,4.818,1.0,835235000,0.467,79128000,7319000,694468000,790017000,298851000,0,0,0,237525000,159051000,78474000,1907620304,45808000,0,-11774000,-63473000,0,-103070000,-44499000,0,198677000,-5300000,5710000,5710000,5710000,0,0,0.003,837154000,-1919000,95893000,0.0,1.999,334.084,331.833,225531000,0,59.73,1.066,1.068,158643000,819589000,1790147000,1790147000,0,0.004,0.006,0.0,0.0,6175000,837154000,1.0,31937390,32000000,32355000,55.942,1112652000,69494000,-12696000,21401000,34.829,661770000
