ticker,dimension,calendardate,datekey,reportperiod,lastupdated,accoci,assets,assetsavg,assetsc,assetsnc,assetturnover,bvps,capex,cashneq,cashnequsd,cor,consolinc,currentratio,de,debt,debtc,debtnc,debtusd,deferredrev,depamor,deposits,divyield,dps,ebit,ebitda,ebitdamargin,ebitdausd,ebitusd,ebt,eps,epsdil,epsusd,equity,equityavg,equityusd,ev,evebit,evebitda,fcf,fcfps,fxusd,gp,grossmargin,intangibles,intexp,invcap,invcapavg,inventory,investments,investmentsc,investmentsnc,liabilities,liabilitiesc,liabilitiesnc,marketcap,ncf,ncfbus,ncfcommon,ncfdebt,ncfdiv,ncff,ncfi,ncfinv,ncfo,ncfx,netinc,netinccmn,netinccmnusd,netincdis,netincnci,netmargin,opex,opinc,payables,payoutratio,pb,pe,pe1,ppnenet,prefdivis,price,ps,ps1,receivables,retearn,revenue,revenueusd,rnd,roa,roe,roic,ros,sbcomp,sgna,sharefactor,sharesbas,shareswa,shareswadil,sps,tangibles,taxassets,taxexp,taxliabilities,tbvps,workingcapital
DEO,MRY,2011-12-31,2011-06-30,2011-06-30,2017-10-25,0,19777000000,19615500000,7161000000,12616000000,0.507,1.905,0,1584000000,2541010693,4010000000,2017000000,1.457,2.63,8432000000,1537000000,6895000000,13526390256,0,0,0,0.03,2.46,2890000000,2890000000,0.291,4636061176,4636061176,2243000000,3.05,3.04,4.893,5245000000,4626000000,8413889575,68224861036,14,14.716,2859000000,1.038,0.623,5926000000,0.596,6545000000,647000000,15165000000,15800500000,3473000000,2881000000,89000000,2792000000,13792000000,4915000000,8877000000,56366406231,242000000,0,0,0,0,-1507000000,-434000000,0,2859000000,-68000000,1900000000,1900000000,3047929493,0,117000000,0.191,3331000000,2595000000,2879000000,0.503,6.699,18.493,16.733,2552000000,0,81.87,3.536,14.145,2095000000,-195000000,9936000000,15939067076,0,0.097,0.411,0.183,0.291,0,1538000000,0.25,2753946805,2753946805,,5.788,13232000000,516000000,343000000,1158000000,4.805,2246000000
DEO,MRY,2012-12-31,2012-06-30,2012-06-30,2017-10-25,0,22350000000,21063500000,7253000000,15097000000,0.505,2.24,-438000000,1076000000,1684637701,4208000000,2021000000,1.516,2.781,9208000000,1343000000,7865000000,14416490661,0,407000000,0,0.026,2.68,2912000000,3319000000,0.312,5196387109,4559168202,2912000000,3.05,3.03,4.775,5588000000,5416500000,8748843377,81783347688,17,15.739,2557000000,1.025,0.639,6431000000,0.604,8821000000,0,16877000000,16021000000,3955000000,2842000000,42000000,2800000000,15539000000,4784000000,10755000000,70963723215,-500000000,-1369000000,1000000,492000000,-1036000000,-788000000,-1808000000,-1000000,2995000000,-27000000,1901000000,1901000000,2976297648,11000000,120000000,0.179,3323000000,3108000000,3082000000,0.561,8.111,23.843,21.584,2972000000,0,103.07,4.26,15.439,2222000000,234000000,10639000000,16656933552,0,0.09,0.351,0.182,0.274,0,1671000000,0.25,2754001095,2495000000,2495000000,6.676,13529000000,329000000,1011000000,1741000000,5.422,2469000000
DEO,MRY,2013-12-31,2013-06-30,2013-06-30,2017-10-25,0,24991000000,23670500000,8510000000,16481000000,0.478,2.812,-597000000,1750000000,2661993726,4416000000,2550000000,1.542,2.402,10664000000,1974000000,8690000000,16221429201,0,398000000,0,0.025,2.84,2959000000,3357000000,0.297,5106464537,4501051107,2959000000,3.92,3.9,5.963,7036000000,6312000000,10702735921,92083133975,20,18.033,2407000000,0.962,0.657,6887000000,0.609,9013000000,0,19373000000,18125000000,4207000000,3391000000,65000000,3326000000,16903000000,5519000000,11384000000,79146408118,594000000,-660000000,-11000000,1238000000,-1125000000,-198000000,-1241000000,16000000,3004000000,36000000,2452000000,2452000000,3729833496,0,98000000,0.217,3507000000,3380000000,3330000000,0.476,7.395,21.22,19.278,3425000000,0,114.95,4.603,16.728,2564000000,1741000000,11303000000,17193437196,0,0.104,0.388,0.163,0.262,0,1769000000,0.25,2754115985,2502000000,2502000000,6.872,15978000000,242000000,507000000,1691000000,6.386,2991000000
DEO,MRY,2014-12-31,2014-06-30,2014-06-30,2017-10-25,0,22964000000,23977500000,7469000000,15495000000,0.428,2.723,-562000000,622000000,1059632433,4029000000,2181000000,1.54,2.253,9807000000,1722000000,8085000000,16707098515,0,629000000,0,0.024,3.09,2695000000,3324000000,0.324,5662730240,4591172682,2695000000,3.59,3.57,6.116,6823000000,6929500000,11623588576,101454300773,22,17.916,2129000000,0.85,0.587,6229000000,0.607,7891000000,0,19407000000,19390000000,4222000000,3632000000,118000000,3514000000,15374000000,4851000000,10523000000,87630695191,-921000000,-534000000,-112000000,-157000000,-1228000000,-1622000000,-1089000000,7000000,2691000000,-192000000,2248000000,2248000000,3829668345,83000000,-67000000,0.219,3522000000,2707000000,2894000000,0.505,7.539,22.882,20.81,3433000000,0,127.27,5.015,18.251,2606000000,2438000000,10258000000,17475417209,0,0.094,0.324,0.139,0.263,0,1620000000,0.25,2754166581,2506000000,2506000000,6.973,15073000000,246000000,447000000,1562000000,6.015,2618000000
DEO,MRY,2015-12-31,2015-06-30,2015-06-30,2017-10-25,0,25804000000,24384000000,7670000000,18134000000,0.443,3.102,-586000000,472000000,742171038,4610000000,2467000000,1.45,2.129,10437000000,2077000000,8360000000,16411099859,0,440000000,0,0.049,5.63,2847000000,3287000000,0.304,5168466536,4476612177,2847000000,3.8,3.78,5.975,7771000000,7297000000,12219091406,95319310000,21,18.442,2870000000,1.146,0.636,6203000000,0.574,11231000000,0,19248000000,19327500000,4574000000,2523000000,46000000,2477000000,16548000000,5290000000,11258000000,79899879671,-77000000,-306000000,-7000000,-315000000,-1341000000,-1734000000,-894000000,-2000000,3456000000,-73000000,2381000000,2381000000,3743875516,0,86000000,0.22,3406000000,2797000000,3012000000,0.942,6.539,21.341,19.421,3690000000,0,116.04,4.699,17.097,2481000000,3634000000,10813000000,17002320856,0,0.098,0.326,0.147,0.263,0,1629000000,0.25,2754218534,2505000000,2505000000,6.787,14573000000,189000000,466000000,2058000000,5.818,2380000000
DEO,MRY,2016-12-31,2016-06-30,2016-06-30,2017-10-25,0,28491000000,27147500000,8852000000,19639000000,0.386,3.401,-449000000,1089000000,1451419432,4251000000,2362000000,1.431,2.147,10909000000,2338000000,8571000000,14539517526,0,473000000,0,0.031,3.48,2740000000,3213000000,0.306,4282287085,3651872584,2740000000,3.58,3.56,4.771,8530000000,8150500000,11368785819,93234162542,25,21.772,2911000000,1.161,0.75,6234000000,0.595,12370000000,0,19754000000,19501000000,4579000000,3474000000,495000000,2979000000,18311000000,6187000000,12124000000,77726583048,343000000,1047000000,0,-1236000000,-1443000000,-2801000000,596000000,-2000000,3360000000,84000000,2244000000,2244000000,2990803678,0,118000000,0.214,3393000000,2841000000,3442000000,0.729,6.837,25.989,23.658,3881000000,0,112.88,5.562,20.259,2732000000,3761000000,10485000000,13974410235,0,0.083,0.275,0.141,0.261,0,1562000000,0.25,2754308400,2508000000,2508000000,5.572,16121000000,298000000,496000000,2322000000,6.428,2665000000
DEO,MRY,2017-12-31,2017-06-30,2017-06-30,2017-10-25,0,28848000000,28669500000,8652000000,20196000000,0.42,4.105,-472000000,1191000000,1569169960,4680000000,2772000000,1.299,1.631,9640000000,2674000000,6966000000,12700922266,0,361000000,0,0.026,3.11,3394000000,3755000000,0.312,4947299077,4471673254,3394000000,4.24,4.22,5.586,10313000000,9421500000,13587615283,95384612911,21,19.28,3705000000,1.475,0.759,7370000000,0.612,12566000000,0,18071000000,18912500000,4788000000,3203000000,81000000,3122000000,16820000000,6660000000,10160000000,82514363894,122000000,-83000000,-40000000,-820000000,-1515000000,-2458000000,-552000000,3000000,4177000000,-14000000,2662000000,2662000000,3507246376,55000000,110000000,0.221,3811000000,3559000000,3587000000,0.557,6.073,23.527,21.451,4014000000,0,119.83,5.197,18.96,2650000000,5475000000,12050000000,15876152832,0,0.093,0.283,0.179,0.282,0,1798000000,0.25,2754380836,2512000000,2512000000,6.32,16282000000,134000000,732000000,2406000000,6.482,1992000000
