ticker,dimension,calendardate,datekey,reportperiod,lastupdated,accoci,assets,assetsavg,assetsc,assetsnc,assetturnover,bvps,capex,cashneq,cashnequsd,cor,consolinc,currentratio,de,debt,debtc,debtnc,debtusd,deferredrev,depamor,deposits,divyield,dps,ebit,ebitda,ebitdamargin,ebitdausd,ebitusd,ebt,eps,epsdil,epsusd,equity,equityavg,equityusd,ev,evebit,evebitda,fcf,fcfps,fxusd,gp,grossmargin,intangibles,intexp,invcap,invcapavg,inventory,investments,investmentsc,investmentsnc,liabilities,liabilitiesc,liabilitiesnc,marketcap,ncf,ncfbus,ncfcommon,ncfdebt,ncfdiv,ncff,ncfi,ncfinv,ncfo,ncfx,netinc,netinccmn,netinccmnusd,netincdis,netincnci,netmargin,opex,opinc,payables,payoutratio,pb,pe,pe1,ppnenet,prefdivis,price,ps,ps1,receivables,retearn,revenue,revenueusd,rnd,roa,roe,roic,ros,sbcomp,sgna,sharefactor,sharesbas,shareswa,shareswadil,sps,tangibles,taxassets,taxexp,taxliabilities,tbvps,workingcapital
DGAS,MRY,2011-12-31,2011-06-30,2011-06-30,2017-09-01,0,174896239,174972831,26739972,148156267,0.475,9.484,-7951838,7340192,7340192,63821484,6364895,1.849,1.743,57951006,1200000,56751006,57951006,0,5640916,643692,0.043,0.68,14213300,19854216,0.239,19854216,14213300,10124502,0.95,0.95,0.95,63767184,62459773,63767184,153522971,10,7.733,6514883,0.969,1.0,19218767,0.231,0,4088798,211044400,214354528,7367143,508808,0,508808,111129055,14462653,96666402,106389073,2701047,0,677544,-360993,-4562284,-4245733,-7519941,0,14466721,0,6364895,6364895,6364895,0,0,0.077,5156973,14061794,8201249,0.716,1.668,16.715,16.656,133177259,0,15.823,1.281,1.281,6540702,14346524,83040251,83040251,0,0.036,0.102,0.066,0.171,526859,0,1.0,6723698,6723698,,12.35,174896239,0,3759607,37740298,26.012,12277319
DGAS,MRY,2012-12-31,2012-06-30,2012-06-30,2017-09-01,0,182895363,180730123,31039330,151856033,0.41,9.747,-7153437,9740502,9740502,54889319,5783998,2.192,1.762,58000000,1500000,56500000,58000000,0,6334647,853061,0.032,0.7,13340398,19675045,0.266,19675045,13340398,9042142,0.85,0.85,0.85,66220407,64868747,66220407,197828533,14,10.055,6360609,0.936,1.0,19189003,0.259,0,4298256,216991978,218785718,7489925,307125,0,307125,116674956,14162883,102512073,147628578,2400310,0,697775,-58910,-4762257,-4101829,-7011907,0,13514046,0,5783998,5783998,5783998,0,0,0.078,5923775,13265228,4325653,0.824,2.229,25.524,25.565,134337000,0,21.73,1.993,1.993,8028937,15368265,74078322,74078322,0,0.032,0.089,0.061,0.18,712144,0,1.0,6793768,6793768,,10.904,182895363,0,3258144,43079802,26.921,16876447
DGAS,MRY,2013-12-31,2013-06-30,2013-06-30,2017-09-01,0,183930015,183226636,31014726,152915289,0.44,10.211,-7047928,10360462,10360462,61383507,7200776,2.275,1.627,56500000,1500000,55000000,56500000,0,6428051,646375,0.034,0.72,13339495,19767546,0.245,19767546,13339495,11469560,1.05,1.05,1.05,70005415,68527285,70005415,190150223,14,9.619,6508491,0.949,1.0,19281330,0.239,0,1869935,216433945,219189281,6042583,334425,0,334425,113924600,13635608,100288992,145689426,619960,0,587359,-1500000,-4951002,-5828531,-7107928,0,13556419,0,7200776,7200776,7200776,0,0,0.089,6092651,13188679,7417789,0.686,2.081,20.232,20.238,135116300,0,21.25,1.806,1.806,8700982,17618039,80664837,80664837,0,0.039,0.105,0.061,0.165,912763,0,1.0,6855973,6855973,,11.766,183930015,0,4268784,42437116,26.828,17379118
DGAS,MRY,2014-12-31,2014-06-30,2014-06-30,2017-09-01,0,186025161,185939875,32274260,153750901,0.515,10.774,-7809560,13675918,13675918,74094814,8275128,2.722,1.489,55000000,1500000,53500000,55000000,0,6420525,593010,0.035,0.76,15804901,22225426,0.232,22225426,15804901,13133714,1.19,1.19,1.19,74728352,72894203,74728352,187751900,11,8.448,9530646,1.374,1.0,21751057,0.227,0,2671187,215491601,218381595,7700198,402147,0,402147,111296809,11857642,99439167,152317766,3315456,0,595249,-1500000,-5289911,-6155190,-7869560,0,17340206,0,8275128,8275128,8275128,0,0,0.086,6147618,15603439,6706021,0.639,2.038,18.407,18.454,135815520,0,21.96,1.589,1.589,6681964,20603256,95845871,95845871,0,0.045,0.114,0.072,0.165,1102999,0,1.0,6936146,6936146,,13.818,186025161,0,4858586,42155867,26.82,20416618
DGAS,MRY,2015-12-31,2015-06-30,2015-06-30,2017-09-01,0,187711166,187636906,31209740,156501426,0.459,11.0,-8849565,16924278,16924278,66846634,6496081,2.98,1.431,53416296,1500000,51916296,53416296,0,6617743,600788,0.04,0.8,12988958,19606701,0.227,19606701,12988958,10388296,0.92,0.92,0.92,77221654,76195471,77221654,178497463,13,9.104,9915439,1.412,1.0,19341604,0.224,0,2600662,213731279,219499778,5177725,421183,0,421183,110489512,10471905,100017607,141099165,3248360,0,532712,-1500000,-5639791,-6607079,-8909565,0,18765004,0,6496081,6496081,6496081,0,0,0.075,6377743,12963861,5426395,0.87,1.827,21.721,21.848,138039139,0,20.1,1.637,1.637,5760550,21459546,86188238,86188238,0,0.035,0.085,0.059,0.151,1104300,0,1.0,7019859,7019859,,12.278,187711166,0,3892215,43613268,26.74,20737835
DGAS,MRY,2016-12-31,2016-06-30,2016-06-30,2017-09-01,0,188879129,186988605,30908166,157970963,0.343,10.975,-6027269,18606567,18606567,46280007,5529378,3.303,1.43,51922796,1500000,50422796,51922796,0,6649721,618137,0.03,0.82,11438116,18087837,0.282,18087837,11438116,8906859,0.78,0.78,0.78,77726969,76960499,77726969,224385945,19,12.405,8713074,1.23,1.0,17850213,0.278,0,2531257,212838943,215466572,3834262,414985,0,414985,111152160,9356415,101795745,190794036,1682289,0,614518,-1500000,-5822259,-6970785,-6087269,0,14740343,0,5529378,5529378,5529378,0,0,0.086,6416221,11433992,4200298,1.051,2.455,34.506,34.538,137640873,0,26.94,2.975,2.975,4741595,21166665,64130220,64130220,0,0.03,0.072,0.053,0.178,446722,0,1.0,7082184,7082184,,9.055,188879129,0,3377481,44989773,26.67,21551751
DGAS,MRY,2017-12-31,2017-06-30,2017-06-30,2017-09-01,0,189956927,189557836,30915906,159041021,0.363,10.731,-8460396,13278525,13278525,51420993,5516343,2.327,1.483,50429196,1500000,48929196,50429196,0,6642660,616661,0.034,1.04,11209342,17852002,0.259,17852002,11209342,8746956,0.77,0.77,0.77,76494995,77330004,76494995,251155950,22,14.069,1792319,0.251,1.0,17419176,0.253,0,2462386,213819650,216706158,6119829,466056,0,466056,113461932,13287948,100173984,217204511,-5328042,0,619532,-1500000,-5913888,-7060361,-8520396,0,10252715,0,5516343,5516343,5516343,0,0,0.08,6415660,11003516,8110424,1.351,2.839,39.375,39.571,139806841,0,30.47,3.155,3.155,6201732,19288990,68840169,68840169,0,0.029,0.071,0.052,0.163,334777,0,1.0,7128471,7128471,,9.657,189956927,0,3230613,46352705,26.648,17627958
