ticker,dimension,calendardate,datekey,reportperiod,lastupdated,accoci,assets,assetsavg,assetsc,assetsnc,assetturnover,bvps,capex,cashneq,cashnequsd,cor,consolinc,currentratio,de,debt,debtc,debtnc,debtusd,deferredrev,depamor,deposits,divyield,dps,ebit,ebitda,ebitdamargin,ebitdausd,ebitusd,ebt,eps,epsdil,epsusd,equity,equityavg,equityusd,ev,evebit,evebitda,fcf,fcfps,fxusd,gp,grossmargin,intangibles,intexp,invcap,invcapavg,inventory,investments,investmentsc,investmentsnc,liabilities,liabilitiesc,liabilitiesnc,marketcap,ncf,ncfbus,ncfcommon,ncfdebt,ncfdiv,ncff,ncfi,ncfinv,ncfo,ncfx,netinc,netinccmn,netinccmnusd,netincdis,netincnci,netmargin,opex,opinc,payables,payoutratio,pb,pe,pe1,ppnenet,prefdivis,price,ps,ps1,receivables,retearn,revenue,revenueusd,rnd,roa,roe,roic,ros,sbcomp,sgna,sharefactor,sharesbas,shareswa,shareswadil,sps,tangibles,taxassets,taxexp,taxliabilities,tbvps,workingcapital
DNKN,MRY,2011-12-31,2011-12-31,2011-12-31,2018-05-09,19601000,3224018000,3185653000,406474000,2817544000,0.197,6.21,-18596000,246984000,246984000,137061000,34442000,1.284,3.322,1473469000,15197000,1458272000,1473469000,41884000,52522000,0,0.0,0.0,171885000,224407000,0.357,224407000,171885000,66813000,-1.41,-1.41,-1.41,745936000,105797500,745936000,4311262440,25,19.212,144107000,1.2,1.0,491137000,0.782,2398211000,105072000,1735752000,1954275000,0,164636000,0,164636000,2478082000,316540000,2161542000,3000797440,112615000,0,389941000,-404608000,0,-30074000,-19807000,0,162703000,-207000,34442000,34442000,34442000,0,0,0.055,282353000,208784000,9651000,0.0,4.023,87.126,-17.716,185360000,0,24.98,4.777,4.777,58787000,-752075000,628198000,628198000,0,0.011,0.326,0.088,0.274,4632000,227771000,1.0,120128000,120128000,,5.229,825807000,48387000,32371000,594290000,6.874,89934000
DNKN,MRY,2012-12-31,2012-12-29,2012-12-29,2018-05-09,9141000,3217513000,3167157750,419780000,2797733000,0.208,3.284,-22398000,252985000,252985000,144224000,107624000,1.187,8.272,1857580000,27051000,1830529000,1857580000,40403000,56027000,0,0.019,0.6,236716000,292743000,0.445,292743000,236716000,162685000,0.94,0.93,0.94,346651000,541518000,346651000,5105969269,21,17.442,132022000,1.251,1.0,513957000,0.781,2371684000,74031000,2096909000,1946299500,0,174823000,0,174823000,2867538000,353515000,2514023000,3414813269,5903000,0,-445951000,380559000,-70069000,-125602000,-22947000,0,154420000,32000,108308000,108308000,108308000,0,-684000,0.165,296879000,217078000,16256000,0.638,9.851,31.529,34.415,181172000,0,32.35,5.188,5.188,53056000,-914094000,658181000,658181000,0,0.034,0.2,0.122,0.36,6920000,241883000,1.0,105558370,105558370,,6.235,845829000,58088000,54377000,569126000,8.013,66265000
DNKN,MRY,2013-12-31,2013-12-28,2013-12-28,2018-05-09,1339000,3234690000,3155264250,461760000,2772930000,0.226,3.819,-31099000,256933000,256933000,155855000,146304000,1.341,6.941,1831037000,5432000,1825605000,1831037000,39561000,49366000,0,0.016,0.76,298922000,348288000,0.488,348288000,298922000,218687000,1.38,1.36,1.38,407358000,371607250,407358000,6719263278,22,19.292,110700000,1.038,1.0,557985000,0.782,2343803000,80235000,2120693000,2149528000,0,170644000,0,170644000,2827332000,344298000,2483034000,5093637278,4315000,6682000,-20000000,-30314000,-81008000,-114174000,-22906000,0,141799000,-404000,146903000,146903000,146903000,0,-599000,0.206,272492000,285493000,12445000,0.551,12.504,34.673,34.601,182858000,0,47.75,7.136,7.136,79765000,-779741000,713840000,713840000,0,0.047,0.395,0.139,0.419,7323000,230847000,1.0,106673032,106673032,,6.692,890887000,72160000,71784000,561714000,8.352,117462000
DNKN,MRY,2014-12-31,2014-12-27,2014-12-27,2018-05-09,-13977000,3124400000,3110083000,393402000,2730998000,0.241,3.518,-23638000,208080000,208080000,159211000,175563000,1.107,7.491,1807556000,4358000,1803198000,1807556000,45309000,45539000,0,0.022,0.92,324625000,370164000,0.494,370164000,324625000,256527000,1.67,1.65,1.67,367959000,368205250,367959000,6092197005,18,16.458,175685000,1.68,1.0,589498000,0.787,2317167000,68098000,2051190000,2122314250,0,164493000,0,164493000,2756441000,355519000,2400922000,4431202005,-48853000,0,-125051000,-24213000,-96775000,-233357000,-14104000,0,199323000,-715000,176357000,176357000,176357000,0,-794000,0.236,265486000,324012000,13814000,0.551,12.043,25.126,25.371,182061000,0,42.37,5.918,5.918,105060000,-711531000,748709000,748709000,0,0.057,0.479,0.153,0.434,11287000,226301000,1.0,104583479,104583479,,7.159,807233000,24861000,80170000,498814000,7.719,37883000
DNKN,MRY,2015-12-31,2015-12-26,2015-12-26,2018-05-09,-20046000,3197119000,3315993750,557824000,2639295000,0.245,-2.385,-30246000,332347000,332347000,161388000,105229000,1.332,-15.469,2453643000,25546000,2428097000,2453643000,47154000,45244000,0,0.025,1.06,298351000,343595000,0.424,343595000,298351000,201586000,1.1,1.08,1.1,-220951000,-116655000,-220951000,6023991761,20,17.532,232496000,2.51,1.0,649545000,0.801,2290796000,96765000,2608827000,2763342750,0,106878000,0,106878000,3417862000,418792000,2999070000,3924211761,124757000,0,-614688000,620826000,-100516000,-101589000,-35467000,0,262742000,-929000,105227000,105227000,105227000,0,2000,0.13,342533000,307012000,18663000,0.964,-17.761,37.293,38.509,182614000,0,42.36,4.839,4.839,128360000,-1076479000,810933000,810933000,0,0.032,-0.902,0.108,0.368,16092000,243796000,1.0,92639560,92639560,,8.754,906323000,23899000,96359000,476510000,9.783,139032000
DNKN,MRY,2016-12-31,2016-12-31,2016-12-31,2018-05-09,-23984000,3227382000,3149326500,606358000,2621024000,0.263,-1.78,-15174000,431171000,431171000,148608000,195576000,1.429,-20.769,2435137000,25589000,2409548000,2435137000,47547000,42537000,0,0.023,1.2,414101000,456638000,0.551,456638000,414101000,313249000,2.14,2.11,2.14,-163258000,-192192250,-163258000,6909187416,16,15.131,261653000,2.852,1.0,680281000,0.821,2266992000,100852000,2540155000,2607283750,0,114738000,0,114738000,3390640000,424201000,2966439000,4810564416,98717000,0,-44353000,-25000000,-109703000,-179178000,1343000,0,276827000,-275000,195576000,195576000,195576000,0,0,0.236,280119000,400162000,12682000,0.561,-29.466,24.597,24.505,176662000,0,52.44,5.804,5.804,85184000,-945797000,828889000,828889000,0,0.062,-1.018,0.159,0.5,17181000,246814000,1.0,91734638,91734638,,9.036,960390000,20926000,117673000,461810000,10.469,182157000
DNKN,MRY,2017-12-31,2017-12-30,2017-12-30,2018-05-09,-9535000,3937433000,3355182000,1304333000,2633100000,0.256,-2.818,-14606000,1112364000,1112364000,137313000,350909000,2.687,-16.469,3075133000,32096000,3043037000,3075133000,406334000,41419000,0,0.02,1.29,443710000,485129000,0.564,485129000,443710000,339287000,3.86,3.8,3.86,-254539000,-183256250,-254539000,7900879556,17,16.286,262302000,2.904,1.0,723188000,0.84,2245465000,104423000,3169238000,2743148000,0,140615000,0,140615000,4191972000,485499000,3706473000,5823117556,682267000,0,-90842000,627184000,-117003000,418641000,-13854000,0,276908000,572000,350909000,350909000,350909000,0,0,0.408,291384000,431804000,53417000,0.334,-22.877,16.594,16.702,181542000,0,64.47,6.767,6.767,121849000,-968148000,860501000,860501000,0,0.105,-1.915,0.162,0.516,14926000,248975000,1.0,90322903,90322903,,9.527,1691968000,21927000,-11622000,214345000,18.732,818834000
