ticker,dimension,calendardate,datekey,reportperiod,lastupdated,accoci,assets,assetsavg,assetsc,assetsnc,assetturnover,bvps,capex,cashneq,cashnequsd,cor,consolinc,currentratio,de,debt,debtc,debtnc,debtusd,deferredrev,depamor,deposits,divyield,dps,ebit,ebitda,ebitdamargin,ebitdausd,ebitusd,ebt,eps,epsdil,epsusd,equity,equityavg,equityusd,ev,evebit,evebitda,fcf,fcfps,fxusd,gp,grossmargin,intangibles,intexp,invcap,invcapavg,inventory,investments,investmentsc,investmentsnc,liabilities,liabilitiesc,liabilitiesnc,marketcap,ncf,ncfbus,ncfcommon,ncfdebt,ncfdiv,ncff,ncfi,ncfinv,ncfo,ncfx,netinc,netinccmn,netinccmnusd,netincdis,netincnci,netmargin,opex,opinc,payables,payoutratio,pb,pe,pe1,ppnenet,prefdivis,price,ps,ps1,receivables,retearn,revenue,revenueusd,rnd,roa,roe,roic,ros,sbcomp,sgna,sharefactor,sharesbas,shareswa,shareswadil,sps,tangibles,taxassets,taxexp,taxliabilities,tbvps,workingcapital
DO,MRY,2011-12-31,2011-12-31,2011-12-31,2018-04-30,-4642000,6964157000,6786479500,1992683000,4971474000,0.49,31.171,-774756000,333765000,333765000,1614554000,962542000,4.664,0.607,1495823000,0,1495823000,1495823000,0,398612000,0,0.063,3.5,1252408000,1651020000,0.497,1651020000,1252408000,1179271000,6.92,6.92,6.92,4333063000,4181455000,4333063000,8830405569,7,5.348,645349000,4.642,1.0,1707865000,0.514,0,73137000,7698924000,7527791250,0,902414000,902414000,0,2631094000,427291000,2203803000,7682643569,-130628000,5603000,0,0,-490057000,-490053000,-1060680000,-291527000,1420105000,0,962542000,962542000,962542000,0,0,0.29,452451000,1255414000,64147000,0.506,1.773,7.982,7.986,4667469000,0,55.26,2.312,2.313,563934000,2472310000,3322419000,3322419000,0,0.142,0.23,0.166,0.377,4956000,65310000,1.0,139027209,139038000,139027000,23.896,6964157000,0,216729000,26744000,50.099,1565392000
DO,MRY,2012-12-31,2012-12-31,2012-12-31,2018-04-30,2496000,7235286000,7130867750,2132943000,5102343000,0.419,32.911,-702041000,335432000,335432000,1586002000,720477000,4.393,0.581,1496066000,0,1496066000,1496066000,0,392913000,0,0.052,3.5,964297000,1357210000,0.454,1357210000,964297000,918081000,5.18,5.18,5.18,4576394000,4500591250,4576394000,10627905411,11,7.831,609228000,4.381,1.0,1400506000,0.469,0,46216000,7910374000,7908765000,0,1150158000,1150158000,0,2658892000,485546000,2173346000,9448500411,1667000,138495000,0,0,-490245000,-493884000,-815718000,-252172000,1311269000,0,720477000,720477000,720477000,0,0,0.241,375691000,1024815000,96631000,0.676,2.065,13.114,13.12,4864972000,0,67.96,3.164,3.164,499660000,2702915000,2986508000,2986508000,0,0.101,0.16,0.122,0.323,4357000,64640000,1.0,139030318,139048000,139029000,21.478,7235286000,0,197604000,64481000,52.032,1647397000
DO,MRY,2013-12-31,2013-12-31,2013-12-31,2018-04-30,350000,8391434000,7578350750,2718110000,5673324000,0.385,33.352,-957598000,347011000,347011000,1647492000,548686000,3.646,0.81,2494143000,249954000,2244189000,2494143000,0,388092000,0,0.061,3.5,799083000,1187175000,0.407,1187175000,799083000,774240000,3.95,3.95,3.95,4637258000,4654303250,4637258000,8971359700,11,7.557,108390000,0.779,1.0,1272929000,0.436,0,24843000,9792984000,8369765750,0,1750053000,1750053000,0,3754176000,745582000,3008594000,7913897700,11579000,4900000,0,997805000,-490331000,497666000,-1552075000,-599377000,1065988000,0,548686000,548686000,548686000,0,0,0.188,471323000,801606000,94151000,0.886,1.707,14.423,14.41,5467227000,0,56.92,2.71,2.71,469355000,2761161000,2920421000,2920421000,0,0.072,0.118,0.095,0.274,3573000,64788000,1.0,139035448,139064000,139035000,21.001,8391434000,0,225554000,30806000,60.353,1972528000
DO,MRY,2014-12-31,2014-12-31,2014-12-31,2018-04-30,-3605000,8021289000,8187027500,899059000,7122230000,0.344,32.413,-2032764000,233623000,233623000,1599714000,387011000,1.05,0.802,2244488000,249962000,1994526000,2244488000,0,456483000,0,0.095,3.5,577244000,1033727000,0.367,1033727000,577244000,515191000,2.82,2.81,2.82,4451563000,4512379000,4451563000,6810283416,11,6.588,-1039933000,-7.562,1.0,1214957000,0.432,0,62053000,9175508000,9209775250,0,16033000,16033000,0,3569726000,856646000,2713080000,5034694416,-113388000,18318000,-87756000,-250000000,-486240000,-825984000,-280235000,1734211000,992831000,0,387011000,387011000,387011000,0,0,0.137,532933000,682024000,138444000,1.241,1.131,13.009,13.018,6945953000,0,36.71,1.789,1.794,463862000,2661999000,2814671000,2814671000,0,0.047,0.086,0.063,0.205,3507000,81832000,1.0,137147764,137523000,137473000,20.467,8021289000,0,128180000,41648000,58.406,42413000
DO,MRY,2015-12-31,2015-12-31,2015-12-31,2018-04-30,-5035000,7149894000,7602965250,669595000,6480299000,0.318,29.985,-830655000,119028000,119028000,1285914000,-274285000,1.07,0.738,2266367000,286589000,1979778000,2266367000,0,493162000,0,0.024,0.5,-287414000,205748000,0.085,205748000,-287414000,-381348000,-2.0,-2.0,-2.0,4112770000,4231634750,4112770000,5240623696,-18,25.471,-94228000,-0.687,1.0,1133479000,0.468,0,93934000,8671510000,9042108500,0,11518000,11518000,0,3037124000,625723000,2411401000,2894048696,-114595000,13049000,0,36589000,-69432000,-33467000,-817555000,51000,736427000,0,-274285000,-274285000,-274285000,0,0,-0.113,567112000,566367000,70272000,-0.25,0.704,-10.551,-10.55,6378814000,0,21.1,1.196,1.196,405370000,2319136000,2419393000,2419393000,0,-0.036,-0.065,-0.032,-0.119,4856000,66462000,1.0,137158706,137157000,137157000,17.64,7149894000,0,-107063000,15093000,52.128,43872000
DO,MRY,2016-12-31,2016-12-31,2016-12-31,2018-04-30,1000,6371877000,6557732250,505807000,5866070000,0.244,27.339,-652673000,156233000,156233000,830231000,-372503000,1.485,0.699,2085084000,104200000,1980884000,2085084000,0,381760000,0,0.0,0.0,-378365000,3395000,0.002,3395000,-378365000,-468299000,-2.72,-2.72,-2.72,3750134000,3798979750,3750134000,4509276035,-11,1328.211,-6119000,-0.045,1.0,770111000,0.481,0,89934000,7960229000,8116816000,0,0,0,0,2621743000,340499000,2281244000,2427903035,37205000,221722000,0,-182389000,-408000,-183012000,-426337000,4614000,646554000,0,-372503000,-372503000,-372503000,0,0,-0.233,448850000,321261000,30242000,0.0,0.647,-6.518,-6.507,5726935000,0,17.7,1.517,1.517,247028000,1946765000,1600342000,1600342000,0,-0.057,-0.098,-0.047,-0.236,4880000,63560000,1.0,137169663,137168000,137168000,11.667,6371877000,0,-95796000,23898000,46.452,165308000
DO,MRY,2017-12-31,2017-12-31,2017-12-31,2018-04-30,-5000,6250570000,6227751000,886653000,5363917000,0.239,27.479,-139581000,376037000,376037000,835708000,18346000,3.971,0.656,1972225000,0,1972225000,1972225000,0,348695000,0,0.0,0.0,92088000,440783000,0.297,440783000,92088000,-21440000,0.13,0.13,0.13,3774261000,3786209000,3774261000,4246230467,46,9.633,354227000,2.581,1.0,650038000,0.438,0,113528000,7623470000,7779442000,0,0,0,0,2476309000,223288000,2253021000,2551064467,219804000,15196000,0,-142235000,-156000,-149654000,-124350000,35000,493808000,0,18346000,18346000,18346000,0,0,0.012,426846000,223192000,38755000,0.0,0.676,139.053,143.0,5261641000,0,18.59,1.717,1.717,256730000,1964497000,1485746000,1485746000,0,0.003,0.005,0.012,0.062,6250000,74505000,1.0,137227782,137265000,137213000,10.824,6250570000,0,-39786000,29878000,45.509,663365000
