ticker,dimension,calendardate,datekey,reportperiod,lastupdated,accoci,assets,assetsavg,assetsc,assetsnc,assetturnover,bvps,capex,cashneq,cashnequsd,cor,consolinc,currentratio,de,debt,debtc,debtnc,debtusd,deferredrev,depamor,deposits,divyield,dps,ebit,ebitda,ebitdamargin,ebitdausd,ebitusd,ebt,eps,epsdil,epsusd,equity,equityavg,equityusd,ev,evebit,evebitda,fcf,fcfps,fxusd,gp,grossmargin,intangibles,intexp,invcap,invcapavg,inventory,investments,investmentsc,investmentsnc,liabilities,liabilitiesc,liabilitiesnc,marketcap,ncf,ncfbus,ncfcommon,ncfdebt,ncfdiv,ncff,ncfi,ncfinv,ncfo,ncfx,netinc,netinccmn,netinccmnusd,netincdis,netincnci,netmargin,opex,opinc,payables,payoutratio,pb,pe,pe1,ppnenet,prefdivis,price,ps,ps1,receivables,retearn,revenue,revenueusd,rnd,roa,roe,roic,ros,sbcomp,sgna,sharefactor,sharesbas,shareswa,shareswadil,sps,tangibles,taxassets,taxexp,taxliabilities,tbvps,workingcapital
DRWI,MRY,2011-12-31,2011-02-28,2011-02-28,2017-08-23,-9618000,170580000,173664500,135356000,35224000,0.68,92.584,-3839000,78533000,78533000,67460000,2007000,4.144,0.286,0,0,0,0,1453000,3788000,0,0.0,0.0,2428000,6216000,0.053,6216000,2428000,2428000,1.5,1.25,1.5,132627000,135736500,132627000,177287415,73,28.521,-5031000,-3.512,1.0,50550000,0.428,26856000,0,32527000,33884500,28204000,11181000,11181000,0,37953000,32664000,5289000,288092415,-27457000,-8700000,-9623000,0,0,-9623000,-16508000,-3102000,-1192000,-134000,2007000,2007000,2007000,0,0,0.017,49430000,1120000,15967000,0.0,2.172,143.544,130.0,7560000,0,195.0,2.441,2.367,11579000,-31967000,118010000,118010000,19056000,0.012,0.015,0.072,0.021,1410000,29088000,1.0,1477397,1432500,1469678,82.38,143724000,1361000,421000,0,100.331,102692000
DRWI,MRY,2012-12-31,2012-02-29,2012-02-29,2017-08-23,-9658000,120121000,145350500,95438000,24683000,0.314,71.651,-1090000,52975000,52975000,29255000,-33696000,6.078,0.177,0,0,0,0,725000,5356000,0,0.0,0.0,-33585000,-28229000,-0.618,-28229000,-33585000,-33585000,-23.5,-23.5,-23.5,101764000,117195500,101764000,77323360,-2,-2.739,-35558000,-25.036,1.0,16401000,0.359,18191000,0,33254000,32890500,27043000,0,0,0,18056000,15701000,2355000,155856360,-25021000,0,505000,0,0,1060000,8502000,11181000,-34468000,-115000,-33481000,-33481000,-33481000,0,-215000,-0.733,66809000,-50408000,12720000,0.0,1.532,-4.655,-4.681,5184000,0,110.0,3.414,3.422,9850000,-65448000,45656000,45656000,22898000,-0.23,-0.286,-1.021,-0.736,1964000,32960000,1.0,1416876,1420268,1420268,32.146,101930000,1377000,-104000,0,71.768,79737000
DRWI,MRY,2013-12-31,2013-02-28,2013-02-28,2017-08-23,-9685000,134994000,127557500,111122000,23872000,0.971,37.067,-2395000,22959000,22959000,104376000,-55007000,1.45,1.428,19702000,18251000,1451000,19702000,1163000,9610000,0,0.0,0.0,-53168000,-43558000,-0.352,-43558000,-53168000,-54830000,-36.5,-36.5,-36.5,55594000,78679000,55594000,33499526,0,-0.769,-28414000,-18.945,1.0,19501000,0.157,14698000,1662000,40408000,36831000,32722000,0,0,0,79384000,76631000,2753000,86474526,-29839000,-12730000,145000,13736000,0,12689000,-16647000,0,-26019000,138000,-54749000,-54749000,-54749000,0,-258000,-0.442,99305000,-79804000,56962000,0.0,1.555,-1.579,-1.664,7444000,0,60.75,0.698,0.736,35452000,-120197000,123877000,123877000,34020000,-0.429,-0.696,-1.444,-0.429,1523000,42689000,1.0,1423449,1499833,1499833,82.594,120296000,1650000,-81000,0,80.206,34491000
DRWI,MRY,2014-12-31,2014-02-28,2014-02-28,2017-08-23,-9682000,91120000,113057000,72794000,18326000,0.796,25.052,-1000000,18992000,18992000,79348000,-34339000,2.223,1.196,16795000,1795000,15000000,16795000,984000,6548000,0,0.0,0.0,-32094000,-25546000,-0.284,-25546000,-32094000,-33844000,-20.75,-20.75,-20.75,41524000,48559000,41524000,49630137,-1,-1.943,-24902000,-15.024,1.0,10663000,0.118,13562000,1750000,42618000,41513000,30416000,0,0,0,49677000,32743000,16934000,52887137,-3967000,0,17127000,-1436000,0,22056000,-1764000,0,-23902000,-357000,-34242000,-34242000,-34242000,0,-97000,-0.38,52358000,-41695000,29964000,0.0,1.274,-1.545,-1.675,3168000,0,34.75,0.588,0.64,17408000,-154505000,90011000,90011000,19948000,-0.303,-0.705,-0.773,-0.357,1278000,30288000,1.0,1521932,1657535,1657535,54.304,77558000,1605000,398000,0,46.791,40051000
DRWI,MRY,2015-12-31,2015-02-28,2015-02-28,2017-08-23,-9618000,121053000,106086500,102507000,18546000,1.487,16.077,-3474000,23692000,23692000,129772000,-19752000,2.47,1.742,32400000,0,32400000,32400000,830000,3508000,0,0.0,0.0,-18362000,-14854000,-0.094,-14854000,-18362000,-19919000,-7.9,-7.9,-7.9,43801000,42662500,43801000,49372778,-2,-3.324,-35111000,-12.887,1.0,27994000,0.177,12721000,1557000,75533000,59075500,24294000,0,0,0,76285000,41507000,34778000,51569778,4700000,0,24246000,16661000,0,41071000,-3821000,0,-31637000,-913000,-20636000,-20636000,-20636000,0,884000,-0.131,49055000,-21061000,40677000,0.0,1.177,-2.499,-2.813,4322000,0,22.225,0.327,0.384,48626000,-175921000,157766000,157766000,18657000,-0.195,-0.484,-0.311,-0.116,1270000,29060000,1.0,2320350,2724467,2724467,57.907,108332000,1485000,717000,0,39.763,61000000
DRWI,MRY,2016-12-31,2016-02-29,2016-02-29,2017-08-23,-9618000,53067000,87060000,48742000,4325000,0.991,0.835,-1311000,4277000,4277000,72324000,-40824000,1.014,19.381,22152000,22152000,0,22152000,1944000,2508000,0,0.0,0.0,-37275000,-34767000,-0.403,-34767000,-37275000,-39289000,-14.01,-14.01,-14.01,2520000,23160500,2520000,15395847,0,-0.443,-7804000,-2.585,1.0,13971000,0.162,623000,2014000,22255000,48894000,22702000,0,0,0,48840000,48064000,776000,6173847,-19415000,0,35000,-10755000,0,-10720000,-1717000,0,-6493000,-485000,-41564000,-41564000,-41564000,0,740000,-0.482,52034000,-38063000,23557000,0.0,2.45,-0.149,-0.146,3702000,0,2.05,0.072,0.072,18986000,-218225000,86295000,86295000,13406000,-0.477,-1.795,-0.762,-0.432,988000,24370000,1.0,3011633,3019259,3019259,28.582,52444000,0,2275000,0,17.37,678000
