ticker,dimension,calendardate,datekey,reportperiod,lastupdated,accoci,assets,assetsavg,assetsc,assetsnc,assetturnover,bvps,capex,cashneq,cashnequsd,cor,consolinc,currentratio,de,debt,debtc,debtnc,debtusd,deferredrev,depamor,deposits,divyield,dps,ebit,ebitda,ebitdamargin,ebitdausd,ebitusd,ebt,eps,epsdil,epsusd,equity,equityavg,equityusd,ev,evebit,evebitda,fcf,fcfps,fxusd,gp,grossmargin,intangibles,intexp,invcap,invcapavg,inventory,investments,investmentsc,investmentsnc,liabilities,liabilitiesc,liabilitiesnc,marketcap,ncf,ncfbus,ncfcommon,ncfdebt,ncfdiv,ncff,ncfi,ncfinv,ncfo,ncfx,netinc,netinccmn,netinccmnusd,netincdis,netincnci,netmargin,opex,opinc,payables,payoutratio,pb,pe,pe1,ppnenet,prefdivis,price,ps,ps1,receivables,retearn,revenue,revenueusd,rnd,roa,roe,roic,ros,sbcomp,sgna,sharefactor,sharesbas,shareswa,shareswadil,sps,tangibles,taxassets,taxexp,taxliabilities,tbvps,workingcapital
DXC,MRY,2013-12-31,2013-10-31,2013-10-31,2018-02-09,,,,,,,,-179000000,,,21340000000,-1652000000,,,,,,,,2049000000,,,0.0,-970000000,1079000000,0.046,1079000000,-970000000,-1219000000,,,,,,,,,,721000000,,1.0,2336000000,0.099,,249000000,,,,,,,,,,,14000000,0,0,-2086000000,0,-707000000,-179000000,0,900000000,0,-1652000000,-1652000000,-1652000000,0,0,-0.07,3306000000,-970000000,,,,,,,0,,,,,,23676000000,23676000000,0,,,,-0.041,134000000,2137000000,,,,,,,,433000000,,,
DXC,MRY,2014-12-31,2014-10-31,2014-10-31,2018-02-09,-2289000000,12895000000,,6117000000,6778000000,,,-107000000,174000000,174000000,19463000000,-1408000000,1.033,9.594,2944000000,881000000,2063000000,2944000000,944000000,1909000000,0,,0.0,-1298000000,611000000,0.028,611000000,-1298000000,-1526000000,,,,1214000000,,1214000000,,,,700000000,,1.0,2399000000,0.11,729000000,228000000,9016000000,,0,0,0,0,11647000000,5920000000,5727000000,,-27000000,6000000,0,-1357000000,0,-733000000,-101000000,0,807000000,0,-1408000000,-1408000000,-1408000000,0,0,-0.064,3697000000,-1298000000,773000000,,,,,4228000000,0,,,,4061000000,,21862000000,21862000000,0,,,,-0.059,184000000,2251000000,1.0,,,,,12166000000,0,-118000000,52000000,,197000000
DXC,MRY,2015-12-31,2015-10-31,2015-10-31,2018-02-09,-2162000000,12450000000,12672500000,5632000000,6818000000,1.502,,-138000000,217000000,217000000,16844000000,-1885000000,0.987,9.328,2834000000,848000000,1986000000,2834000000,1054000000,1722000000,0,,0.0,-1367000000,355000000,0.019,355000000,-1367000000,-1546000000,,,,1203000000,1208500000,1203000000,,,,624000000,,1.0,2188000000,0.115,330000000,179000000,9031000000,9023500000,0,0,0,0,11222000000,5706000000,5516000000,,43000000,-9000000,0,-1102000000,0,-604000000,-115000000,32000000,762000000,0,-1885000000,-1885000000,-1885000000,0,0,-0.099,3555000000,-1367000000,864000000,,,,,4487000000,0,,,,3840000000,,19032000000,19032000000,0,-0.149,-1.56,-0.151,-0.072,218000000,1807000000,1.0,,,,,12120000000,0,339000000,70000000,,-74000000
DXC,MRY,2016-12-31,2016-10-31,2016-10-31,2018-02-09,,,,,,,,-199000000,,,15548000000,-673000000,,,,,,,,1762000000,,,0.0,-460000000,1302000000,0.072,1302000000,-460000000,-615000000,,,,,,,,,,678000000,,1.0,2564000000,0.142,,155000000,,,,,,,,,,,231000000,65000000,0,-964000000,0,-525000000,-121000000,13000000,877000000,0,-673000000,-673000000,-673000000,0,0,-0.037,3011000000,-447000000,,,,,,,0,,,,,,18112000000,18112000000,0,,,,-0.025,196000000,1654000000,1.0,,,,,,,58000000,,,
