ticker,dimension,calendardate,datekey,reportperiod,lastupdated,accoci,assets,assetsavg,assetsc,assetsnc,assetturnover,bvps,capex,cashneq,cashnequsd,cor,consolinc,currentratio,de,debt,debtc,debtnc,debtusd,deferredrev,depamor,deposits,divyield,dps,ebit,ebitda,ebitdamargin,ebitdausd,ebitusd,ebt,eps,epsdil,epsusd,equity,equityavg,equityusd,ev,evebit,evebitda,fcf,fcfps,fxusd,gp,grossmargin,intangibles,intexp,invcap,invcapavg,inventory,investments,investmentsc,investmentsnc,liabilities,liabilitiesc,liabilitiesnc,marketcap,ncf,ncfbus,ncfcommon,ncfdebt,ncfdiv,ncff,ncfi,ncfinv,ncfo,ncfx,netinc,netinccmn,netinccmnusd,netincdis,netincnci,netmargin,opex,opinc,payables,payoutratio,pb,pe,pe1,ppnenet,prefdivis,price,ps,ps1,receivables,retearn,revenue,revenueusd,rnd,roa,roe,roic,ros,sbcomp,sgna,sharefactor,sharesbas,shareswa,shareswadil,sps,tangibles,taxassets,taxexp,taxliabilities,tbvps,workingcapital
DY,MRY,2011-12-31,2011-07-30,2011-07-30,2018-03-02,299000,724755000,702403250,330311000,394444000,1.475,9.966,-61457000,44766000,44766000,837119000,16107000,2.787,1.06,187806000,232000,187574000,187806000,749000,62533000,0,0.0,0.0,44395000,106928000,0.103,106928000,44395000,28484000,0.46,0.45,0.46,351851000,358356250,351851000,679099227,15,6.351,-17600000,-0.498,1.0,198749000,0.192,231128000,15911000,518154000,457013250,20558000,0,0,0,372904000,118513000,254391000,580140227,-58554000,-36451000,-63227000,46391000,0,-17033000,-85378000,0,43857000,0,16107000,16107000,16107000,0,0,0.016,157155000,41594000,39399000,0.0,1.649,36.018,37.043,149439000,0,17.04,0.56,0.581,229407000,227399000,1035868000,1035868000,0,0.023,0.045,0.097,0.043,4409000,94622000,1.0,34045788,35306900,35754168,29.339,493627000,24642000,12377000,39923000,13.981,211798000
DY,MRY,2012-12-31,2012-07-28,2012-07-28,2018-03-02,138000,772193000,747811750,376947000,395246000,1.606,11.676,-77612000,52581000,52581000,968949000,39378000,3.29,0.965,187574000,74000,187500000,187574000,1522000,62693000,0,0.0,0.0,81278000,143971000,0.12,143971000,81278000,64561000,1.17,1.14,1.17,392931000,378594750,392931000,715267604,8,4.968,-12487000,-0.371,1.0,232170000,0.193,224622000,16717000,568001000,534588250,26274000,0,0,0,379262000,114563000,264699000,594356604,7815000,0,-6470000,-233000,0,-5407000,-51903000,0,65125000,0,39378000,39378000,39378000,0,0,0.033,166717000,65453000,36823000,0.0,1.513,15.094,15.111,158247000,0,17.68,0.495,0.495,269109000,266777000,1201119000,1201119000,0,0.053,0.104,0.152,0.068,5157000,104024000,1.0,33617455,33653055,34481895,35.691,547571000,20517000,25183000,49537000,16.271,262384000
DY,MRY,2013-12-31,2013-07-27,2013-07-27,2018-03-02,103000,1154208000,1023935750,541134000,613074000,1.571,12.976,-64650000,18607000,18607000,1300416000,35188000,2.708,1.694,451982000,7813000,444169000,451982000,13788000,85481000,0,0.0,0.0,81533000,167014000,0.104,167014000,81533000,58199000,1.07,1.04,1.07,428361000,406887750,428361000,1297922129,15,7.771,42094000,1.275,1.0,308196000,0.192,393085000,23334000,994683000,853819500,35999000,0,0,0,725847000,199815000,526032000,875537129,-33974000,-330291000,-9950000,257887000,0,248336000,-389054000,0,106744000,0,35188000,35188000,35188000,0,0,0.022,231252000,76944000,77954000,0.0,2.044,24.882,24.748,202703000,0,26.48,0.544,0.543,456551000,301965000,1608612000,1608612000,0,0.034,0.086,0.095,0.051,8619000,145771000,1.0,33064091,33012595,33782187,48.727,761123000,16853000,23011000,48612000,23.056,341319000
DY,MRY,2014-12-31,2014-07-26,2014-07-26,2018-03-02,-158000,1212354000,1174825000,605736000,606618000,1.542,14.359,-89136000,20672000,20672000,1475045000,39978000,3.082,1.5,457801000,10938000,446863000,457801000,13882000,92772000,0,0.0,0.0,93146000,185918000,0.103,185918000,93146000,66319000,1.18,1.15,1.18,484934000,465619750,484934000,1373924858,14,7.39,-4951000,-0.147,1.0,336548000,0.186,385204000,26827000,1067747000,1030371250,49095000,0,0,0,727420000,196532000,530888000,979408858,2065000,-17088000,4569000,5187000,0,9000000,-91120000,0,84185000,0,39978000,39978000,39978000,0,0,0.022,254630000,81918000,63318000,0.0,2.02,24.499,24.449,205413000,0,28.85,0.541,0.538,503310000,341943000,1811593000,1811593000,0,0.034,0.086,0.09,0.051,9571000,161858000,1.0,33948314,33773158,34816381,53.64,827150000,19932000,26341000,45361000,24.491,409204000
DY,MRY,2015-12-31,2015-07-25,2015-07-25,2018-03-02,-1198000,1353923000,1266682250,696632000,657291000,1.597,14.945,-102997000,21289000,21289000,1593250000,84324000,3.073,1.669,520650000,3750000,516900000,520650000,16896000,96044000,0,0.0,0.0,162609000,258653000,0.128,258653000,162609000,135584000,2.48,2.41,2.48,507200000,510948750,507200000,2602057406,16,10.06,38903000,1.143,1.0,429062000,0.212,392579000,27025000,1233995000,1125278500,48650000,0,0,0,846723000,226710000,620013000,2177907406,617000,-31909000,-78224000,63333000,0,-11231000,-130052000,0,141900000,0,84324000,84324000,84324000,0,0,0.042,274744000,154318000,71834000,0.0,4.294,25.828,25.766,231564000,0,63.9,1.077,1.076,589864000,426267000,2022312000,2022312000,0,0.067,0.165,0.145,0.08,5552000,178700000,1.0,34083058,34045481,35026688,59.4,961344000,20630000,51260000,56304000,28.327,469922000
DY,MRY,2016-12-31,2016-07-30,2016-07-30,2018-03-02,-1274000,1719716000,1588506250,851234000,868482000,1.682,17.809,-186011000,33787000,33787000,2083579000,128740000,2.638,2.086,719327000,13125000,706202000,719327000,19557000,124940000,0,0.0,0.0,241047000,365987000,0.137,365987000,241047000,206327000,3.98,3.89,3.98,557287000,541786250,557287000,3662006749,15,10.006,75477000,2.336,1.0,588963000,0.22,508036000,34720000,1574593000,1552807500,73606000,0,0,0,1162429000,322627000,839802000,2948006749,12498000,-157183000,-92562000,176306000,0,84143000,-333133000,0,261488000,0,128740000,128740000,128740000,0,0,0.048,342089000,246874000,115492000,0.0,5.29,22.899,23.631,326670000,0,94.05,1.103,1.137,705002000,537880000,2672542000,2672542000,0,0.081,0.238,0.155,0.09,3847000,217149000,1.0,31345101,32315636,33115755,82.701,1211680000,22733000,77587000,91894000,38.72,528607000
DY,MRY,2017-12-31,2017-07-29,2017-07-29,2018-03-02,-1158000,1899307000,1845042250,938518000,960789000,1.662,21.604,-201197000,38608000,38608000,2404734000,157217000,2.946,1.828,759921000,21656000,738265000,759921000,9284000,147906000,0,0.0,0.0,287789000,435695000,0.142,435695000,287789000,250425000,5.01,4.92,5.01,671583000,630778750,671583000,3613075549,12,8.293,55246000,1.762,1.0,662146000,0.216,505309000,37364000,1796773000,1802210250,83204000,0,0,0,1227724000,318538000,909186000,2806415549,4821000,-24245000,-61460000,21367000,0,-42475000,-209147000,0,256443000,0,157217000,157217000,157217000,0,0,0.051,387137000,275009000,132974000,0.0,4.179,17.851,18.024,422107000,0,90.3,0.915,0.923,759086000,652287000,3066880000,3066880000,0,0.085,0.249,0.16,0.094,12420000,239231000,1.0,31078799,31351367,31984731,97.823,1393998000,34017000,93208000,104738000,44.844,619980000
