ticker,dimension,calendardate,datekey,reportperiod,lastupdated,accoci,assets,assetsavg,assetsc,assetsnc,assetturnover,bvps,capex,cashneq,cashnequsd,cor,consolinc,currentratio,de,debt,debtc,debtnc,debtusd,deferredrev,depamor,deposits,divyield,dps,ebit,ebitda,ebitdamargin,ebitdausd,ebitusd,ebt,eps,epsdil,epsusd,equity,equityavg,equityusd,ev,evebit,evebitda,fcf,fcfps,fxusd,gp,grossmargin,intangibles,intexp,invcap,invcapavg,inventory,investments,investmentsc,investmentsnc,liabilities,liabilitiesc,liabilitiesnc,marketcap,ncf,ncfbus,ncfcommon,ncfdebt,ncfdiv,ncff,ncfi,ncfinv,ncfo,ncfx,netinc,netinccmn,netinccmnusd,netincdis,netincnci,netmargin,opex,opinc,payables,payoutratio,pb,pe,pe1,ppnenet,prefdivis,price,ps,ps1,receivables,retearn,revenue,revenueusd,rnd,roa,roe,roic,ros,sbcomp,sgna,sharefactor,sharesbas,shareswa,shareswadil,sps,tangibles,taxassets,taxexp,taxliabilities,tbvps,workingcapital
DYSL,MRY,2011-12-31,2011-09-30,2011-09-30,2018-05-14,297566,40866583,39714398,15867122,24999461,1.182,1.358,-1543262,4479840,4479840,27201435,1351645,2.512,0.837,10845170,1859728,8985442,10845170,0,1233073,0,0.0,0.0,2286658,3519731,0.075,3519731,2286658,1644843,0.08,0.08,0.08,22242042,21703442,22242042,47954928,20,13.625,2349384,0.157,1.0,19750231,0.421,19988477,641815,20926484,21595652,3250539,0,0,0,18624541,6316952,12307589,41290317,367874,-300000,135302,-1858943,0,-1803411,-1843262,0,3892646,121901,1351645,1351645,1351645,0,0,0.029,17463573,2286658,2088395,0.0,1.856,30.548,33.125,4860328,116646,2.65,0.879,0.843,6245379,7026367,46951666,46951666,0,0.034,0.062,0.106,0.049,563443,17463573,1.0,15581252,14932226,15127004,3.144,20878106,1119800,293198,0,1.274,9550170
DYSL,MRY,2012-12-31,2012-09-30,2012-09-30,2018-05-14,61906,37465428,39590291,15358356,22107072,1.21,1.29,-1018213,3414880,3414880,28381407,-4303766,0.858,0.988,11984492,11984492,0,11984492,694672,1669719,0,0.0,0.0,-3705691,-2035972,-0.043,-2035972,-3705691,-4344787,-0.29,-0.29,-0.29,18843588,21869932,18843588,30088920,-8,-14.779,-325159,-0.022,1.0,19505743,0.407,16957465,639096,11172434,16656279,3271700,0,0,0,18621840,17905141,716699,23662643,-1064960,0,-1794424,1082722,0,-711702,-1018213,0,693054,-28099,-4303766,-4303766,-4303766,0,0,-0.09,23211434,-3705691,2416397,0.0,1.256,-5.498,-5.517,4984150,0,1.6,0.494,0.495,7210940,2722601,47887150,47887150,2810778,-0.109,-0.197,-0.222,-0.077,935396,18116157,1.0,14789152,14811294,14811294,3.233,20507963,0,-41021,0,1.404,-2546785
DYSL,MRY,2013-12-31,2013-09-30,2013-09-30,2018-05-14,153000,26677000,29770978,12063000,14614000,1.436,0.712,-545000,2437000,2437000,24667000,-8727000,0.785,1.506,10175000,9943000,232000,10175000,516000,1596000,0,0.0,0.0,-8169000,-6573000,-0.154,-6573000,-8169000,-9030000,-0.59,-0.59,-0.59,10646000,12836488,10646000,21779410,-2,-3.313,1156000,0.078,1.0,18086000,0.423,9726000,861000,9327000,10608379,3140000,0,0,0,16031000,15362000,669000,13591285,-978000,0,21000,-2241000,0,-2220000,-465000,0,1701000,6000,-8727000,-8727000,-8727000,0,0,-0.204,26255000,-8169000,2056000,0.0,1.277,-1.557,-1.495,4774000,0,0.882,0.318,0.306,5194000,-6005000,42753000,42753000,2307000,-0.293,-0.68,-0.77,-0.191,418000,17119000,1.0,15413116,14812858,14812858,2.886,16951000,0,-303000,0,1.134,-3299000
DYSL,MRY,2014-12-31,2014-09-30,2014-09-30,2018-05-14,98000,26377000,25459348,12132000,14245000,1.662,0.885,-1448000,3842000,3842000,25579000,2003000,1.497,0.839,7273000,3896000,3377000,7273000,103000,1123000,0,0.0,0.0,2764000,3887000,0.092,3887000,2764000,2051000,0.13,0.13,0.13,14383000,13414227,14383000,28985930,10,7.457,450000,0.029,1.0,16730000,0.395,7630000,713000,14074000,12408597,2954000,0,0,0,12063000,8104000,3959000,25308238,1405000,-500000,14000,-2910000,0,-2896000,2397000,0,1898000,6000,2072000,2072000,2072000,0,-69000,0.049,14035000,2695000,1602000,0.0,1.76,12.214,11.923,6518000,0,1.55,0.598,0.565,4475000,-3933000,42309000,42309000,1343000,0.081,0.154,0.223,0.065,467000,13989000,1.0,16327896,15415408,15429664,2.745,18747000,0,-21000,0,1.153,4028000
DYSL,MRY,2015-12-31,2015-09-30,2015-09-30,2018-05-14,110000,24504000,25619750,10428000,14076000,1.582,0.885,-1310000,1295000,1295000,25542000,-353000,1.24,0.689,5097000,3767000,1330000,5097000,109000,1196000,0,0.0,0.0,253000,1449000,0.036,1449000,253000,-240000,-0.01,-0.01,-0.01,14616000,14269000,14616000,36250835,143,25.018,-474000,-0.029,1.0,14994000,0.37,7356000,493000,12538000,13607750,3066000,0,0,0,10076000,8412000,1664000,32080835,-2547000,0,12000,-2277000,0,-2265000,-1066000,0,836000,-52000,-234000,-234000,-234000,0,-119000,-0.006,14860000,134000,1886000,0.0,2.195,-137.098,-194.0,6662000,0,1.94,0.791,0.785,4900000,-4167000,40536000,40536000,1244000,-0.009,-0.016,0.019,0.006,459000,13794000,1.0,16536513,16402893,16402893,2.471,17148000,0,-6000,0,1.039,2016000
DYSL,MRY,2016-12-31,2016-09-30,2016-09-30,2018-05-14,-699000,26369000,26113250,12121000,14248000,1.664,0.894,-1612000,2607000,2607000,27839000,334000,1.156,0.782,6576000,5667000,909000,6576000,238000,1267000,0,0.0,0.0,1033000,2300000,0.053,2300000,1033000,739000,0.04,0.04,0.04,14973000,14769000,14973000,22628701,21,9.839,497000,0.03,1.0,15603000,0.359,6965000,294000,12886000,13932750,3726000,0,0,0,11702000,10487000,1215000,16673701,1312000,0,16000,918000,0,934000,-1612000,0,2109000,-119000,688000,688000,688000,0,-354000,0.016,14924000,679000,1627000,0.0,1.114,24.235,24.75,7223000,0,0.99,0.384,0.38,4710000,-3479000,43442000,43442000,998000,0.026,0.047,0.074,0.024,698000,13930000,1.0,16842123,16657563,16693501,2.608,19404000,0,51000,263000,1.159,1634000
DYSL,MRY,2017-12-31,2017-09-30,2017-09-30,2018-05-14,-539000,29097000,28376750,12438000,16659000,1.314,1.116,-979000,2415000,2415000,23386000,1947000,1.71,0.457,3224000,2098000,1126000,3224000,129000,1238000,0,0.0,0.0,-336000,902000,0.024,902000,-336000,-548000,0.13,0.13,0.13,18971000,18942750,18971000,22913383,-68,25.403,509000,0.03,1.0,13898000,0.373,6927000,212000,15705000,16694000,4326000,0,0,0,8672000,7274000,1398000,21329383,-192000,0,17000,-727000,0,-710000,-979000,0,1488000,9000,2193000,2193000,2193000,0,-246000,0.059,14480000,-582000,2380000,0.0,1.124,9.726,9.615,7032000,0,1.25,0.572,0.567,4724000,-919000,37284000,37284000,903000,0.077,0.116,-0.02,-0.009,456000,13517000,1.0,17063507,16909412,16911504,2.205,22170000,2642000,-2741000,234000,1.304,5164000
