ticker,dimension,calendardate,datekey,reportperiod,lastupdated,accoci,assets,assetsavg,assetsc,assetsnc,assetturnover,bvps,capex,cashneq,cashnequsd,cor,consolinc,currentratio,de,debt,debtc,debtnc,debtusd,deferredrev,depamor,deposits,divyield,dps,ebit,ebitda,ebitdamargin,ebitdausd,ebitusd,ebt,eps,epsdil,epsusd,equity,equityavg,equityusd,ev,evebit,evebitda,fcf,fcfps,fxusd,gp,grossmargin,intangibles,intexp,invcap,invcapavg,inventory,investments,investmentsc,investmentsnc,liabilities,liabilitiesc,liabilitiesnc,marketcap,ncf,ncfbus,ncfcommon,ncfdebt,ncfdiv,ncff,ncfi,ncfinv,ncfo,ncfx,netinc,netinccmn,netinccmnusd,netincdis,netincnci,netmargin,opex,opinc,payables,payoutratio,pb,pe,pe1,ppnenet,prefdivis,price,ps,ps1,receivables,retearn,revenue,revenueusd,rnd,roa,roe,roic,ros,sbcomp,sgna,sharefactor,sharesbas,shareswa,shareswadil,sps,tangibles,taxassets,taxexp,taxliabilities,tbvps,workingcapital
EA,MRY,2011-12-31,2011-03-31,2011-03-31,2018-02-06,219000000,4928000000,4598500000,3032000000,1896000000,0.78,7.77,-59000000,1579000000,1579000000,1499000000,-276000000,1.515,0.922,0,0,0,0,1005000000,180000000,0,0.0,0.0,-279000000,-99000000,-0.028,-99000000,-279000000,-279000000,-0.84,-0.84,-0.84,2564000000,2578000000,2564000000,5176195737,-18,-52.285,261000000,0.791,1.0,2090000000,0.582,1254000000,0,94000000,387250000,77000000,658000000,658000000,0,2364000000,2001000000,363000000,6529195737,306000000,-16000000,-24000000,0,0,-23000000,-15000000,60000000,320000000,24000000,-276000000,-276000000,-276000000,0,0,-0.077,2402000000,-312000000,228000000,0.0,2.546,-23.657,-23.25,513000000,0,19.53,1.819,1.796,335000000,-153000000,3589000000,3589000000,1124000000,-0.06,-0.107,-0.72,-0.078,176000000,1077000000,1.0,334316218,330000000,330000000,10.876,3674000000,105000000,-3000000,229000000,11.133,1031000000
EA,MRY,2012-12-31,2012-03-31,2012-03-31,2018-02-06,173000000,5491000000,5244250000,2609000000,2882000000,0.79,7.426,-146000000,1293000000,1293000000,1598000000,76000000,1.231,1.234,539000000,0,539000000,539000000,1048000000,216000000,0,0.0,0.0,18000000,234000000,0.056,234000000,18000000,18000000,0.23,0.23,0.23,2458000000,2503250000,2458000000,4754936306,264,20.32,131000000,0.396,1.0,2545000000,0.614,2087000000,0,530000000,689500000,59000000,556000000,556000000,0,3033000000,2120000000,913000000,5462936306,-286000000,-601000000,-349000000,510000000,0,140000000,-689000000,58000000,277000000,-14000000,76000000,76000000,76000000,0,0,0.018,2510000000,35000000,215000000,0.0,2.223,71.881,71.674,568000000,0,16.485,1.319,1.317,366000000,-77000000,4143000000,4143000000,1180000000,0.014,0.03,0.026,0.004,170000000,1260000000,1.0,331388311,331000000,336000000,12.517,3404000000,109000000,-58000000,197000000,10.284,489000000
EA,MRY,2013-12-31,2013-03-31,2013-03-31,2018-02-06,69000000,5070000000,5031250000,2325000000,2745000000,0.755,7.532,-106000000,1292000000,1292000000,1388000000,98000000,1.213,1.236,559000000,0,559000000,559000000,1044000000,264000000,0,0.0,0.0,139000000,403000000,0.106,403000000,139000000,139000000,0.32,0.31,0.32,2267000000,2232750000,2267000000,4707345996,33,11.681,218000000,0.703,1.0,2409000000,0.634,1974000000,0,446000000,631000000,42000000,388000000,388000000,0,2803000000,1917000000,886000000,5311345996,-1000000,21000000,-315000000,-2000000,0,-345000000,32000000,117000000,324000000,-12000000,98000000,98000000,98000000,0,0,0.026,2288000000,121000000,136000000,0.0,2.343,54.197,55.313,548000000,0,17.7,1.399,1.445,312000000,21000000,3797000000,3797000000,1153000000,0.019,0.044,0.22,0.037,164000000,1142000000,1.0,300076045,310000000,313000000,12.248,3096000000,105000000,41000000,206000000,10.286,408000000
EA,MRY,2014-12-31,2014-03-31,2014-03-31,2018-02-06,37000000,5716000000,5232500000,3138000000,2578000000,0.683,7.788,-97000000,1782000000,1782000000,1347000000,8000000,1.313,1.36,580000000,0,580000000,580000000,1490000000,227000000,0,0.0,0.0,7000000,234000000,0.065,234000000,7000000,7000000,0.03,0.03,0.03,2422000000,2301000000,2422000000,7810212079,1115,33.377,615000000,1.997,1.0,2228000000,0.623,1900000000,0,224000000,425000000,56000000,583000000,583000000,0,3294000000,2390000000,904000000,8981212079,490000000,-5000000,77000000,0,0,89000000,-301000000,-199000000,712000000,-10000000,8000000,8000000,8000000,0,0,0.002,2195000000,33000000,119000000,0.0,3.708,1122.652,967.0,510000000,0,29.01,2.512,2.499,327000000,29000000,3575000000,3575000000,1125000000,0.002,0.003,0.016,0.002,150000000,1090000000,1.0,309590213,308000000,316000000,11.607,3816000000,102000000,-1000000,207000000,12.27,748000000
EA,MRY,2015-12-31,2015-03-31,2015-03-31,2018-02-06,2000000,6147000000,5955250000,3720000000,2427000000,0.758,9.857,-95000000,2068000000,2068000000,1429000000,875000000,1.354,1.014,633000000,602000000,31000000,633000000,1283000000,220000000,0,0.0,0.0,925000000,1145000000,0.254,1145000000,925000000,925000000,2.81,2.69,2.81,3036000000,2776500000,3036000000,16701761105,18,14.587,972000000,3.125,1.0,3086000000,0.683,1824000000,0,141000000,360500000,36000000,953000000,953000000,0,3080000000,2747000000,333000000,18234761105,286000000,0,-277000000,0,0,-255000000,-470000000,-375000000,1067000000,-56000000,875000000,875000000,875000000,0,0,0.194,2138000000,948000000,68000000,0.0,6.006,20.84,20.931,459000000,0,58.815,4.039,4.051,362000000,904000000,4515000000,4515000000,1094000000,0.147,0.315,2.566,0.205,144000000,1033000000,1.0,310035894,311000000,325000000,14.518,4323000000,67000000,50000000,150000000,14.036,973000000
EA,MRY,2016-12-31,2016-03-31,2016-03-31,2018-02-06,-16000000,7050000000,6310250000,4354000000,2696000000,0.697,11.062,-93000000,2493000000,2493000000,1354000000,1156000000,1.801,1.075,1152000000,161000000,991000000,1152000000,1458000000,197000000,0,0.0,0.0,877000000,1074000000,0.244,1074000000,877000000,877000000,3.73,3.5,3.73,3396000000,3222500000,3396000000,18525449061,21,17.249,1130000000,3.645,1.0,3042000000,0.692,1767000000,0,1524000000,592500000,0,1341000000,1341000000,0,3652000000,2418000000,1234000000,20448449061,425000000,0,-911000000,519000000,0,-306000000,-484000000,-391000000,1223000000,-8000000,1156000000,1156000000,1156000000,0,0,0.263,2144000000,898000000,89000000,0.0,6.021,17.689,17.724,439000000,0,66.11,4.652,4.662,233000000,2060000000,4396000000,4396000000,1109000000,0.183,0.359,1.48,0.199,178000000,1028000000,1.0,309309470,310000000,330000000,14.181,5283000000,387000000,-279000000,82000000,17.208,1936000000
EA,MRY,2017-12-31,2017-03-31,2017-03-31,2018-02-06,-19000000,7718000000,7233500000,5199000000,2519000000,0.67,13.268,-123000000,2565000000,2565000000,1298000000,967000000,2.153,0.901,990000000,0,990000000,990000000,1539000000,172000000,0,0.0,0.0,1210000000,1382000000,0.285,1382000000,1210000000,1210000000,3.19,3.08,3.19,4060000000,3733250000,4060000000,26102840457,21,18.888,1260000000,4.158,1.0,3547000000,0.732,1715000000,0,2013000000,2056500000,0,1967000000,1967000000,0,3658000000,2415000000,1243000000,27595840457,72000000,0,-436000000,-163000000,0,-534000000,-759000000,-636000000,1383000000,-18000000,967000000,967000000,967000000,0,0,0.2,2323000000,1224000000,87000000,0.0,6.797,28.538,28.063,434000000,0,89.52,5.696,5.598,359000000,3027000000,4845000000,4845000000,1205000000,0.134,0.259,0.588,0.25,196000000,1112000000,1.0,308264527,303000000,314000000,15.99,6003000000,286000000,243000000,105000000,19.618,2784000000
