ticker,dimension,calendardate,datekey,reportperiod,lastupdated,accoci,assets,assetsavg,assetsc,assetsnc,assetturnover,bvps,capex,cashneq,cashnequsd,cor,consolinc,currentratio,de,debt,debtc,debtnc,debtusd,deferredrev,depamor,deposits,divyield,dps,ebit,ebitda,ebitdamargin,ebitdausd,ebitusd,ebt,eps,epsdil,epsusd,equity,equityavg,equityusd,ev,evebit,evebitda,fcf,fcfps,fxusd,gp,grossmargin,intangibles,intexp,invcap,invcapavg,inventory,investments,investmentsc,investmentsnc,liabilities,liabilitiesc,liabilitiesnc,marketcap,ncf,ncfbus,ncfcommon,ncfdebt,ncfdiv,ncff,ncfi,ncfinv,ncfo,ncfx,netinc,netinccmn,netinccmnusd,netincdis,netincnci,netmargin,opex,opinc,payables,payoutratio,pb,pe,pe1,ppnenet,prefdivis,price,ps,ps1,receivables,retearn,revenue,revenueusd,rnd,roa,roe,roic,ros,sbcomp,sgna,sharefactor,sharesbas,shareswa,shareswadil,sps,tangibles,taxassets,taxexp,taxliabilities,tbvps,workingcapital
EDAP,MRY,2011-12-31,2011-12-31,2011-12-31,2018-04-30,-3590000,32238000,34088000,25032000,7206000,0.654,0.653,-870000,4900000,6343173,13435000,-938000,1.27,2.7,11190000,9775000,1415000,14485736,676000,1413000,0,0.0,0.0,-2065000,-652000,-0.029,-844030,-2673194,-543000,-0.07,-0.07,-0.091,8714000,8807000,11280492,31504101,-11,-37.326,-1095000,-0.082,0.772,8857000,0.397,2480000,-1522000,16331000,20913000,3920000,1572000,1572000,0,23525000,19717000,3808000,21984197,-2469000,0,758000,-1085000,0,-328000,-612000,-47000,-225000,-789000,-938000,-938000,-1214264,0,0,-0.042,11354000,-2497000,6295000,0.0,1.949,-18.105,-18.65,2534000,0,1.69,0.762,0.782,15701000,-28093000,22292000,28857555,2436000,-0.028,-0.107,-0.099,-0.093,199000,8918000,1.0,13008401,13345004,13345004,2.162,29758000,26000,395000,31000,2.23,5315000
EDAP,MRY,2012-12-31,2012-12-31,2012-12-31,2018-04-30,-3327000,30444000,31341000,24729000,5715000,0.832,0.465,-650000,7041000,9287754,15632000,-7475000,1.884,2.73,9840000,2761000,7079000,12979903,964000,931000,0,0.0,0.0,-2763000,-1832000,-0.07,-2416583,-3644661,-7357000,-0.43,-0.43,-0.567,8161000,8437500,10765141,35542329,-9,-14.708,-2863000,-0.163,0.758,10433000,0.4,2483000,4594000,17636000,16983500,4263000,1036000,1036000,0,22282000,13124000,9158000,27223808,2141000,0,1898000,-555000,0,1342000,234000,586000,-2213000,727000,-7475000,-7475000,-9860241,0,0,-0.287,12464000,-2031000,6336000,0.0,2.529,-2.761,-3.597,2035000,0,2.04,0.792,1.042,12791000,-35569000,26065000,34382234,2659000,-0.239,-0.886,-0.163,-0.106,76000,9805000,1.0,13345004,17556395,17556395,1.958,27961000,32000,118000,12000,1.593,11605000
EDAP,MRY,2013-12-31,2013-12-31,2013-12-31,2018-04-30,-3221000,26874000,28659000,22125000,4749000,0.84,0.451,-760000,6681000,9187495,14761000,-5021000,1.909,1.895,6538000,2482000,4056000,8990846,873000,1179000,0,0.0,0.0,-3985000,-2806000,-0.117,-3858720,-5480043,-4886000,-0.24,-0.24,-0.33,9284000,8722500,12767057,57790816,-10,-14.977,-4006000,-0.195,0.727,9319000,0.387,2448000,901000,12694000,15165000,4698000,1000000,1000000,0,17589000,11589000,6000000,54198075,-360000,0,5671000,-3734000,0,1937000,-589000,39000,-3246000,788000,-5021000,-5021000,-6904717,0,0,-0.209,12074000,-2755000,5435000,0.0,4.245,-7.849,-8.938,1655000,0,2.95,1.637,1.835,9708000,-40590000,24080000,33114039,2595000,-0.175,-0.576,-0.263,-0.165,367000,9479000,1.0,18372229,20593720,20593720,1.608,24426000,22000,135000,10000,1.186,10536000
EDAP,MRY,2014-12-31,2014-12-31,2014-12-31,2018-04-30,-3211000,32154000,29514000,26615000,5539000,0.908,0.642,-1021000,11142000,13481221,15584000,-512000,2.189,1.124,3156000,2459000,697000,3818590,1176000,900000,0,0.0,0.0,-2167000,-1267000,-0.047,-1533001,-2621953,-396000,-0.02,-0.02,-0.024,15141000,12212500,18319796,50573077,-19,-32.99,-1960000,-0.083,0.826,11201000,0.418,2436000,-1771000,9574000,11134000,5908000,1000000,1000000,0,17013000,12158000,4855000,50769931,4461000,0,6219000,-180000,0,6039000,-1034000,-12000,-939000,469000,-512000,-512000,-619492,0,0,-0.019,12938000,-1737000,5505000,0.0,2.771,-81.954,-96.285,2122000,0,2.33,1.567,1.697,8781000,-41102000,26785000,32408410,2932000,-0.017,-0.042,-0.195,-0.081,140000,10006000,1.0,21789670,23600428,23600428,1.373,29718000,40000,116000,4000,1.259,14457000
EDAP,MRY,2015-12-31,2015-12-31,2015-12-31,2018-04-30,-3567000,38581000,35367500,33039000,5542000,0.912,0.577,-650000,13578000,14747394,18468000,-1667000,2.031,1.674,4147000,3261000,886000,4504157,2101000,1002000,0,0.0,0.0,1186000,2188000,0.068,2376439,1288143,-908000,-0.07,-0.07,-0.076,14430000,14785500,15672772,96345853,74,40.542,744000,0.03,0.921,13785000,0.427,2451000,2094000,10428000,10001000,6151000,1000000,1000000,0,24151000,16271000,7880000,102694184,2436000,0,1219000,893000,0,2112000,-541000,-12000,1394000,-347000,-1667000,-1667000,-1810569,0,0,-0.052,13298000,487000,6098000,0.0,6.552,-56.719,-54.322,2123000,0,4.13,2.932,2.95,12355000,-42769000,32253000,35030764,2690000,-0.047,-0.113,0.119,0.037,66000,10608000,1.0,24865420,25021966,25021966,1.4,36130000,47000,759000,624000,1.444,16768000
EDAP,MRY,2016-12-31,2016-12-31,2016-12-31,2018-04-30,-3948000,46591000,42586000,40502000,6089000,0.836,0.879,-1325000,21989000,23141443,19200000,3842000,2.698,0.905,2763000,2066000,697000,2907808,2211000,1025000,0,0.0,0.0,495000,1520000,0.043,1599663,520942,4444000,0.14,0.13,0.147,24451000,19440500,25732477,72513712,139,45.331,83000,0.003,0.95,16411000,0.461,2561000,-3949000,9794000,10111000,8030000,0,0,0,22140000,15010000,7130000,83257752,8410000,0,6200000,1404000,0,7604000,-384000,941000,1408000,-19000,3842000,3842000,4043359,0,0,0.108,16020000,391000,5960000,0.0,3.236,20.591,22.262,2770000,0,3.28,2.222,2.435,10326000,-38927000,35611000,37477373,3868000,0.09,0.198,0.049,0.014,360000,12152000,1.0,25383461,27823313,29365583,1.347,44030000,12000,602000,363000,1.582,25492000
EDAP,MRY,2017-12-31,2017-12-31,2017-12-31,2018-04-30,-3604000,46897000,46744000,39574000,7323000,0.765,0.869,-2072000,20004000,24005760,20938000,-681000,2.453,0.864,4718000,3356000,1362000,5661826,2857000,1573000,0,0.0,0.0,-2936000,-1363000,-0.038,-1635665,-3523340,-293000,-0.02,-0.02,-0.024,25158000,24804500,30190807,61766244,-17,-37.762,-3440000,-0.119,0.833,14808000,0.414,2939000,-2643000,12538000,11166000,6739000,0,0,0,21739000,16134000,5605000,82448257,-1985000,0,663000,2208000,0,2871000,-2032000,-45000,-1368000,235000,-681000,-681000,-817232,0,0,-0.019,16835000,-2027000,6310000,0.0,2.731,-100.887,-119.579,3682000,0,2.87,1.922,1.938,12420000,-39608000,35746000,42896915,3881000,-0.015,-0.027,-0.263,-0.082,382000,12954000,1.0,28727616,28961928,28961928,1.481,43958000,165000,388000,147000,1.518,23440000
