ticker,dimension,calendardate,datekey,reportperiod,lastupdated,accoci,assets,assetsavg,assetsc,assetsnc,assetturnover,bvps,capex,cashneq,cashnequsd,cor,consolinc,currentratio,de,debt,debtc,debtnc,debtusd,deferredrev,depamor,deposits,divyield,dps,ebit,ebitda,ebitdamargin,ebitdausd,ebitusd,ebt,eps,epsdil,epsusd,equity,equityavg,equityusd,ev,evebit,evebitda,fcf,fcfps,fxusd,gp,grossmargin,intangibles,intexp,invcap,invcapavg,inventory,investments,investmentsc,investmentsnc,liabilities,liabilitiesc,liabilitiesnc,marketcap,ncf,ncfbus,ncfcommon,ncfdebt,ncfdiv,ncff,ncfi,ncfinv,ncfo,ncfx,netinc,netinccmn,netinccmnusd,netincdis,netincnci,netmargin,opex,opinc,payables,payoutratio,pb,pe,pe1,ppnenet,prefdivis,price,ps,ps1,receivables,retearn,revenue,revenueusd,rnd,roa,roe,roic,ros,sbcomp,sgna,sharefactor,sharesbas,shareswa,shareswadil,sps,tangibles,taxassets,taxexp,taxliabilities,tbvps,workingcapital
EDMC,MRY,2011-12-31,2011-06-30,2011-06-30,2017-04-22,-12190000,4553135000,4615828250,769535000,3783600000,0.626,15.972,-138105000,450737000,450737000,0,229508000,1.433,1.164,1557850000,91076000,1466774000,1557850000,0,146480000,0,0.0,0.0,489906000,636386000,0.22,636386000,489906000,369212000,1.67,1.66,1.67,2103944000,2126845750,2103944000,4039515669,8,6.348,261628000,1.904,1.0,2887629000,1.0,3044386000,120694000,2078921000,2009701750,9594000,15164000,15164000,0,2449191000,536941000,1912250000,3176021669,29678000,0,-220865000,11706000,0,-209159000,-161212000,0,399733000,316000,229508000,229508000,229508000,0,0,0.079,2386355000,501274000,58494000,0.0,1.51,13.838,14.335,692601000,0,23.94,1.1,1.139,157793000,579781000,2887629000,2887629000,0,0.05,0.108,0.244,0.17,11070000,766546000,1.0,132665901,137376000,138316000,21.02,1508749000,90081000,139704000,220776000,11.453,232594000
EDMC,MRY,2012-12-31,2012-06-30,2012-06-30,2017-04-22,-18037000,2839095000,4022450000,842648000,1996447000,0.686,3.974,-93546000,458888000,458888000,0,-1433570000,1.578,4.717,1576844000,123376000,1453468000,1576844000,0,158663000,0,0.0,0.0,-1334677000,-1176014000,-0.426,-1176014000,-1334677000,-1445007000,-11.32,-11.32,-11.32,496564000,1598514500,496564000,1766535139,-1,-1.502,-104396000,-0.824,1.0,2760967000,1.0,1293579000,110330000,2129467000,2004510750,8382000,22174000,22174000,0,2342531000,534005000,1808526000,869663139,-212216000,0,-101718000,9347000,0,-92108000,-108853000,0,-10850000,-405000,-1433570000,-1433570000,-1433570000,0,0,-0.519,4086170000,-1325203000,54834000,0.0,1.751,-0.607,-0.614,651797000,0,6.95,0.315,0.319,203341000,-935960000,2760967000,2760967000,0,-0.356,-0.897,-0.666,-0.483,13290000,762863000,1.0,125131387,126659000,126659000,21.798,1545516000,109464000,-11437000,111767000,12.368,308643000
EDMC,MRY,2013-12-31,2013-06-30,2013-06-30,2017-04-22,-13641000,2423356000,2617755250,771619000,1651737000,0.954,2.856,-18176000,402035000,402035000,0,-244390000,1.587,5.81,1360240000,87076000,1273164000,1360240000,0,164712000,0,0.0,0.0,-107689000,57023000,0.023,57023000,-107689000,-232352000,-1.96,-1.96,-1.96,355856000,429322000,355856000,1540037564,-14,27.007,173131000,1.39,1.0,2498599000,1.0,1077588000,124663000,1817875000,1888028250,0,32547000,32547000,0,2067500000,486098000,1581402000,700260564,-60313000,0,3000,-225640000,0,-225637000,-25812000,0,191307000,-171000,-244390000,-244390000,-244390000,0,0,-0.098,2601056000,-102457000,32559000,0.0,1.968,-2.865,-2.867,525625000,0,5.62,0.28,0.28,206406000,-1098179000,2498599000,2498599000,0,-0.093,-0.569,-0.057,-0.043,17112000,689143000,1.0,124601524,124560000,124560000,20.059,1345768000,97781000,12038000,72622000,10.801,285521000
EDMC,MRY,2014-12-31,2014-06-30,2014-06-30,2017-04-22,-8212000,1877036000,2114025750,875966000,1001070000,1.075,-2.261,-64195000,542248000,542248000,0,-663917000,1.379,-7.589,1503351000,231765000,1271586000,1503351000,0,152501000,0,0.0,0.0,-489247000,-336746000,-0.148,-336746000,-489247000,-617280000,-5.29,-5.29,-5.29,-284873000,29346000,-284873000,1047203773,-2,-3.11,6451000,0.051,1.0,2272736000,1.0,513229000,128033000,1689585000,1720855750,0,57908000,57908000,0,2161909000,635325000,1526584000,212900773,139872000,0,2968000,132839000,0,135952000,-66652000,0,70646000,-74000,-663917000,-663917000,-663917000,0,0,-0.292,2761983000,-489247000,38553000,0.0,-0.747,-0.321,-0.319,429457000,0,1.69,0.094,0.093,210182000,-1762096000,2272736000,2272736000,0,-0.314,-22.624,-0.284,-0.215,16419000,667567000,1.0,125976789,125504000,125504000,18.109,1363807000,29785000,46637000,58577000,10.826,240641000
