ticker,dimension,calendardate,datekey,reportperiod,lastupdated,accoci,assets,assetsavg,assetsc,assetsnc,assetturnover,bvps,capex,cashneq,cashnequsd,cor,consolinc,currentratio,de,debt,debtc,debtnc,debtusd,deferredrev,depamor,deposits,divyield,dps,ebit,ebitda,ebitdamargin,ebitdausd,ebitusd,ebt,eps,epsdil,epsusd,equity,equityavg,equityusd,ev,evebit,evebitda,fcf,fcfps,fxusd,gp,grossmargin,intangibles,intexp,invcap,invcapavg,inventory,investments,investmentsc,investmentsnc,liabilities,liabilitiesc,liabilitiesnc,marketcap,ncf,ncfbus,ncfcommon,ncfdebt,ncfdiv,ncff,ncfi,ncfinv,ncfo,ncfx,netinc,netinccmn,netinccmnusd,netincdis,netincnci,netmargin,opex,opinc,payables,payoutratio,pb,pe,pe1,ppnenet,prefdivis,price,ps,ps1,receivables,retearn,revenue,revenueusd,rnd,roa,roe,roic,ros,sbcomp,sgna,sharefactor,sharesbas,shareswa,shareswadil,sps,tangibles,taxassets,taxexp,taxliabilities,tbvps,workingcapital
EDU,MRY,2011-12-31,2011-05-31,2011-05-31,2017-09-29,46562000,863370000,729895000,675269000,188101000,0.74,3.747,-47424000,320634000,320634000,213779000,101539000,2.345,0.504,0,0,0,0,194317000,16936000,0,0.0,0.0,110010000,126946000,0.235,126946000,110010000,110010000,0.66,0.65,0.66,574223000,500895000,574223000,4217324150,38,33.221,168395000,1.099,1.0,326072000,0.604,16066000,0,238670000,188845500,18011000,143706000,143704000,2000,289147000,288000000,1147000,4499010150,36156000,-3318000,6432000,0,0,6432000,-198152000,-146995000,215819000,12057000,101774000,101774000,101774000,-1345000,-235000,0.189,230363000,95709000,9518000,0.0,7.835,44.206,43.871,160421000,0,28.955,8.334,8.22,1655000,323432000,539851000,539851000,0,0.139,0.203,0.583,0.204,15045000,230363000,1.0,155379387,153253065,156071833,3.523,847304000,6334000,8236000,8310000,5.529,387269000
EDU,MRY,2012-12-31,2012-05-31,2012-05-31,2017-09-29,55138000,1128817000,996093500,895376000,233441000,0.756,4.465,-68480000,431852000,431852000,293063000,132688000,2.043,0.635,0,0,0,0,269411000,26271000,0,0.0,0.0,143460000,169731000,0.225,169731000,143460000,143460000,0.86,0.85,0.86,690402000,632312500,690402000,3878003549,27,22.848,180824000,1.169,1.0,460132000,0.611,6107000,0,252555000,245612500,20074000,323184000,321182000,2002000,438415000,438303000,112000,4198637549,111001000,-4878000,945000,0,0,945000,-143701000,-70343000,249304000,4453000,132688000,132688000,132688000,3228000,0,0.176,339972000,120160000,59107000,0.0,6.081,31.643,30.826,204342000,0,26.51,5.574,5.442,5243000,386971000,753195000,753195000,0,0.133,0.21,0.584,0.19,24125000,339972000,1.0,158379387,154627784,156872441,4.871,1122710000,8554000,10772000,10124000,7.261,457073000
EDU,MRY,2013-12-31,2013-05-31,2013-05-31,2017-09-29,82867000,1353441000,1241129000,1070832000,282609000,0.773,5.504,-58013000,418792000,418792000,384177000,136269000,2.186,0.579,0,0,0,0,332194000,39085000,0,0.013,0.3,151624000,190709000,0.199,190709000,151624000,151624000,0.88,0.87,0.88,857252000,773827000,857252000,3104759711,20,16.28,225615000,1.448,1.0,575677000,0.6,9164000,0,435650000,344102500,22540000,513219000,504952000,8267000,496189000,489835000,6354000,3536611711,-11095000,-7840000,-23859000,0,-46990000,-70849000,-237888000,-172035000,283628000,14014000,136269000,136269000,136269000,407000,0,0.142,453112000,122565000,14188000,0.341,4.126,25.953,25.375,247262000,0,22.33,3.685,3.624,6806000,500770000,959854000,959854000,0,0.11,0.176,0.441,0.158,27242000,453112000,1.0,158379387,155762959,157823792,6.162,1344277000,12178000,15355000,18308000,8.63,580997000
EDU,MRY,2014-12-31,2014-05-31,2014-05-31,2017-09-29,65559000,1603545000,1478493000,1233675000,369870000,0.77,6.574,-30757000,372081000,372081000,451669000,215704000,2.142,0.563,0,0,0,0,380837000,43691000,0,0.014,0.35,241746000,285437000,0.251,285437000,241746000,241746000,1.38,1.37,1.38,1025758000,941505000,1025758000,3627098384,15,12.707,330588000,2.119,1.0,687218000,0.603,8772000,0,646627000,541138500,22366000,762363000,643410000,118953000,577787000,576065000,1722000,4045890384,-45573000,-745000,362000,0,-54476000,-54114000,-344377000,-312875000,361345000,-8427000,215704000,215704000,215704000,0,0,0.189,493272000,193946000,8590000,0.254,3.944,18.757,18.71,225335000,0,25.82,3.552,3.537,7828000,654744000,1138887000,1138887000,0,0.146,0.229,0.447,0.212,20079000,493272000,1.0,156695987,156033992,157903464,7.299,1594773000,14257000,26042000,19442000,10.221,657610000
EDU,MRY,2015-12-31,2015-05-31,2015-05-31,2017-09-29,99505000,1951537000,1777541000,1348880000,602657000,0.701,7.801,-53580000,532242000,532242000,526320000,192718000,1.86,0.596,0,0,0,0,501170000,47270000,0,0.0,0.0,219234000,266504000,0.214,266504000,219234000,219234000,1.23,1.23,1.23,1220348000,1123053000,1220348000,3387308010,15,12.71,320565000,2.049,1.0,720446000,0.578,19375000,0,674688000,660657500,23983000,928407000,599935000,328472000,727693000,725232000,2461000,3759389010,159705000,-16253000,-48088000,0,0,-44297000,-173417000,-103584000,374145000,3274000,193013000,193013000,193013000,0,-295000,0.155,566917000,153529000,19883000,0.0,3.081,19.477,19.374,231463000,0,23.83,3.015,2.99,9305000,824015000,1246766000,1246766000,0,0.109,0.172,0.332,0.176,15689000,566917000,1.0,157758666,156438606,157302174,7.97,1932162000,23028000,26221000,27837000,12.351,623648000
EDU,MRY,2016-12-31,2016-05-31,2016-05-31,2017-09-29,62948000,2354834000,2153185500,1869336000,485498000,0.687,8.959,-63091000,709319000,709319000,614364000,225328000,2.036,0.655,0,0,0,0,646903000,48403000,0,0.009,0.4,262415000,310818000,0.21,310818000,262415000,262415000,1.43,1.43,1.43,1404572000,1312460000,1404572000,6079323736,23,19.559,454803000,2.901,1.0,863984000,0.584,17069000,0,710256000,692472000,27303000,1120719000,938045000,182674000,920172000,918190000,1982000,6611565736,177911000,-273000,2176000,0,-62668000,5503000,-309737000,-246373000,517894000,-35749000,224884000,224884000,224884000,0,444000,0.152,668907000,195077000,21437000,0.28,4.707,29.4,29.545,237698000,0,42.25,4.472,4.481,10027000,931930000,1478348000,1478348000,0,0.104,0.171,0.379,0.178,16810000,668907000,1.0,156486763,156782439,157391686,9.429,2337765000,24341000,37531000,34788000,14.911,951146000
EDU,MRY,2017-12-31,2017-05-31,2017-05-31,2017-09-29,39161000,2924979000,2639906500,2326262000,598717000,0.682,10.669,-102929000,641062000,641062000,749586000,276796000,1.934,0.717,0,0,0,0,866630000,55283000,0,0.0,0.0,325081000,380364000,0.211,380364000,325081000,325081000,1.74,1.74,1.74,1680948000,1542760000,1680948000,10574362583,32,27.801,515208000,3.27,1.0,1049923000,0.583,21756000,0,1059480000,884868000,31742000,1550552000,1329685000,220867000,1204901000,1202681000,2220000,11283681583,-68191000,-2582000,542000,0,0,9349000,-672264000,-566753000,618137000,-23413000,274457000,274457000,274457000,0,2339000,0.153,787774000,262149000,24306000,0.0,6.713,41.113,41.19,282800000,0,71.67,6.27,6.275,11039000,1171109000,1799509000,1799509000,0,0.104,0.178,0.367,0.181,20287000,787774000,1.0,157439397,157551320,157986394,11.422,2903223000,28858000,50624000,53265000,18.427,1123581000
