ticker,dimension,calendardate,datekey,reportperiod,lastupdated,accoci,assets,assetsavg,assetsc,assetsnc,assetturnover,bvps,capex,cashneq,cashnequsd,cor,consolinc,currentratio,de,debt,debtc,debtnc,debtusd,deferredrev,depamor,deposits,divyield,dps,ebit,ebitda,ebitdamargin,ebitdausd,ebitusd,ebt,eps,epsdil,epsusd,equity,equityavg,equityusd,ev,evebit,evebitda,fcf,fcfps,fxusd,gp,grossmargin,intangibles,intexp,invcap,invcapavg,inventory,investments,investmentsc,investmentsnc,liabilities,liabilitiesc,liabilitiesnc,marketcap,ncf,ncfbus,ncfcommon,ncfdebt,ncfdiv,ncff,ncfi,ncfinv,ncfo,ncfx,netinc,netinccmn,netinccmnusd,netincdis,netincnci,netmargin,opex,opinc,payables,payoutratio,pb,pe,pe1,ppnenet,prefdivis,price,ps,ps1,receivables,retearn,revenue,revenueusd,rnd,roa,roe,roic,ros,sbcomp,sgna,sharefactor,sharesbas,shareswa,shareswadil,sps,tangibles,taxassets,taxexp,taxliabilities,tbvps,workingcapital
EGAN,MRY,2011-12-31,2011-06-30,2011-06-30,2018-05-11,-800000,28224000,24332250,21846000,6378000,1.811,0.25,-725000,12463000,12463000,10916000,8372000,1.214,3.695,10003000,6670000,3333000,10003000,5824000,598000,0,0.0,0.0,9798000,10396000,0.236,10396000,9798000,8568000,0.37,0.34,0.37,6012000,3024500,6012000,67230714,6,6.467,6057000,0.267,1.0,33149000,0.752,4880000,1230000,2885000,3183250,0,633000,633000,0,22212000,17999000,4213000,70864714,6691000,0,1653000,-272000,0,1381000,-1376000,-626000,6782000,-96000,8372000,8372000,8372000,0,0,0.19,23596000,9553000,924000,0.0,11.787,8.464,7.973,1015000,0,2.95,1.608,1.52,8197000,-318699000,44065000,44065000,5551000,0.344,2.768,3.078,0.222,218000,18045000,1.0,24021937,22709000,24289000,1.94,23344000,0,196000,0,0.971,3847000
EGAN,MRY,2012-12-31,2012-06-30,2012-06-30,2018-05-11,-750000,27943000,27121750,18231000,9712000,1.599,0.16,-1827000,9946000,9946000,13436000,-3822000,1.186,6.141,8896000,1666000,7230000,8896000,8083000,846000,0,0.0,0.0,-2710000,-1864000,-0.043,-1864000,-2710000,-3432000,-0.16,-0.16,-0.16,3913000,5403500,3913000,131112459,-48,-70.339,-826000,-0.034,1.0,29928000,0.69,4880000,722000,6642000,2367500,0,1000000,0,1000000,24030000,15371000,8659000,133105459,-2513000,0,317000,-1695000,0,-2378000,-1224000,605000,1001000,88000,-3822000,-3822000,-3822000,0,0,-0.088,31961000,-2033000,1875000,0.0,34.016,-34.826,-34.063,2295000,0,5.45,3.069,3.058,6535000,-322018000,43364000,43364000,6132000,-0.141,-0.707,-1.145,-0.062,856000,25829000,1.0,24423020,24329000,24329000,1.782,23063000,0,390000,0,0.943,2860000
EGAN,MRY,2013-12-31,2013-06-30,2013-06-30,2018-05-11,-1168000,43536000,38368500,32664000,10872000,1.535,0.239,-2465000,16235000,16235000,18006000,684000,1.066,6.271,7564000,5564000,2000000,7564000,19736000,1254000,0,0.0,0.0,1546000,2800000,0.048,2800000,1546000,1063000,0.03,0.03,0.03,5988000,3432250,5988000,231895778,149,82.82,7560000,0.305,1.0,40883000,0.694,4880000,483000,-658000,-3158750,0,1000000,0,1000000,37548000,30643000,6905000,240758778,6295000,0,730000,-1666000,0,-936000,-2460000,0,10025000,-334000,684000,684000,684000,0,0,0.012,39640000,1243000,2583000,0.0,40.207,351.987,320.667,3544000,0,9.62,4.088,4.048,12307000,-321334000,58889000,58889000,8419000,0.018,0.199,-0.489,0.026,1081000,31221000,1.0,25026900,24780000,26089000,2.376,38656000,0,379000,0,1.543,2021000
EGAN,MRY,2014-12-31,2014-06-30,2014-06-30,2018-05-11,-970000,32647000,34868500,22191000,10456000,2.015,0.12,-1772000,8815000,8815000,23462000,-5246000,0.922,9.707,6017000,1809000,4208000,6017000,13713000,2108000,0,0.0,0.0,-4474000,-2366000,-0.034,-2366000,-4474000,-4655000,-0.21,-0.21,-0.21,3049000,3906500,3049000,167557321,-37,-70.819,-6431000,-0.254,1.0,46800000,0.666,4880000,181000,893000,-3201250,0,0,0,0,29598000,24076000,5522000,172326321,-7421000,0,578000,-2727000,0,-1143000,-1773000,0,-4659000,154000,-5246000,-5246000,-5246000,0,0,-0.075,50859000,-4059000,2162000,0.0,56.519,-32.849,-32.238,4489000,0,6.77,2.453,2.443,11163000,-326580000,70262000,70262000,9963000,-0.15,-1.343,1.398,-0.064,1527000,40896000,1.0,25454405,25353000,25353000,2.771,27767000,0,591000,0,1.09,-1885000
EGAN,MRY,2015-12-31,2015-06-30,2015-06-30,2018-05-11,-1170000,49731000,50955500,24685000,25046000,1.49,0.041,-741000,9309000,9309000,29141000,-12429000,0.924,44.251,19530000,976000,18554000,19530000,15812000,5013000,0,0.0,0.0,-11275000,-6262000,-0.082,-6262000,-11275000,-12109000,-0.47,-0.47,-0.47,1099000,4722000,1099000,141824351,-12,-22.648,-11244000,-0.423,1.0,46772000,0.616,20806000,834000,12422000,9972000,0,0,0,0,48632000,26724000,21908000,134113351,-152000,-1905000,339000,13816000,0,13613000,-3425000,0,-10503000,163000,-12429000,-12429000,-12429000,0,0,-0.164,58058000,-11286000,1779000,0.0,122.032,-10.79,-10.66,3136000,0,5.01,1.767,1.756,13118000,-339009000,75913000,75913000,16042000,-0.244,-2.632,-1.131,-0.149,2317000,42016000,1.0,26769132,26609000,26609000,2.853,28925000,0,320000,0,1.076,-2039000
EGAN,MRY,2016-12-31,2016-06-30,2016-06-30,2018-05-11,-1663000,48063000,44243000,26354000,21709000,1.568,-0.158,-547000,11785000,11785000,23689000,-6240000,0.967,-12.238,21533000,1157000,20376000,21533000,15717000,4838000,0,0.0,0.0,-5145000,-307000,-0.004,-307000,-5145000,-7103000,-0.23,-0.23,-0.23,-4277000,-3607500,-4277000,87810228,-17,-286.027,1320000,0.049,1.0,45686000,0.659,18025000,1958000,12546000,14896750,0,0,0,0,52340000,27240000,25100000,76396228,3147000,0,172000,1829000,0,1731000,74000,0,1867000,-525000,-6240000,-6240000,-6240000,0,0,-0.09,51559000,-5873000,2099000,0.0,-17.862,-12.243,-12.261,1688000,0,2.82,1.101,1.1,11876000,-345249000,69375000,69375000,16063000,-0.141,1.73,-0.345,-0.074,1188000,35496000,1.0,27090861,27056000,27056000,2.564,30038000,0,-863000,0,1.109,-886000
EGAN,MRY,2017-12-31,2017-06-30,2017-06-30,2018-05-11,-1663000,39751000,40288500,20631000,19120000,1.445,-0.355,-492000,10633000,10633000,21199000,-6020000,0.729,-5.132,15757000,913000,14844000,15757000,23219000,3199000,0,0.0,0.0,-3757000,-558000,-0.01,-558000,-3757000,-5487000,-0.22,-0.22,-0.22,-9621000,-8153750,-9621000,53793027,-14,-96.403,4909000,0.181,1.0,37016000,0.636,15934000,1730000,630000,6014750,0,0,0,0,49372000,28311000,21061000,44724027,-1153000,0,11000,-5850000,0,-5969000,-492000,0,5401000,-93000,-6020000,-6020000,-6020000,0,0,-0.103,40741000,-3725000,2363000,0.0,-4.649,-7.429,-7.5,1059000,0,1.65,0.768,0.768,7201000,-351269000,58215000,58215000,13753000,-0.149,0.738,-0.625,-0.065,667000,26988000,1.0,27105471,27108000,27108000,2.148,23817000,0,533000,0,0.878,-7680000
