ticker,dimension,calendardate,datekey,reportperiod,lastupdated,accoci,assets,assetsavg,assetsc,assetsnc,assetturnover,bvps,capex,cashneq,cashnequsd,cor,consolinc,currentratio,de,debt,debtc,debtnc,debtusd,deferredrev,depamor,deposits,divyield,dps,ebit,ebitda,ebitdamargin,ebitdausd,ebitusd,ebt,eps,epsdil,epsusd,equity,equityavg,equityusd,ev,evebit,evebitda,fcf,fcfps,fxusd,gp,grossmargin,intangibles,intexp,invcap,invcapavg,inventory,investments,investmentsc,investmentsnc,liabilities,liabilitiesc,liabilitiesnc,marketcap,ncf,ncfbus,ncfcommon,ncfdebt,ncfdiv,ncff,ncfi,ncfinv,ncfo,ncfx,netinc,netinccmn,netinccmnusd,netincdis,netincnci,netmargin,opex,opinc,payables,payoutratio,pb,pe,pe1,ppnenet,prefdivis,price,ps,ps1,receivables,retearn,revenue,revenueusd,rnd,roa,roe,roic,ros,sbcomp,sgna,sharefactor,sharesbas,shareswa,shareswadil,sps,tangibles,taxassets,taxexp,taxliabilities,tbvps,workingcapital
EGHT,MRY,2011-12-31,2011-03-31,2011-03-31,2018-02-01,-73000,26584000,26949250,22076000,4508000,2.604,0.255,-2051000,16474000,16474000,22623000,6494000,2.066,0.676,0,0,0,0,835000,1329000,0,0.0,0.0,6549000,7878000,0.112,7878000,6549000,6549000,0.1,0.1,0.1,15861000,15731500,15861000,156861419,23,19.911,6538000,0.104,1.0,47540000,0.678,1424000,0,-1998000,-3407500,2105000,1927000,1927000,0,10723000,10684000,39000,175447419,-1582000,-998000,-4769000,-38000,0,-4807000,-5364000,-2315000,8589000,0,6494000,6494000,6494000,0,0,0.093,41296000,6244000,4551000,0.0,11.062,27.017,28.1,2398000,0,2.81,2.501,2.527,863000,-192346000,70163000,70163000,4819000,0.241,0.413,-1.922,0.093,458000,36477000,1.0,62436804,63087000,65873000,1.112,25160000,0,55000,1828000,0.404,11392000
EGHT,MRY,2012-12-31,2012-03-31,2012-03-31,2018-02-01,-58000,130733000,72069000,35886000,94847000,1.157,1.688,-2300000,22426000,22426000,25796000,69228000,2.938,0.104,0,0,0,0,891000,2323000,0,0.0,0.0,6874000,9197000,0.11,9197000,6874000,6874000,1.04,0.99,1.04,118450000,59666250,118450000,272020363,39,29.577,6911000,0.104,1.0,57576000,0.691,36772000,0,59320000,12692750,581000,1942000,1942000,0,12283000,12215000,68000,292052363,5952000,-713000,1000,-275000,0,-274000,-2985000,0,9211000,0,69228000,69228000,69228000,1452000,0,0.83,48945000,8631000,5476000,0.0,2.466,4.219,4.038,3820000,0,4.2,3.503,3.346,2279000,-123118000,83372000,83372000,6745000,0.961,1.16,0.542,0.082,1506000,42200000,1.0,69536277,66413000,70149000,1.255,93961000,61707000,-62354000,1472000,1.339,23671000
EGHT,MRY,2013-12-31,2013-03-31,2013-03-31,2018-02-01,-36000,152611000,146724250,63670000,88941000,0.707,1.904,-5868000,50305000,50305000,31729000,13939000,4.636,0.114,0,0,0,0,1236000,3951000,0,0.0,0.0,23338000,27289000,0.263,27289000,23338000,23338000,0.2,0.19,0.2,137033000,132401250,137033000,447597806,19,16.402,25920000,0.363,1.0,72057000,0.694,35344000,0,53227000,55609750,511000,1964000,1964000,0,15578000,13735000,1843000,492154806,27879000,0,1996000,-86000,0,1959000,-5868000,0,31788000,0,13939000,13939000,13939000,-489000,0,0.134,49313000,22744000,5644000,0.0,3.592,35.308,34.25,6673000,0,6.85,4.742,4.712,3880000,-109179000,103786000,103786000,8147000,0.095,0.105,0.42,0.225,2585000,54131000,1.0,71847417,71390000,74700000,1.454,117267000,52448000,9399000,1912000,1.629,49935000
EGHT,MRY,2014-12-31,2014-03-31,2014-03-31,2018-02-01,430000,299203000,228733250,116933000,182270000,0.562,3.16,-3608000,59159000,59159000,37615000,2514000,6.453,0.076,0,0,0,0,3142000,4357000,0,0.0,0.0,4733000,9090000,0.071,9090000,4733000,4733000,0.03,0.03,0.03,278178000,210021250,278178000,777813128,164,85.568,11309000,0.144,1.0,90982000,0.707,53556000,0,168367000,81449500,811000,119202000,47181000,72021000,21025000,18121000,2904000,949927128,8854000,-15474000,130428000,-85000,0,130485000,-136467000,-117385000,14917000,-81000,2514000,2514000,2514000,-916000,0,0.02,87907000,3075000,6789000,0.0,3.415,377.855,360.333,7711000,0,10.81,7.387,6.583,5503000,-106665000,128597000,128597000,11633000,0.011,0.012,0.058,0.037,7453000,76274000,1.0,87874850,78310000,81658000,1.642,245647000,49862000,2219000,2323000,2.791,98812000
EGHT,MRY,2015-12-31,2015-03-31,2015-03-31,2018-02-01,-2109000,295624000,303532250,191596000,104028000,0.535,3.06,-6550000,53110000,53110000,45564000,1926000,8.777,0.086,0,0,0,0,1999000,6113000,0,0.0,0.0,4715000,10828000,0.067,10828000,4715000,4715000,0.02,0.02,0.02,272211000,280796250,272211000,702289848,148,64.859,14690000,0.165,1.0,116849000,0.719,49147000,0,171537000,177548750,704000,123984000,123984000,0,23413000,21830000,1583000,754887848,-6049000,0,-14916000,-149000,0,-14914000,-12261000,-5711000,21240000,-114000,1926000,1926000,1926000,0,0,0.012,112967000,3882000,7775000,0.0,2.773,391.946,420.0,10248000,0,8.4,4.648,4.607,6642000,-104739000,162413000,162413000,15118000,0.006,0.007,0.027,0.029,9196000,98849000,1.0,89867601,89071000,91652000,1.823,246477000,47623000,2789000,2800000,2.771,169766000
EGHT,MRY,2016-12-31,2016-03-31,2016-03-31,2018-02-01,-4184000,313452000,305672000,185900000,127552000,0.685,3.147,-6989000,33576000,33576000,57246000,-5120000,5.352,0.139,0,0,0,0,2079000,9007000,0,0.0,0.0,-5967000,3040000,0.015,3040000,-5967000,-5967000,-0.06,-0.06,-0.06,275306000,272190750,275306000,866007778,-145,284.871,16578000,0.187,1.0,152090000,0.727,68884000,0,176258000,174805500,520000,129274000,129274000,0,38146000,34734000,3412000,889873778,-19534000,-23246000,-6826000,-446000,0,-7248000,-36295000,-6060000,23567000,442000,-5120000,-5120000,-5120000,0,0,-0.024,159164000,-7074000,10954000,0.0,3.232,-173.803,-167.667,12375000,0,10.06,4.251,4.252,11070000,-109859000,209336000,209336000,24040000,-0.017,-0.019,-0.034,-0.029,16110000,135124000,1.0,88456638,88477000,88477000,2.366,244568000,48571000,-847000,5200000,2.796,151166000
EGHT,MRY,2017-12-31,2017-03-31,2017-03-31,2018-02-01,-9642000,333855000,323845500,197354000,136501000,0.782,3.165,-14367000,41030000,41030000,62114000,-4751000,4.553,0.157,0,0,0,0,2144000,10437000,0,0.0,0.0,-4877000,5560000,0.022,5560000,-4877000,-4877000,-0.05,-0.05,-0.05,288601000,282295000,288601000,1353268779,-277,243.394,14111000,0.156,1.0,191274000,0.755,63174000,0,186307000,188402000,0,133959000,133959000,0,45254000,43344000,1910000,1386725779,7454000,-2884000,2084000,-674000,0,1596000,-22194000,-4943000,28478000,-426000,-4751000,-4751000,-4751000,0,0,-0.019,197943000,-6669000,18631000,0.0,4.805,-291.881,-305.0,24061000,0,15.25,5.473,5.437,14264000,-114610000,253388000,253388000,27452000,-0.015,-0.017,-0.026,-0.019,20976000,170491000,1.0,90932838,90340000,90340000,2.805,270681000,48859000,-126000,5354000,2.969,154010000
