ticker,dimension,calendardate,datekey,reportperiod,lastupdated,accoci,assets,assetsavg,assetsc,assetsnc,assetturnover,bvps,capex,cashneq,cashnequsd,cor,consolinc,currentratio,de,debt,debtc,debtnc,debtusd,deferredrev,depamor,deposits,divyield,dps,ebit,ebitda,ebitdamargin,ebitdausd,ebitusd,ebt,eps,epsdil,epsusd,equity,equityavg,equityusd,ev,evebit,evebitda,fcf,fcfps,fxusd,gp,grossmargin,intangibles,intexp,invcap,invcapavg,inventory,investments,investmentsc,investmentsnc,liabilities,liabilitiesc,liabilitiesnc,marketcap,ncf,ncfbus,ncfcommon,ncfdebt,ncfdiv,ncff,ncfi,ncfinv,ncfo,ncfx,netinc,netinccmn,netinccmnusd,netincdis,netincnci,netmargin,opex,opinc,payables,payoutratio,pb,pe,pe1,ppnenet,prefdivis,price,ps,ps1,receivables,retearn,revenue,revenueusd,rnd,roa,roe,roic,ros,sbcomp,sgna,sharefactor,sharesbas,shareswa,shareswadil,sps,tangibles,taxassets,taxexp,taxliabilities,tbvps,workingcapital
EIG,MRY,2011-12-31,2011-12-31,2011-12-31,2018-04-28,116719000,3482310000,3493434250,,,0.133,13.246,-4291000,258599000,258599000,262511000,48623000,,6.538,122000000,,,122000000,194933000,6388000,0,0.013,0.24,50159000,56547000,0.122,56547000,50159000,46517000,1.3,1.3,1.3,461983000,488137500,461983000,549924237,10,9.725,38093000,1.092,1.0,201643000,0.434,47920000,3642000,3297791000,3360154750,0,1950745000,,,3020327000,,,630950237,132475000,0,-90956000,-10000000,-8943000,-109899000,199990000,193631000,42384000,0,48623000,48623000,48623000,0,0,0.105,151484000,50159000,14994000,0.185,1.366,12.976,13.915,11360000,0,18.09,1.359,1.359,160443000,346490000,464154000,464154000,0,0.014,0.1,0.015,0.108,3742000,151484000,1.0,34878399,34878399,,13.308,3434390000,24133000,-2106000,0,98.468,
EIG,MRY,2012-12-31,2012-12-31,2012-12-31,2018-04-28,129549000,3511339000,3536398750,,,0.164,17.556,-4890000,146014000,146014000,287910000,106891000,,5.51,112000000,,,112000000,265149000,5601000,0,0.012,0.24,101048000,106649000,0.184,106649000,101048000,97544000,3.4,3.37,3.4,539381000,483242000,539381000,505601805,5,4.741,126359000,4.113,1.0,291272000,0.503,46750000,3504000,3430575000,3403021750,0,2149514000,,,2971958000,,,632305805,-111639000,0,-40956000,-10000000,-7508000,-58464000,-184424000,-179534000,131249000,0,106891000,106891000,106891000,0,0,0.185,190224000,101048000,19522000,0.071,1.172,5.915,6.053,14680000,0,20.58,1.092,1.092,223011000,445850000,579182000,579182000,0,0.03,0.221,0.03,0.174,6141000,190224000,1.0,30724286,30724286,,18.851,3464589000,26231000,-9347000,0,112.764,
EIG,MRY,2013-12-31,2013-12-31,2013-12-31,2018-04-28,90418000,3643449000,3620080750,,,0.2,18.221,-4200000,41067000,41067000,463600000,63800000,,5.407,102000000,,,102000000,303967000,6100000,0,0.008,0.24,56300000,62400000,0.086,62400000,56300000,53100000,2.05,2.0,2.05,568703000,548813750,568703000,993919205,17,15.928,162300000,5.2,1.0,259900000,0.359,45877000,3200000,3658505000,3587334500,0,2344858000,,,3074746000,,,987820205,-106200000,0,6500000,-11600000,-7500000,-12600000,-260100000,-255900000,166500000,0,63800000,63800000,63800000,0,0,0.088,203600000,56300000,18711000,0.117,1.737,15.483,15.439,16616000,0,31.65,1.365,1.365,279080000,502198000,723500000,723500000,0,0.018,0.116,0.016,0.078,5600000,203600000,1.0,31210749,31210749,,23.181,3597572000,58062000,-10700000,0,115.267,
EIG,MRY,2014-12-31,2014-12-31,2014-12-31,2018-04-28,106900000,3769700000,3753107750,,,0.206,21.81,-10500000,114400000,114400000,453400000,100700000,,4.489,92000000,,,92000000,310800000,7000000,0,0.01,0.24,109600000,116600000,0.151,116600000,109600000,106600000,3.19,3.14,3.19,686800000,643126500,686800000,762525392,6,6.54,161400000,5.126,1.0,320100000,0.414,45200000,3000000,3702100000,3732238500,0,2448400000,,,3082900000,,,740317392,69100000,0,1600000,-11300000,-7600000,-16100000,-86700000,-76200000,171900000,0,100700000,100700000,100700000,0,0,0.13,210500000,109600000,20400000,0.075,1.078,7.352,7.37,21000000,0,23.51,0.957,0.957,295800000,595300000,773500000,773500000,0,0.027,0.157,0.029,0.142,4800000,210500000,1.0,31489468,31489468,,24.564,3724500000,49700000,5900000,0,118.278,
EIG,MRY,2015-12-31,2015-12-31,2015-12-31,2018-04-28,83600000,3755800000,3793550000,,,0.198,23.717,-11500000,59100000,59100000,429400000,94400000,,3.937,32000000,,,32000000,308900000,8300000,0,0.009,0.24,102100000,110400000,0.147,110400000,102100000,99400000,2.94,2.9,2.94,760800000,727700000,760800000,908441493,8,8.229,104900000,3.27,1.0,322700000,0.429,44700000,2700000,3684000000,3764650000,0,2487200000,,,2995000000,,,875741493,-47000000,0,4800000,-60500000,-7700000,-62200000,-101200000,-89700000,116400000,0,94400000,94400000,94400000,0,0,0.126,220600000,102100000,24100000,0.082,1.151,9.277,9.286,24900000,0,27.3,1.164,1.164,301100000,682000000,752100000,752100000,0,0.025,0.13,0.027,0.136,3400000,220600000,1.0,32078443,32078443,,23.446,3711100000,67900000,5000000,0,115.688,
EIG,MRY,2016-12-31,2016-12-31,2016-12-31,2018-04-28,74500000,3773400000,3806725000,,,0.205,26.197,-5000000,70800000,70800000,417900000,106700000,,3.489,32000000,,,32000000,310300000,8500000,0,0.009,0.36,142300000,150800000,0.193,150800000,142300000,140700000,3.29,3.24,3.29,840600000,834925000,840600000,1215874464,8,8.063,117800000,3.671,1.0,361900000,0.464,44400000,1600000,3690200000,3703400000,0,2552600000,,,2932800000,,,1270674464,10600000,0,-12100000,0,-11500000,-23600000,-88600000,-83600000,122800000,0,106700000,106700000,106700000,0,0,0.137,219600000,142300000,24200000,0.109,1.512,11.909,12.036,22200000,0,39.6,1.629,1.629,304700000,777200000,779800000,779800000,0,0.028,0.128,0.038,0.182,5800000,219600000,1.0,32087739,32087739,,24.302,3729000000,59400000,34000000,0,116.213,
EIG,MRY,2017-12-31,2017-12-31,2017-12-31,2018-04-28,107400000,3840100000,3833475000,,,0.209,29.222,-8200000,74300000,74300000,417200000,101200000,,3.052,20000000,,,20000000,318300000,8200000,0,0.014,0.6,145400000,153600000,0.192,153600000,145400000,144000000,3.11,3.06,3.11,947700000,907875000,947700000,1389419350,9,9.046,134100000,4.135,1.0,384200000,0.479,44100000,1400000,3741700000,3749650000,0,2677700000,,,2892400000,,,1439919350,6100000,0,3800000,-10100000,-19700000,-26000000,-110200000,-107800000,142300000,0,101200000,101200000,101200000,0,0,0.126,238800000,145400000,23700000,0.193,1.519,14.228,14.277,13900000,0,44.4,1.797,1.797,326700000,842200000,801400000,801400000,0,0.026,0.111,0.039,0.181,6800000,231300000,1.0,32430616,32430616,,24.711,3796000000,28700000,42800000,0,117.05,
