ticker,dimension,calendardate,datekey,reportperiod,lastupdated,accoci,assets,assetsavg,assetsc,assetsnc,assetturnover,bvps,capex,cashneq,cashnequsd,cor,consolinc,currentratio,de,debt,debtc,debtnc,debtusd,deferredrev,depamor,deposits,divyield,dps,ebit,ebitda,ebitdamargin,ebitdausd,ebitusd,ebt,eps,epsdil,epsusd,equity,equityavg,equityusd,ev,evebit,evebitda,fcf,fcfps,fxusd,gp,grossmargin,intangibles,intexp,invcap,invcapavg,inventory,investments,investmentsc,investmentsnc,liabilities,liabilitiesc,liabilitiesnc,marketcap,ncf,ncfbus,ncfcommon,ncfdebt,ncfdiv,ncff,ncfi,ncfinv,ncfo,ncfx,netinc,netinccmn,netinccmnusd,netincdis,netincnci,netmargin,opex,opinc,payables,payoutratio,pb,pe,pe1,ppnenet,prefdivis,price,ps,ps1,receivables,retearn,revenue,revenueusd,rnd,roa,roe,roic,ros,sbcomp,sgna,sharefactor,sharesbas,shareswa,shareswadil,sps,tangibles,taxassets,taxexp,taxliabilities,tbvps,workingcapital
EL,MRY,2011-12-31,2011-06-30,2011-06-30,2018-05-02,17700000,6273900000,6022425000,3686500000,2587400000,1.463,6.674,-351000000,1253000000,1253000000,1936900000,703800000,1.897,1.379,1218100000,138000000,1080100000,1218100000,0,294400000,0,0.007,0.375,1086400000,1380800000,0.157,1380800000,1086400000,1022500000,1.78,1.74,1.78,2629400000,2411425000,2629400000,20806248548,19,15.068,676000000,1.716,1.0,6873100000,0.78,1104800000,63900000,3190900000,3265525000,995600000,0,0,0,3626900000,1943300000,1683600000,20677748548,132300000,-256100000,-240500000,-16100000,-148000000,-313100000,-606900000,200000,1027000000,25300000,700800000,700800000,700800000,0,3000000,0.08,5783700000,1089400000,446700000,0.211,7.864,29.506,29.548,1143100000,0,52.595,2.347,2.352,945600000,4113700000,8810000000,8810000000,0,0.116,0.291,0.333,0.123,45100000,5696700000,1.0,393150462,394000000,402400000,22.36,5169100000,0,321700000,192300000,13.12,1743200000
EL,MRY,2012-12-31,2012-06-30,2012-06-30,2018-05-02,-212900000,6593000000,6418025000,3855100000,2737900000,1.513,7.021,-420700000,1347700000,1347700000,1995800000,860500000,1.813,1.407,1288100000,219000000,1069100000,1288100000,0,295800000,0,0.01,0.525,1318600000,1614400000,0.166,1614400000,1318600000,1257500000,2.2,2.16,2.2,2733200000,2667575000,2733200000,21055302737,15,13.042,706000000,1.816,1.0,7717800000,0.795,1072700000,61100000,3334900000,3452400000,983600000,0,0,0,3845500000,2125800000,1719700000,21038202737,94700000,-7600000,-501900000,67500000,-204000000,-585100000,-428300000,0,1126700000,-18600000,856900000,856900000,856900000,0,3600000,0.088,6406100000,1311700000,493800000,0.239,7.697,24.552,24.6,1231800000,0,54.12,2.166,2.166,1060300000,4764900000,9713600000,9713600000,0,0.134,0.321,0.382,0.136,66900000,6324800000,1.0,388732497,388700000,397000000,24.99,5520300000,0,400600000,203500000,14.18,1729300000
EL,MRY,2013-12-31,2013-06-30,2013-06-30,2018-05-02,-157500000,7145200000,7104500000,4297200000,2848000000,1.433,8.474,-461000000,1495700000,1495700000,2025900000,1023800000,2.221,1.169,1344300000,18300000,1326000000,1344300000,0,336900000,0,0.016,1.08,1553400000,1890300000,0.186,1890300000,1553400000,1471200000,2.63,2.58,2.63,3286900000,3154025000,3286900000,25420492230,16,13.448,765300000,1.974,1.0,8155800000,0.801,1051100000,82200000,4008100000,4091475000,1113900000,0,0,0,3843300000,1934600000,1908700000,25509892230,148000000,-8700000,-296600000,54600000,-419200000,-611500000,-465500000,4200000,1226300000,-1300000,1019800000,1019800000,1019800000,0,4000000,0.1,6629800000,1526000000,481700000,0.411,7.761,25.015,25.008,1350700000,0,65.77,2.505,2.504,1171700000,5364100000,10181700000,10181700000,0,0.144,0.323,0.38,0.153,91900000,6597000000,1.0,387865170,387600000,394900000,26.269,6094100000,0,451400000,0,15.71,2362600000
EL,MRY,2014-12-31,2014-06-30,2014-06-30,2018-05-02,-100300000,7868800000,7719125000,4825200000,3043600000,1.421,10.068,-510200000,1629100000,1629100000,2158200000,1209100000,2.346,1.037,1343100000,18400000,1324700000,1343100000,0,384600000,0,0.011,0.78,1831200000,2215800000,0.202,2215800000,1831200000,1771800000,3.12,3.06,3.12,3854900000,3746650000,3854900000,28242518318,15,12.746,1025000000,2.654,1.0,8810600000,0.803,1050500000,59400000,4475600000,4421375000,1294000000,13600000,0,13600000,3999400000,2056700000,1942700000,28426618318,133400000,-9200000,-582400000,-6700000,-301800000,-856900000,-511600000,7800000,1535200000,-33300000,1204100000,1204100000,1204100000,0,5000000,0.11,6983000000,1827600000,524500000,0.25,7.374,23.608,23.801,1502600000,0,74.26,2.592,2.615,1379300000,6265800000,10968800000,10968800000,0,0.156,0.321,0.414,0.167,112400000,6985900000,1.0,382798523,386200000,393100000,28.402,6818300000,0,567700000,0,17.807,2768500000
EL,MRY,2015-12-31,2015-06-30,2015-06-30,2018-05-02,-381500000,8226900000,7960725000,4183600000,4043300000,1.354,9.666,-473000000,1021400000,1021400000,2100000000,1094000000,1.964,1.255,1624900000,29800000,1595100000,1624900000,0,409000000,0,0.011,0.92,1616000000,2025000000,0.188,2025000000,1616000000,1556000000,2.87,2.82,2.87,3643200000,3774125000,3643200000,32956503697,20,16.275,1470000000,3.876,1.0,8680000000,0.805,1471400000,60000000,5229200000,4819475000,1215800000,924000000,503700000,420300000,4572600000,2129800000,2442800000,32792003697,-608000000,-241000000,-882000000,295000000,-350000000,-895000000,-1616000000,-902000000,1943000000,-40000000,1089000000,1089000000,1089000000,0,5000000,0.101,7074000000,1606000000,635400000,0.321,9.001,30.112,30.195,1490200000,0,86.66,3.042,3.049,1174500000,7004100000,10780000000,10780000000,0,0.137,0.289,0.335,0.15,117000000,7074000000,1.0,378398381,379300000,385700000,28.421,6755500000,0,467000000,0,17.924,2053800000
EL,MRY,2016-12-31,2016-06-30,2016-06-30,2018-05-02,-545000000,9223000000,8761700000,4225000000,4998000000,1.285,9.685,-525000000,914000000,914000000,2181000000,1121000000,1.576,1.578,2242000000,332000000,1910000000,2242000000,0,415000000,0,0.013,1.14,1620000000,2035000000,0.181,2035000000,1620000000,1549000000,3.01,2.96,3.01,3572000000,3619500000,3572000000,34977025375,21,17.188,1264000000,3.416,1.0,9081000000,0.806,1572000000,71000000,6298000000,6096500000,1264000000,1577000000,469000000,1108000000,5636000000,2681000000,2955000000,33608025375,-107000000,-101000000,-805000000,604000000,-423000000,-605000000,-1269000000,-643000000,1789000000,-22000000,1115000000,1115000000,1115000000,0,6000000,0.099,7471000000,1610000000,717000000,0.379,9.409,30.142,30.239,1583000000,0,91.02,2.984,2.99,1258000000,7693000000,11262000000,11262000000,0,0.127,0.308,0.266,0.144,161000000,7338000000,1.0,369237809,370000000,376600000,30.438,7651000000,0,434000000,0,20.746,1544000000
EL,MRY,2017-12-31,2017-06-30,2017-06-30,2018-05-02,-484000000,11568000000,10893250000,4964000000,6604000000,1.085,11.913,-492000000,1136000000,1136000000,2437000000,1256000000,1.758,1.635,3572000000,189000000,3383000000,3572000000,0,464000000,0,0.014,1.32,1713000000,2177000000,0.184,2177000000,1713000000,1610000000,3.4,3.35,3.4,4384000000,3988250000,4384000000,38061547417,22,17.483,1308000000,3.563,1.0,9387000000,0.794,3243000000,103000000,7938000000,7285500000,1479000000,1631000000,605000000,1026000000,7166000000,2823000000,4343000000,35304547417,222000000,-1681000000,-272000000,1346000000,-486000000,630000000,-2214000000,-41000000,1800000000,6000000,1249000000,1249000000,1249000000,0,7000000,0.106,7695000000,1692000000,835000000,0.388,8.053,28.266,28.229,1671000000,0,95.98,2.986,2.98,1395000000,8452000000,11824000000,11824000000,0,0.115,0.313,0.235,0.145,174000000,7469000000,1.0,367832334,367100000,373000000,32.209,8325000000,0,361000000,0,22.622,2141000000
