ticker,dimension,calendardate,datekey,reportperiod,lastupdated,accoci,assets,assetsavg,assetsc,assetsnc,assetturnover,bvps,capex,cashneq,cashnequsd,cor,consolinc,currentratio,de,debt,debtc,debtnc,debtusd,deferredrev,depamor,deposits,divyield,dps,ebit,ebitda,ebitdamargin,ebitdausd,ebitusd,ebt,eps,epsdil,epsusd,equity,equityavg,equityusd,ev,evebit,evebitda,fcf,fcfps,fxusd,gp,grossmargin,intangibles,intexp,invcap,invcapavg,inventory,investments,investmentsc,investmentsnc,liabilities,liabilitiesc,liabilitiesnc,marketcap,ncf,ncfbus,ncfcommon,ncfdebt,ncfdiv,ncff,ncfi,ncfinv,ncfo,ncfx,netinc,netinccmn,netinccmnusd,netincdis,netincnci,netmargin,opex,opinc,payables,payoutratio,pb,pe,pe1,ppnenet,prefdivis,price,ps,ps1,receivables,retearn,revenue,revenueusd,rnd,roa,roe,roic,ros,sbcomp,sgna,sharefactor,sharesbas,shareswa,shareswadil,sps,tangibles,taxassets,taxexp,taxliabilities,tbvps,workingcapital
ELMD,MRY,2011-12-31,2011-06-30,2011-06-30,2018-05-09,0,20868932,19945963,16634058,4234874,0.953,1.816,-451503,4091739,4091739,5226001,1055577,3.769,0.419,3788497,2206395,1582102,3788497,0,335620,0,0.0,0.0,1869909,2205529,0.116,2205529,1869909,1678577,0.14,0.13,0.14,14706323,14162398,14706323,26174940,13,11.868,-1866607,-0.239,1.0,13777506,0.725,1235828,191332,14916355,13568068,1855957,0,0,0,6162609,4413507,1749102,26729620,3481012,0,6449513,-435968,0,6006829,-1110713,0,-1415104,0,1055577,1055577,1055577,0,0,0.056,11907597,1869909,733621,0.0,1.818,25.322,23.571,2807082,0,3.3,1.407,1.357,9593105,1853450,19003507,19003507,1033693,0.053,0.075,0.138,0.098,156169,10873904,1.0,8099885,7816367,7841006,2.431,19633104,722000,623000,167000,2.424,12220551
ELMD,MRY,2012-12-31,2012-06-30,2012-06-30,2018-05-09,0,20921024,20909903,16302037,4618987,0.934,1.859,-786550,1702435,1702435,5379410,186606,3.909,0.387,3412151,2022148,1390003,3412151,0,408630,0,0.0,0.0,606337,1014967,0.052,1014967,606337,437606,0.02,0.02,0.02,15080335,15093558,15080335,19169819,31,18.887,-1958327,-0.242,1.0,14145079,0.724,1174033,168731,17286021,17142767,2392416,0,0,0,5840689,4170686,1670003,17039929,-2389304,0,51801,-409264,0,-368776,-848751,0,-1171777,0,186606,186606,186606,0,0,0.01,13538742,606337,749985,0.0,1.13,91.315,105.0,3170014,0,2.1,0.873,0.872,10850859,2040056,19524489,19524489,920769,0.009,0.012,0.035,0.031,135605,12617973,1.0,8114252,8107723,8113175,2.408,19746991,996744,251000,280000,2.434,12131351
ELMD,MRY,2013-12-31,2013-06-30,2013-06-30,2018-05-09,0,17555827,18996452,12421329,5134498,0.795,1.716,-1016624,503564,503564,4655372,-1329276,5.663,0.261,1389995,57540,1332455,1389995,0,459817,0,0.0,0.0,-1827393,-1367576,-0.091,-1367576,-1827393,-1944276,-0.16,-0.16,-0.16,13926861,14490268,13926861,11767411,-6,-8.605,860033,0.106,1.0,10449050,0.692,1080734,116883,15168013,15919218,1379594,0,0,0,3628966,2193511,1435455,10305100,-1198871,0,0,-2022156,0,-2022156,-1053372,0,1876657,0,-1329276,-1329276,-1329276,0,0,-0.088,12276443,-1827393,643681,0.0,0.74,-7.752,-7.938,3743675,0,1.27,0.682,0.682,9014043,710780,15104422,15104422,603375,-0.07,-0.092,-0.115,-0.121,175802,11673068,1.0,8114252,8114252,8114252,1.861,16475093,1095285,-615000,103000,2.03,10227818
ELMD,MRY,2014-12-31,2014-06-30,2014-06-30,2018-05-09,0,15792166,16674520,10623318,5168848,0.929,1.568,-895177,1502702,1502702,4853873,-1288594,5.835,0.241,1297567,46375,1251192,1297567,0,567341,0,0.0,0.0,-740592,-173251,-0.011,-173251,-740592,-819594,-0.16,-0.16,-0.16,12720495,13047662,12720495,12058456,-16,-69.601,1172011,0.144,1.0,10634002,0.687,1039413,79002,12727139,13527333,2235496,0,0,0,3071671,1820479,1251192,11522237,999138,0,0,-92428,0,-127724,-940326,0,2067188,0,-1288594,-1288594,-1288594,0,0,-0.083,11374594,-740592,380582,0.0,0.906,-8.942,-8.875,3935802,0,1.42,0.744,0.744,6487267,-577814,15487875,15487875,466063,-0.077,-0.099,-0.055,-0.048,82228,10908531,1.0,8114252,8114252,8114252,1.909,14752753,0,469000,0,1.818,8802839
ELMD,MRY,2015-12-31,2015-06-30,2015-06-30,2018-05-09,0,17405054,16897248,12586997,4818057,1.149,1.715,-523185,3598240,3598240,5808158,1092486,5.522,0.25,1251195,48749,1202446,1251195,0,613304,0,0.0,0.0,1310196,1923500,0.099,1923500,1310196,1224486,0.13,0.13,0.13,13923331,13558062,13923331,13405717,10,6.969,2258029,0.278,1.0,13600227,0.701,999842,85710,11778890,12338855,2072108,0,0,0,3481723,2279277,1202446,15047635,2095538,0,0,-46372,0,-61169,-624507,0,2781214,0,1092486,1092486,1092486,0,0,0.056,12290031,1310196,538518,0.0,1.081,13.774,14.231,3635516,0,1.85,0.775,0.774,6518816,514672,19408385,19408385,315647,0.065,0.081,0.106,0.068,110350,11974384,1.0,8133857,8115595,8153703,2.391,16405212,0,132000,122657,2.02,10307720
ELMD,MRY,2016-12-31,2016-06-30,2016-06-30,2018-05-09,0,20577517,19315079,15827536,4749981,1.19,2.01,-534944,5123355,5123355,5115736,2212502,5.151,0.258,1192704,46309,1146395,1192704,0,616021,0,0.0,0.0,3109308,3725329,0.162,3725329,3109308,3042502,0.27,0.27,0.27,16358596,15513815,16358596,27882938,8,7.485,1631959,0.201,1.0,17876263,0.777,904033,66806,12670307,12371616,2480443,0,0,0,4218921,3072526,1146395,31602252,1525115,0,0,-48747,0,-62267,-579521,0,2166903,0,2212502,2212502,2212502,0,0,0.096,14766955,3109308,589225,0.0,1.932,14.283,14.296,3375189,0,3.86,1.374,1.366,7611437,2727174,22991999,22991999,380392,0.115,0.143,0.251,0.135,222763,14386563,1.0,8187112,8135514,8248391,2.826,19673484,535685,830000,0,2.417,12755010
ELMD,MRY,2017-12-31,2017-06-30,2017-06-30,2018-05-09,0,23060649,21342216,18476272,4584377,1.212,2.333,-618763,5573709,5573709,5292715,2229472,6.38,0.209,1147828,50703,1097125,1147828,0,636709,0,0.0,0.0,3569339,4206048,0.163,4206048,3569339,3519472,0.27,0.26,0.27,19067550,17742568,19067550,41270004,11,9.812,572358,0.07,1.0,20568429,0.795,721276,49867,15017518,14328950,2559485,0,0,0,3993099,2895974,1097125,45512823,450354,0,0,-48747,0,-53619,-687148,0,1191121,0,2229472,2229472,2229472,0,0,0.086,16999090,3569339,663376,0.0,2.387,20.414,20.481,3303233,0,5.53,1.76,1.747,9949759,4956646,25861144,25861144,596876,0.104,0.126,0.249,0.138,479482,16402214,1.0,8230167,8168152,8461120,3.166,22339373,460000,1290000,156524,2.734,15580298
