ticker,dimension,calendardate,datekey,reportperiod,lastupdated,accoci,assets,assetsavg,assetsc,assetsnc,assetturnover,bvps,capex,cashneq,cashnequsd,cor,consolinc,currentratio,de,debt,debtc,debtnc,debtusd,deferredrev,depamor,deposits,divyield,dps,ebit,ebitda,ebitdamargin,ebitdausd,ebitusd,ebt,eps,epsdil,epsusd,equity,equityavg,equityusd,ev,evebit,evebitda,fcf,fcfps,fxusd,gp,grossmargin,intangibles,intexp,invcap,invcapavg,inventory,investments,investmentsc,investmentsnc,liabilities,liabilitiesc,liabilitiesnc,marketcap,ncf,ncfbus,ncfcommon,ncfdebt,ncfdiv,ncff,ncfi,ncfinv,ncfo,ncfx,netinc,netinccmn,netinccmnusd,netincdis,netincnci,netmargin,opex,opinc,payables,payoutratio,pb,pe,pe1,ppnenet,prefdivis,price,ps,ps1,receivables,retearn,revenue,revenueusd,rnd,roa,roe,roic,ros,sbcomp,sgna,sharefactor,sharesbas,shareswa,shareswadil,sps,tangibles,taxassets,taxexp,taxliabilities,tbvps,workingcapital
ELTK,MRY,2011-12-31,2011-12-31,2011-12-31,2018-04-30,2622000,22869000,23353000,14566000,8303000,2.005,3.503,-882000,892000,892000,38101000,1815000,0.891,3.91,6460000,4856000,1604000,6460000,0,2091000,0,0.0,0.0,2617000,4708000,0.101,4708000,2617000,1877000,1.4,1.4,1.4,4631000,3890000,4631000,15188528,5,3.226,1532000,1.159,1.0,8729000,0.186,518000,740000,11566000,11905500,4434000,0,0,0,18107000,16353000,1754000,8586528,-621000,0,0,-2002000,0,-2002000,-882000,0,2414000,-151000,1846000,1846000,1846000,0,-31000,0.039,6155000,2574000,6456000,0.0,1.854,4.651,4.639,7746000,0,6.495,0.183,0.183,8885000,-14398000,46830000,46830000,0,0.079,0.475,0.22,0.056,0,6155000,1.0,1322021,1322021,1322021,35.423,22351000,0,31000,0,16.907,-1787000
ELTK,MRY,2012-12-31,2012-12-31,2012-12-31,2018-04-30,2713000,23449000,23159000,14258000,9191000,1.971,4.094,-1234000,1935000,1935000,37836000,696000,0.84,3.31,5833000,5105000,728000,5833000,0,2253000,0,0.0,0.0,1285000,3538000,0.078,3538000,1285000,742000,0.5,0.5,0.5,5412000,5021500,5412000,12839117,9,3.629,3538000,2.676,1.0,7810000,0.171,69000,543000,10308000,10937000,5244000,0,0,0,17913000,16970000,943000,7271117,1043000,0,0,-2390000,0,-2390000,-1234000,0,4772000,-105000,690000,690000,690000,0,6000,0.015,6521000,1289000,6110000,0.0,1.344,10.538,11.0,9075000,0,5.5,0.159,0.159,6662000,-13708000,45646000,45646000,0,0.03,0.137,0.117,0.028,0,6040000,1.0,1322021,1322021,1322021,34.527,23380000,0,52000,0,17.685,-2712000
ELTK,MRY,2013-12-31,2013-12-31,2013-12-31,2018-04-30,3186000,31454000,27451500,18355000,13099000,1.83,9.204,-950000,2514000,2514000,42242000,3781000,1.122,1.366,3230000,1818000,1412000,3230000,0,1739000,0,0.0,0.0,1287000,3026000,0.06,3026000,1287000,848000,2.65,2.65,2.65,13251000,9331500,13251000,19762256,15,6.531,668000,0.464,1.0,7993000,0.159,75000,439000,15737000,13022500,6109000,0,0,0,18107000,16358000,1749000,15864256,579000,0,3543000,-3656000,0,-113000,-950000,0,1618000,24000,3823000,3823000,3823000,0,-42000,0.076,6722000,1271000,9229000,0.0,1.197,4.15,4.528,10108000,0,12.0,0.316,0.344,9127000,-9885000,50235000,50235000,0,0.139,0.41,0.099,0.026,0,6722000,1.0,1322021,1439776,1439776,34.891,31379000,2863000,-2975000,0,21.794,1997000
ELTK,MRY,2014-12-31,2014-12-31,2014-12-31,2018-04-30,1907000,26266000,28860000,14883000,11383000,1.616,4.588,-2431000,1129000,1129000,40604000,-2855000,0.995,1.831,4560000,2722000,1838000,4560000,0,1893000,0,0.0,0.0,-675000,1218000,0.026,1218000,-675000,-1031000,-1.3,-1.3,-1.3,9307000,11279000,9307000,12557674,-18,10.31,-2352000,-1.159,1.0,6022000,0.129,208000,356000,14534000,15135500,4670000,0,0,0,17042000,14955000,2087000,11841674,-1385000,0,0,1248000,0,1248000,-2643000,0,79000,-69000,-2665000,-2665000,-2665000,0,-190000,-0.057,6925000,-903000,7077000,0.0,1.272,-4.443,-4.49,10070000,0,5.838,0.254,0.254,8227000,-12550000,46626000,46626000,72000,-0.092,-0.236,-0.045,-0.014,0,6773000,1.0,2028552,2028552,2028552,22.985,26058000,1056000,1634000,0,12.846,-72000
ELTK,MRY,2015-12-31,2015-12-31,2015-12-31,2018-04-30,1892000,25419000,25842500,13963000,11456000,1.6,5.095,-797000,1038000,1038000,34802000,1026000,1.165,1.468,4180000,1275000,2905000,4180000,0,1731000,0,0.0,0.0,1520000,3251000,0.079,3251000,1520000,1261000,0.51,0.51,0.51,10335000,9821000,10335000,16312307,10,5.018,923000,0.455,1.0,6548000,0.158,276000,259000,16304000,15419000,4450000,0,0,0,15175000,11981000,3194000,12881307,-91000,0,0,-1068000,0,-1068000,-866000,0,1720000,123000,1043000,1043000,1043000,0,-17000,0.025,5051000,1497000,6112000,0.0,1.246,12.35,12.451,10067000,0,6.35,0.312,0.312,8015000,-11507000,41350000,41350000,90000,0.04,0.106,0.099,0.037,0,4961000,1.0,2028552,2028552,2028552,20.384,25143000,1064000,218000,0,12.395,1982000
ELTK,MRY,2016-12-31,2016-12-31,2016-12-31,2018-04-30,1815000,20145000,22782000,11320000,8825000,1.627,3.27,-708000,1234000,1234000,34248000,-3725000,0.992,2.037,4822000,2868000,1954000,4822000,0,1856000,0,0.0,0.0,-2157000,-301000,-0.008,-301000,-2157000,-2466000,-1.82,-1.82,-1.82,6634000,8484500,6634000,11154781,-5,-37.059,-543000,-0.268,1.0,2817000,0.076,322000,309000,11998000,14151000,3926000,0,0,0,13511000,11413000,2098000,8012781,196000,0,0,473000,0,473000,-750000,0,165000,37000,-3624000,-3624000,-3624000,0,-101000,-0.098,4816000,-1999000,4727000,0.0,1.208,-2.211,-2.17,8453000,0,3.95,0.216,0.216,5704000,-15131000,37065000,37065000,117000,-0.159,-0.427,-0.152,-0.058,0,4699000,1.0,2028552,2028552,2028552,18.272,19823000,0,1158000,0,9.772,-93000
ELTK,MRY,2017-12-31,2017-12-31,2017-12-31,2018-04-30,2415000,22145000,21145000,13502000,8643000,1.549,1.705,-275000,887000,887000,31427000,-3775000,0.747,5.402,8893000,8505000,388000,8893000,0,2070000,0,0.0,0.0,-3403000,-1333000,-0.041,-1333000,-3403000,-3701000,-1.58,-1.58,-1.58,3459000,5046500,3459000,11864493,-3,-8.901,-3719000,-1.833,1.0,1327000,0.041,0,298000,12084000,12041000,3871000,0,0,0,18686000,18067000,619000,8276493,-347000,0,0,3244000,0,3244000,-275000,0,-3444000,128000,-3775000,-3775000,-3775000,0,0,-0.115,4745000,-3418000,5451000,0.0,2.393,-2.192,-2.582,8586000,0,4.08,0.253,0.253,6963000,-18906000,32754000,32754000,41000,-0.179,-0.748,-0.283,-0.104,0,4704000,1.0,2028552,2028552,2028552,16.146,22145000,0,74000,0,10.917,-4565000
