ticker,dimension,calendardate,datekey,reportperiod,lastupdated,accoci,assets,assetsavg,assetsc,assetsnc,assetturnover,bvps,capex,cashneq,cashnequsd,cor,consolinc,currentratio,de,debt,debtc,debtnc,debtusd,deferredrev,depamor,deposits,divyield,dps,ebit,ebitda,ebitdamargin,ebitdausd,ebitusd,ebt,eps,epsdil,epsusd,equity,equityavg,equityusd,ev,evebit,evebitda,fcf,fcfps,fxusd,gp,grossmargin,intangibles,intexp,invcap,invcapavg,inventory,investments,investmentsc,investmentsnc,liabilities,liabilitiesc,liabilitiesnc,marketcap,ncf,ncfbus,ncfcommon,ncfdebt,ncfdiv,ncff,ncfi,ncfinv,ncfo,ncfx,netinc,netinccmn,netinccmnusd,netincdis,netincnci,netmargin,opex,opinc,payables,payoutratio,pb,pe,pe1,ppnenet,prefdivis,price,ps,ps1,receivables,retearn,revenue,revenueusd,rnd,roa,roe,roic,ros,sbcomp,sgna,sharefactor,sharesbas,shareswa,shareswadil,sps,tangibles,taxassets,taxexp,taxliabilities,tbvps,workingcapital
EML,MRY,2011-12-31,2011-12-31,2011-12-31,2018-05-05,-13436090,106699974,104671307,64867618,41832356,1.365,11.13,-3390726,11147297,11147297,115504443,5504930,4.008,0.543,6750000,3714286,3035714,6750000,0,3707216,0,0.018,0.36,8738410,12445626,0.087,12445626,8738410,8506929,0.89,0.89,0.89,69158328,71427350,69158328,118866205,13,9.551,-1944270,-0.313,1.0,27351606,0.191,15827663,231481,70288862,70276745,29793434,0,0,0,37541646,16186152,21355494,124271320,-1077311,0,651390,2285714,-2224187,819388,-3390726,0,1446456,47571,5504930,5504930,5504930,0,0,0.039,18639426,8712180,8412245,0.404,1.797,22.575,22.472,24634096,0,20.0,0.87,0.87,18633088,73200362,142856049,142856049,0,0.053,0.077,0.124,0.061,24600,18639426,1.0,6213566,6213566,,22.991,90872311,3351210,3001999,0,14.625,48681466
EML,MRY,2012-12-31,2012-12-29,2012-12-29,2018-05-05,-16615265,115854150,112855401,71824436,44029714,1.396,11.51,-4172786,18482144,18482144,124156707,8625800,4.819,0.618,7499999,1428571,6071428,7499999,0,3439800,0,0.031,0.5,13593875,17033675,0.108,17033675,13593875,13224518,1.39,1.38,1.39,71582099,72835269,71582099,89605334,6,5.26,9473046,1.523,1.0,33352478,0.212,15758068,369357,74209864,74705305,29384780,0,0,0,44272051,14904073,29367978,99571537,7334847,0,61110,750000,-3108577,-2297467,-4172786,0,13645832,159268,8625800,8625800,8625800,0,0,0.055,19801055,13551423,7607658,0.36,1.391,11.543,11.518,25660743,0,16.01,0.632,0.632,18368774,78717589,157509185,157509185,0,0.076,0.118,0.182,0.086,24609,19801055,1.0,6219334,6219334,,25.326,100096082,4833737,4598718,0,16.094,56920363
EML,MRY,2013-12-31,2013-12-28,2013-12-28,2018-05-05,-11017679,113858409,115303803,70993924,42864485,1.236,13.1,-5520903,19988361,19988361,112310759,6901921,5.215,0.397,6071428,1785714,4285714,6071428,0,3825286,0,0.026,0.42,10436626,14261912,0.1,14261912,10436626,10113895,1.11,1.11,1.11,81504851,75580621,81504851,87519079,8,6.137,5796133,0.932,1.0,30147520,0.212,15472727,322731,70854160,74649942,30657612,0,0,0,32353558,13614589,18738969,100171253,1506217,0,13580,-1428571,-2612839,-4027830,-5520903,0,11317036,-262086,6901921,6901921,6901921,0,0,0.048,19761199,10386321,7302368,0.378,1.229,14.514,14.505,27391758,0,16.1,0.703,0.703,16284603,83006671,142458279,142458279,0,0.06,0.091,0.14,0.073,22505,19761199,1.0,6221817,6221817,,22.897,98385682,818662,3211974,1111755,15.813,57379335
EML,MRY,2014-12-31,2015-01-03,2015-01-03,2018-05-05,-22532095,121270556,116762537,71290647,49979909,1.206,12.047,-3610665,15834444,15834444,108338956,7661476,5.302,0.617,4285714,1071429,3214285,4285714,0,3486302,0,0.026,0.48,11783339,15269641,0.108,15269641,11783339,11528763,1.23,1.23,1.23,74974907,81423825,74974907,98875149,8,6.475,5736519,0.922,1.0,32486404,0.231,17633586,254576,78642265,73832264,34402197,0,0,0,46295649,13445975,32849674,115073938,-4153917,-5034289,271600,-1785714,-2987480,-4492712,-8644954,0,9347184,-363435,7661476,7661476,7661476,0,0,0.054,20767756,11718648,8256600,0.39,1.535,15.02,15.033,28051430,0,18.49,0.817,0.817,17064245,87680667,140825360,140825360,0,0.066,0.094,0.16,0.084,29994,20767756,1.0,6223577,6223577,,22.628,103636970,5624917,3867287,0,16.652,57844672
EML,MRY,2015-12-31,2016-01-02,2016-01-02,2018-05-05,-21083312,121738559,120957561,75268226,46470333,1.195,12.712,-2513236,17814986,17814986,110318320,5727043,4.964,0.533,3214285,1428571,1785714,3214285,0,3921438,0,0.024,0.45,8206450,12127888,0.084,12127888,8206450,8020975,0.92,0.92,0.92,79405056,76434907,79405056,107035765,13,8.826,6620193,1.06,1.0,34249631,0.237,17069326,185475,74905644,78928583,36842413,0,0,0,42333503,15162888,27170615,117432545,1980542,0,0,-1071428,-2810669,-3882097,-2513236,0,9133429,-757554,5727043,5727043,5727043,0,0,0.04,26221903,8027728,9109394,0.489,1.479,20.505,20.435,26801466,0,18.8,0.812,0.812,17502445,90597041,144567951,144567951,0,0.047,0.075,0.104,0.057,64992,23762841,1.0,6246412,6246412,,23.144,104669233,3585708,2293932,0,16.757,60105338
EML,MRY,2016-12-31,2016-12-31,2016-12-31,2018-05-05,-23204601,124198396,122504111,77696926,46501470,1.123,13.186,-2855120,22725376,22725376,101262048,7785323,6.039,0.506,1785714,892857,892857,1785714,0,3814393,0,0.021,0.44,11344915,15159308,0.11,15159308,11344915,11223415,1.25,1.25,1.25,82467514,80982279,82467514,111217395,9,7.337,9560120,1.529,1.0,36346210,0.264,16750596,121500,73642056,74247426,34030286,0,0,0,41730882,12866082,28864800,130714598,4910390,0,0,-1428571,-2751148,-4179719,-2855120,0,12415240,-470011,7785323,7785323,7785323,0,0,0.057,25210338,11135872,7048174,0.352,1.585,16.79,16.72,26165514,0,20.9,0.95,0.95,18135792,95631216,137608258,137608258,0,0.064,0.096,0.153,0.082,149572,22642031,1.0,6254287,6254287,,22.002,107447800,4532361,3438092,0,17.18,64830844
EML,MRY,2017-12-31,2017-12-30,2017-12-30,2018-05-05,-21386713,176458397,162255183,100065600,76392797,1.259,13.884,-2718849,22275477,22275477,154188794,5045255,3.195,1.03,35225000,6550000,28675000,35225000,0,4719185,0,0.017,0.44,12431454,17150639,0.084,17150639,12431454,11454942,0.81,0.8,0.81,86930590,85990115,86930590,178154411,14,10.388,8461333,1.351,1.0,50050819,0.245,45348550,976512,112744688,103208024,47268757,0,0,0,89527807,31314682,58213125,163736002,-449899,-40078000,0,33439286,-2754568,30684718,-42796849,0,11180182,482049,5045255,5045255,5045255,0,0,0.025,37774118,12276701,14712414,0.543,1.884,32.453,32.284,29033956,0,26.15,0.802,0.802,27119910,97921903,204239613,204239613,0,0.031,0.059,0.12,0.061,354501,32151289,1.0,6261415,6261415,,32.619,131109847,2010291,6409687,1723543,20.939,68750918
