ticker,dimension,calendardate,datekey,reportperiod,lastupdated,accoci,assets,assetsavg,assetsc,assetsnc,assetturnover,bvps,capex,cashneq,cashnequsd,cor,consolinc,currentratio,de,debt,debtc,debtnc,debtusd,deferredrev,depamor,deposits,divyield,dps,ebit,ebitda,ebitdamargin,ebitdausd,ebitusd,ebt,eps,epsdil,epsusd,equity,equityavg,equityusd,ev,evebit,evebitda,fcf,fcfps,fxusd,gp,grossmargin,intangibles,intexp,invcap,invcapavg,inventory,investments,investmentsc,investmentsnc,liabilities,liabilitiesc,liabilitiesnc,marketcap,ncf,ncfbus,ncfcommon,ncfdebt,ncfdiv,ncff,ncfi,ncfinv,ncfo,ncfx,netinc,netinccmn,netinccmnusd,netincdis,netincnci,netmargin,opex,opinc,payables,payoutratio,pb,pe,pe1,ppnenet,prefdivis,price,ps,ps1,receivables,retearn,revenue,revenueusd,rnd,roa,roe,roic,ros,sbcomp,sgna,sharefactor,sharesbas,shareswa,shareswadil,sps,tangibles,taxassets,taxexp,taxliabilities,tbvps,workingcapital
EMR,MRY,2011-12-31,2011-09-30,2011-09-30,2018-05-02,-562000000,23861000000,23550750000,9345000000,14516000000,1.029,13.964,-647000000,2052000000,2052000000,14665000000,2530000000,1.445,1.28,5201000000,877000000,4324000000,5201000000,0,867000000,0,0.033,1.38,3830000000,4697000000,0.194,4697000000,3830000000,3607000000,3.29,3.27,3.29,10399000000,10514500000,10399000000,34197754172,8,7.281,2586000000,3.473,1.0,9557000000,0.395,10740000000,223000000,9805000000,10017000000,2100000000,0,0,0,13310000000,6465000000,6845000000,30763754172,460000000,-129000000,-935000000,129000000,-1039000000,-1887000000,-848000000,0,3233000000,-38000000,2480000000,2480000000,2480000000,-26000000,50000000,0.102,5703000000,3854000000,2677000000,0.419,2.958,12.405,12.556,3437000000,0,41.31,1.27,1.27,4502000000,17310000000,24222000000,24222000000,0,0.105,0.236,0.382,0.158,0,5328000000,1.0,744704773,744704773,,32.526,13121000000,0,1127000000,139000000,17.619,2880000000
EMR,MRY,2012-12-31,2012-09-30,2012-09-30,2018-05-02,-731000000,23818000000,23930500000,10126000000,13692000000,1.02,14.155,-665000000,2367000000,2367000000,14644000000,2024000000,1.42,1.299,5293000000,1506000000,3787000000,5293000000,0,823000000,0,0.033,1.6,3283000000,4106000000,0.168,4106000000,3283000000,3059000000,2.68,2.67,2.68,10295000000,10378750000,10295000000,38664916881,11,9.417,2388000000,3.283,1.0,9768000000,0.4,9864000000,224000000,9747000000,9894000000,2125000000,0,0,0,13376000000,7133000000,6243000000,35107916881,315000000,-62000000,-797000000,90000000,-1171000000,-1899000000,-806000000,0,3053000000,-33000000,1968000000,1968000000,1968000000,0,56000000,0.081,6429000000,3339000000,2767000000,0.597,3.41,17.839,18.011,3509000000,0,48.27,1.438,1.438,4983000000,18107000000,24412000000,24412000000,0,0.082,0.19,0.332,0.134,0,5436000000,1.0,727323739,727323739,,33.564,13954000000,0,1091000000,128000000,19.185,2993000000
EMR,MRY,2013-12-31,2013-09-30,2013-09-30,2018-05-02,-189000000,24711000000,23929750000,10999000000,13712000000,1.031,14.814,-678000000,3275000000,3275000000,14717000000,2066000000,1.442,1.322,5642000000,1587000000,4055000000,5642000000,0,819000000,0,0.025,1.64,3352000000,4171000000,0.169,4171000000,3352000000,3134000000,2.78,2.76,2.78,10585000000,10427750000,10585000000,48965184426,14,11.739,2971000000,4.158,1.0,9952000000,0.403,9181000000,218000000,10272000000,10063750000,1895000000,0,0,0,13993000000,7625000000,6368000000,46230184426,908000000,-16000000,-1110000000,349000000,-1181000000,-1933000000,-789000000,0,3649000000,-19000000,2004000000,2004000000,2004000000,0,62000000,0.081,6538000000,3414000000,2725000000,0.59,4.368,23.069,23.273,3605000000,0,64.7,1.874,1.874,4808000000,18930000000,24669000000,24669000000,0,0.084,0.192,0.333,0.136,0,5648000000,1.0,714531444,714531444,,34.525,15530000000,0,1130000000,129000000,21.735,3374000000
EMR,MRY,2014-12-31,2014-09-30,2014-09-30,2018-05-02,-575000000,24177000000,24440500000,10867000000,13310000000,0.726,14.499,-651000000,3149000000,3149000000,9971000000,2184000000,1.285,1.385,6024000000,2465000000,3559000000,6024000000,0,569000000,0,0.027,1.72,3296000000,3865000000,0.218,3865000000,3296000000,3100000000,3.05,3.03,3.05,10119000000,10539250000,10119000000,47166536282,14,12.204,3041000000,4.357,1.0,7762000000,0.438,8871000000,196000000,9727000000,10269500000,2057000000,0,0,0,14010000000,8454000000,5556000000,43675536282,-126000000,-353000000,-1048000000,294000000,-1210000000,-2559000000,-1159000000,0,3692000000,-100000000,2147000000,2147000000,2147000000,0,37000000,0.121,4375000000,3387000000,2951000000,0.564,4.316,20.343,20.518,3802000000,0,62.58,2.463,2.463,5019000000,19867000000,17733000000,17733000000,0,0.088,0.204,0.321,0.186,0,4164000000,1.0,697915249,697915249,,25.409,15306000000,0,953000000,162000000,21.931,2413000000
EMR,MRY,2015-12-31,2015-09-30,2015-09-30,2018-05-02,-1617000000,22088000000,23061000000,10049000000,12039000000,0.705,12.297,-588000000,3054000000,3054000000,9241000000,2733000000,1.288,1.728,6841000000,2552000000,4289000000,6841000000,0,573000000,0,0.043,1.88,4152000000,4725000000,0.291,4725000000,4152000000,3977000000,4.01,3.99,4.01,8081000000,8815250000,8081000000,33101884356,7,7.006,1941000000,2.954,1.0,7008000000,0.431,4785000000,175000000,13290000000,10783500000,1265000000,0,0,0,13960000000,7800000000,6160000000,29025884356,-95000000,1400000000,-2501000000,841000000,-1269000000,-2948000000,591000000,0,2529000000,-267000000,2710000000,2710000000,2710000000,0,23000000,0.167,4065000000,2943000000,1537000000,0.469,3.592,10.711,11.015,2929000000,0,44.17,1.786,1.786,2870000000,21308000000,16249000000,16249000000,0,0.118,0.307,0.385,0.256,0,3735000000,1.0,657140239,657140239,,24.727,17303000000,0,1267000000,87000000,26.331,2249000000
EMR,MRY,2016-12-31,2016-09-30,2016-09-30,2018-05-02,-1999000000,21732000000,21782500000,9960000000,11772000000,0.667,11.76,-447000000,3182000000,3182000000,8260000000,1664000000,1.244,1.865,6635000000,2584000000,4051000000,6635000000,0,568000000,0,0.035,1.9,2520000000,3088000000,0.213,3088000000,2520000000,2332000000,2.53,2.52,2.53,7568000000,7654250000,7568000000,38845225472,15,12.579,2434000000,3.782,1.0,6262000000,0.431,4811000000,188000000,12366000000,10227500000,1208000000,0,0,0,14114000000,8008000000,6106000000,35079225472,128000000,-209000000,-601000000,-198000000,-1227000000,-2045000000,-626000000,0,2881000000,-82000000,1635000000,1635000000,1635000000,0,29000000,0.113,3758000000,2504000000,1517000000,0.751,4.635,21.455,21.545,2931000000,0,54.51,2.416,2.416,2701000000,21716000000,14522000000,14522000000,0,0.075,0.214,0.246,0.174,0,3464000000,1.0,643537433,643537433,,22.566,16921000000,0,697000000,180000000,26.294,1952000000
EMR,MRY,2017-12-31,2017-09-30,2017-09-30,2018-05-02,-1019000000,19589000000,18434750000,8252000000,11337000000,0.828,13.621,-476000000,3062000000,3062000000,8860000000,1550000000,1.636,1.241,4656000000,862000000,3794000000,4656000000,0,636000000,0,0.031,1.92,2343000000,2979000000,0.195,2979000000,2343000000,2178000000,2.35,2.35,2.35,8718000000,8100750000,8718000000,42238832669,18,14.179,1436000000,2.244,1.0,6404000000,0.42,7206000000,165000000,8932000000,8524500000,1696000000,0,0,0,10819000000,5045000000,5774000000,40218832669,-120000000,2096000000,-400000000,-1979000000,-1239000000,-3591000000,1514000000,0,1912000000,45000000,1518000000,1518000000,1518000000,0,32000000,0.099,3904000000,2500000000,1776000000,0.817,4.613,26.495,26.74,3321000000,0,62.84,2.635,2.635,3072000000,21995000000,15264000000,15264000000,0,0.082,0.187,0.275,0.153,0,3618000000,1.0,640019616,640019616,,23.849,12383000000,0,660000000,65000000,19.348,3207000000
