ticker,dimension,calendardate,datekey,reportperiod,lastupdated,accoci,assets,assetsavg,assetsc,assetsnc,assetturnover,bvps,capex,cashneq,cashnequsd,cor,consolinc,currentratio,de,debt,debtc,debtnc,debtusd,deferredrev,depamor,deposits,divyield,dps,ebit,ebitda,ebitdamargin,ebitdausd,ebitusd,ebt,eps,epsdil,epsusd,equity,equityavg,equityusd,ev,evebit,evebitda,fcf,fcfps,fxusd,gp,grossmargin,intangibles,intexp,invcap,invcapavg,inventory,investments,investmentsc,investmentsnc,liabilities,liabilitiesc,liabilitiesnc,marketcap,ncf,ncfbus,ncfcommon,ncfdebt,ncfdiv,ncff,ncfi,ncfinv,ncfo,ncfx,netinc,netinccmn,netinccmnusd,netincdis,netincnci,netmargin,opex,opinc,payables,payoutratio,pb,pe,pe1,ppnenet,prefdivis,price,ps,ps1,receivables,retearn,revenue,revenueusd,rnd,roa,roe,roic,ros,sbcomp,sgna,sharefactor,sharesbas,shareswa,shareswadil,sps,tangibles,taxassets,taxexp,taxliabilities,tbvps,workingcapital
ENS,MRY,2011-12-31,2011-03-31,2011-03-31,2018-02-07,115180000,1828387000,1732835750,997948000,830439000,1.134,19.733,-59461000,108869000,108869000,1514618000,113426000,2.249,0.872,253400000,4022000,249378000,253400000,0,44393000,0,0.0,0.0,173482000,217875000,0.111,217875000,173482000,151444000,2.3,2.27,2.3,974331000,878032250,974331000,2113009182,12,9.698,16998000,0.344,1.0,449844000,0.229,442485000,22038000,1086649000,1048176750,335003000,0,0,0,849394000,443784000,405610000,1987121182,-92173000,-32200000,17894000,-103153000,0,-82677000,-91661000,0,76459000,5706000,113426000,113426000,113426000,0,0,0.058,266030000,183814000,251814000,0.0,2.039,17.519,17.283,344385000,0,39.75,1.012,0.999,464072000,416836000,1964462000,1964462000,0,0.065,0.129,0.166,0.088,9056000,259217000,1.0,49990470,49376132,50044246,39.786,1385902000,35586000,38018000,82837000,28.068,554164000
ENS,MRY,2012-12-31,2012-03-31,2012-03-31,2018-02-07,74093000,1924955000,1859408750,1071673000,853282000,1.228,21.174,-48867000,160490000,160490000,1770664000,143967000,2.328,0.847,256101000,18991000,237110000,256101000,0,50360000,0,0.0,0.0,207779000,258139000,0.113,258139000,207779000,191295000,2.95,2.93,2.95,1032195000,988323000,1032195000,1806964877,8,7.0,155329000,3.186,1.0,512705000,0.225,459819000,16484000,1100446000,1097661250,361774000,0,0,0,874358000,460301000,414057000,1654279877,51621000,-23553000,-57409000,-22745000,0,-79382000,-72420000,0,204196000,-773000,144003000,144003000,144003000,0,-36000,0.063,301894000,210811000,249996000,0.0,1.603,11.488,11.746,353215000,0,34.65,0.724,0.74,466769000,560839000,2283369000,2283369000,0,0.077,0.146,0.189,0.091,11585000,297806000,1.0,47742565,48748205,49216035,46.84,1465136000,46246000,47292000,87390000,30.055,611372000
ENS,MRY,2013-12-31,2013-03-31,2013-03-31,2018-02-07,40655000,1987867000,1976042500,1152962000,834905000,1.153,24.351,-55092000,249348000,249348000,1708203000,164958000,2.466,0.685,178489000,23013000,155476000,178489000,0,50502000,0,0.0,0.0,250502000,301004000,0.132,301004000,250502000,231783000,3.47,3.42,3.47,1169401000,1127440000,1169401000,2189464511,8,7.274,189308000,3.942,1.0,569356000,0.25,449200000,18719000,1000249000,1095380000,353941000,0,0,0,801489000,467559000,333930000,2179289511,88858000,0,-12560000,-83235000,0,-95962000,-55092000,0,244400000,-4488000,166508000,166508000,166508000,0,-1550000,0.073,319488000,249868000,249359000,0.0,1.864,13.088,13.135,350126000,0,45.58,0.957,0.961,448068000,727347000,2277559000,2277559000,0,0.084,0.148,0.229,0.11,14737000,312324000,1.0,47812407,48022005,48635449,47.427,1538667000,51954000,65275000,91559000,32.041,685403000
ENS,MRY,2014-12-31,2014-03-31,2014-03-31,2018-02-07,67845000,2321858000,2144949500,1300700000,1021158000,1.154,26.255,-60477000,240103000,240103000,1844813000,146767000,2.237,0.844,322300000,34168000,288132000,322300000,0,53972000,0,0.007,0.5,184413000,238385000,0.096,238385000,184413000,167308000,3.17,3.02,3.17,1246402000,1231764000,1246402000,3370213021,18,14.138,133144000,2.805,1.0,629620000,0.254,598528000,17105000,1224124000,1136891000,361846000,0,0,0,1051909000,581403000,470506000,3267849021,-9245000,-171528000,-77738000,133054000,-23681000,21562000,-232005000,0,193621000,7577000,150328000,150328000,150328000,0,-3561000,0.061,435110000,194510000,259484000,0.158,2.622,21.738,21.858,370166000,0,69.29,1.321,1.329,564584000,848414000,2474433000,2474433000,0,0.07,0.122,0.162,0.075,16742000,344421000,1.0,47161914,47473690,49788155,52.122,1723330000,98211000,16980000,103998000,36.301,719297000
ENS,MRY,2015-12-31,2015-03-31,2015-03-31,2018-02-07,-108975000,2136555000,2255287000,1201669000,934886000,1.111,22.78,-61616000,268921000,268921000,1864601000,181525000,2.783,1.043,513213000,19952000,493261000,513213000,0,57040000,0,0.011,0.7,268646000,325686000,0.13,325686000,268646000,249002000,3.97,3.77,3.97,1038900000,1143745250,1038900000,3071596651,11,9.431,132855000,2.913,1.0,640911000,0.256,527890000,19644000,1421169000,1409552750,337011000,0,0,0,1083829000,431788000,652041000,2838040651,28818000,2000000,-205357000,186507000,-31739000,-59313000,-59616000,0,194471000,-46724000,181188000,181188000,181188000,0,337000,0.072,377530000,263381000,218574000,0.176,2.732,15.664,16.181,356854000,0,64.24,1.133,1.169,518165000,997376000,2505512000,2505512000,0,0.08,0.158,0.191,0.107,25259000,358381000,1.0,44178715,45606317,48052729,54.938,1608665000,36516000,67814000,77201000,35.273,769881000
ENS,MRY,2016-12-31,2016-03-31,2016-03-31,2018-02-07,-97349000,2214488000,2277317250,1296239000,918249000,1.017,23.272,-45484000,397307000,397307000,1704472000,131824000,2.873,1.175,628631000,22233000,606398000,628631000,0,55994000,0,0.013,0.7,208606000,264600000,0.114,264600000,208606000,186263000,3.08,2.99,3.08,1013131000,1037942250,1013131000,2724242947,13,10.296,262087000,5.919,1.0,611777000,0.264,513205000,22343000,1481436000,1518993000,331081000,0,0,0,1190056000,451171000,738885000,2420187947,128386000,-35439000,-178240000,114309000,-30880000,-105729000,-80923000,0,307571000,7467000,136150000,136150000,136150000,0,-4326000,0.059,401778000,209999000,228442000,0.227,2.389,17.776,18.091,357409000,0,55.72,1.045,1.065,490799000,1097642000,2316249000,2316249000,0,0.06,0.131,0.137,0.09,19603000,352767000,1.0,43434816,44276713,45474130,52.313,1701283000,33530000,50113000,46008000,39.079,845068000
ENS,MRY,2017-12-31,2017-03-31,2017-03-31,2018-02-07,-152824000,2293029000,2252112750,1418915000,874114000,1.051,25.407,-49441000,500329000,500329000,1716524000,158223000,3.036,1.074,605968000,18359000,587609000,605968000,0,53945000,0,0.009,0.7,236883000,290828000,0.123,290828000,236883000,214686000,3.69,3.64,3.69,1103456000,1063511250,1103456000,3597666383,15,12.37,196589000,4.531,1.0,650625000,0.275,482617000,22197000,1448620000,1464025500,360694000,0,0,0,1184660000,467431000,717229000,3428374383,103022000,-12392000,3000,-24698000,-30400000,-62542000,-61833000,0,246030000,-18633000,160214000,160214000,160214000,0,-1991000,0.068,414764000,235861000,222493000,0.19,3.107,21.399,21.393,348549000,0,78.94,1.448,1.447,486646000,1231444000,2367149000,2367149000,0,0.071,0.151,0.162,0.1,19185000,369863000,1.0,43430129,43389333,44012543,54.556,1810412000,31587000,54472000,45923000,41.685,951484000
