ticker,dimension,calendardate,datekey,reportperiod,lastupdated,accoci,assets,assetsavg,assetsc,assetsnc,assetturnover,bvps,capex,cashneq,cashnequsd,cor,consolinc,currentratio,de,debt,debtc,debtnc,debtusd,deferredrev,depamor,deposits,divyield,dps,ebit,ebitda,ebitdamargin,ebitdausd,ebitusd,ebt,eps,epsdil,epsusd,equity,equityavg,equityusd,ev,evebit,evebitda,fcf,fcfps,fxusd,gp,grossmargin,intangibles,intexp,invcap,invcapavg,inventory,investments,investmentsc,investmentsnc,liabilities,liabilitiesc,liabilitiesnc,marketcap,ncf,ncfbus,ncfcommon,ncfdebt,ncfdiv,ncff,ncfi,ncfinv,ncfo,ncfx,netinc,netinccmn,netinccmnusd,netincdis,netincnci,netmargin,opex,opinc,payables,payoutratio,pb,pe,pe1,ppnenet,prefdivis,price,ps,ps1,receivables,retearn,revenue,revenueusd,rnd,roa,roe,roic,ros,sbcomp,sgna,sharefactor,sharesbas,shareswa,shareswadil,sps,tangibles,taxassets,taxexp,taxliabilities,tbvps,workingcapital
EOG,MRY,2011-12-31,2011-12-30,2011-12-30,2018-05-03,401746000,24838797000,24284594000,3253938000,21584859000,0.417,23.766,-6950812000,615726000,615726000,3578370000,1091123000,1.29,0.965,5009166000,0,5009166000,5009166000,0,2516381000,0,0.006,0.318,2120162000,4636543000,0.458,4636543000,2120162000,1909799000,2.075,2.05,2.075,12640904000,12250079000,12640904000,30325508140,14,6.541,-2372402000,-4.515,1.0,6547745000,0.647,0,210363000,26709918000,25603254000,590594000,0,0,0,12197893000,2522319000,9675574000,26484490140,-173127000,0,1400256000,-224787000,-167169000,1008539000,-5754942000,0,4578410000,-5134000,1091123000,1091123000,1091123000,0,0,0.108,4434436000,2113309000,2033615000,0.153,2.095,24.273,23.737,21288824000,0,49.255,2.615,2.556,1451227000,9789345000,10126115000,10126115000,171658000,0.045,0.089,0.083,0.209,128345000,304811000,1.0,537701556,525470000,532536000,19.271,24838797000,26609000,818676000,4150313000,46.699,731619000
EOG,MRY,2012-12-31,2012-12-31,2012-12-31,2018-05-03,439895000,27336578000,26730795500,3589884000,23746694000,0.437,24.702,-7355116000,876435000,876435000,4749892000,570279000,1.228,1.058,6312181000,406579000,5905602000,6312181000,0,3169703000,0,0.006,0.335,1494292000,4663995000,0.399,4663995000,1494292000,1280740000,1.07,1.05,1.07,13284764000,13356304500,13284764000,37912369869,25,8.129,-2118339000,-3.958,1.0,6932744000,0.593,0,213552000,29848266000,29011208000,683187000,0,0,0,14051814000,2924058000,11127756000,32719715869,260709000,0,24295000,1229736000,-181080000,1139751000,-6119263000,0,5236777000,3444000,570279000,570279000,570279000,0,0,0.049,5452947000,1479797000,2078948000,0.313,2.463,57.375,56.444,23337681000,0,60.395,2.801,2.767,1656618000,10175631000,11682636000,11682636000,185569000,0.021,0.043,0.052,0.128,60743000,331545000,1.0,541761998,535155000,541524000,21.83,27336578000,29163000,710461000,4512317000,50.83,665826000
EOG,MRY,2013-12-31,2013-12-31,2013-12-31,2018-05-03,415834000,30574238000,29507818250,4072015000,26502223000,0.491,28.46,-7060627000,1318209000,1318209000,5790388000,2197109000,1.423,0.983,5913221000,6579000,5906642000,5913221000,0,3600976000,0,0.004,0.366,3672346000,7273322000,0.502,7273322000,3672346000,3436886000,4.07,4.02,4.07,15418459000,14605243500,15418459000,50810329815,13,6.986,268787000,0.497,1.0,8696730000,0.6,0,235460000,32307534000,31401433250,563268000,0,0,0,15155779000,2861716000,12294063000,45816073815,441774000,0,-25054000,-405780000,-199178000,-573926000,-6314778000,0,7329414000,1064000,2197109000,2197109000,2197109000,0,0,0.152,5021519000,3675211000,2254418000,0.09,2.972,20.853,20.619,26148836000,0,83.92,3.163,3.13,1658853000,12168277000,14487118000,14487118000,161346000,0.074,0.15,0.117,0.253,78224000,348312000,1.0,545949402,540341000,546227000,26.811,30574238000,249403000,1239777000,5681719000,56.435,1210299000
EOG,MRY,2014-12-31,2014-12-31,2014-12-31,2018-05-03,-23056000,34762687000,33676823000,5416021000,29346666000,0.536,32.529,-8246805000,2087213000,2087213000,6708939000,2915487000,1.6,0.963,5909933000,6579000,5903354000,5909933000,0,3997041000,0,0.006,0.511,5196773000,9193814000,0.51,9193814000,5196773000,4995315000,5.36,5.32,5.36,17712582000,17043545500,17712582000,54883892747,10,5.97,402350000,0.74,1.0,11326401000,0.628,0,201458000,35201099000,34546088000,706597000,0,0,0,17050105000,3384308000,13665797000,50455226747,769004000,0,-105175000,-10641000,-279695000,-327734000,-7513565000,0,8649155000,-38852000,2915487000,2915487000,2915487000,0,0,0.162,6084578000,5241823000,2860548000,0.095,2.849,17.306,17.177,29172644000,0,92.07,2.798,2.774,1779311000,14763098000,18035340000,18035340000,184388000,0.087,0.171,0.15,0.288,45627000,402010000,1.0,548009414,543443000,548539000,33.187,34762687000,91239000,2079828000,7073787000,63.842,2031713000
EOG,MRY,2015-12-31,2015-12-31,2015-12-31,2018-05-03,-33338000,26970470000,30706066750,2592244000,24378226000,0.285,23.688,-5013163000,718506000,718506000,4578485000,-4524515000,1.425,1.084,6655490000,6579000,6648911000,6655490000,0,3313644000,0,0.009,0.672,-6684163000,-3370519000,-0.385,-3370519000,-6684163000,-6921556000,-8.29,-8.29,-8.29,12943035000,15281249750,12943035000,44601293192,-6,-13.233,-1417998000,-2.599,1.0,4178943000,0.477,0,237393000,31088167000,33754027500,598935000,0,0,0,14027435000,1819287000,12208148000,38913772192,-1368707000,0,-26101000,737836000,-367005000,370921000,-5320256000,0,3595165000,-14537000,-4524515000,-4524515000,-4524515000,0,0,-0.517,10865022000,-6686079000,1471953000,-0.081,3.007,-8.601,-8.539,24210721000,0,70.79,4.444,4.411,930610000,9870816000,8757428000,8757428000,149494000,-0.147,-0.296,-0.198,-0.763,104519000,366594000,1.0,549707193,545697000,545697000,16.048,26970470000,188516000,-2397041000,4681520000,49.361,772957000
EOG,MRY,2016-12-31,2016-12-31,2016-12-31,2018-05-03,-19010000,29299201000,26755770750,3385216000,25913985000,0.286,24.458,-2582795000,1599895000,1599895000,3832751000,-1096686000,1.67,1.096,6986358000,6579000,6979779000,6986358000,0,3553417000,0,0.007,0.67,-1275824000,2277593000,0.298,2277593000,-1275824000,-1557505000,-1.98,-1.98,-1.98,13981581000,12560520500,13981581000,64217262762,-50,28.195,-223732000,-0.404,1.0,3817881000,0.499,0,281681000,32658373000,30962429750,350017000,0,0,0,15317620000,2027291000,13290329000,58279872762,881389000,54534000,-58829000,159595000,-372845000,-242722000,-1252944000,0,2359063000,17992000,-1096686000,-1096686000,-1096686000,0,0,-0.143,5043162000,-1225281000,1511826000,-0.338,4.168,-53.142,-51.061,25707078000,0,101.1,7.618,7.313,1216320000,8398118000,7650632000,7650632000,124953000,-0.041,-0.087,-0.041,-0.167,98733000,394815000,1.0,576457693,553384000,553384000,13.825,29299201000,28445000,-460819000,5146819000,51.254,1357925000
EOG,MRY,2017-12-31,2017-12-31,2017-12-31,2018-05-03,-19297000,29833078000,29278493500,3279108000,26553970000,0.383,28.301,-4124242000,834228000,834228000,5268820000,2582579000,1.203,0.832,6387071000,356235000,6030836000,6387071000,0,3409387000,0,0.006,0.672,935554000,4344941000,0.388,4344941000,935554000,661182000,4.49,4.46,4.49,16283273000,14508870750,16283273000,67936505109,72,15.636,141094000,0.246,1.0,5939500000,0.53,0,274372000,32660379000,32331310000,483865000,0,0,0,13549805000,2725542000,10824263000,62395637109,-765667000,0,-42568000,-606555000,-386531000,-1035711000,-3987409000,0,4265336000,-7883000,2582579000,2582579000,2582579000,0,0,0.23,5013098000,926402000,1847131000,0.15,3.832,24.16,24.033,25665037000,0,107.91,5.567,5.532,1597494000,10593533000,11208320000,11208320000,145342000,0.088,0.178,0.029,0.083,133849000,434467000,1.0,578219230,574620000,578693000,19.506,29833078000,130863000,-1921397000,3667088000,51.85,553566000
