ticker,dimension,calendardate,datekey,reportperiod,lastupdated,accoci,assets,assetsavg,assetsc,assetsnc,assetturnover,bvps,capex,cashneq,cashnequsd,cor,consolinc,currentratio,de,debt,debtc,debtnc,debtusd,deferredrev,depamor,deposits,divyield,dps,ebit,ebitda,ebitdamargin,ebitdausd,ebitusd,ebt,eps,epsdil,epsusd,equity,equityavg,equityusd,ev,evebit,evebitda,fcf,fcfps,fxusd,gp,grossmargin,intangibles,intexp,invcap,invcapavg,inventory,investments,investmentsc,investmentsnc,liabilities,liabilitiesc,liabilitiesnc,marketcap,ncf,ncfbus,ncfcommon,ncfdebt,ncfdiv,ncff,ncfi,ncfinv,ncfo,ncfx,netinc,netinccmn,netinccmnusd,netincdis,netincnci,netmargin,opex,opinc,payables,payoutratio,pb,pe,pe1,ppnenet,prefdivis,price,ps,ps1,receivables,retearn,revenue,revenueusd,rnd,roa,roe,roic,ros,sbcomp,sgna,sharefactor,sharesbas,shareswa,shareswadil,sps,tangibles,taxassets,taxexp,taxliabilities,tbvps,workingcapital
EPM,MRY,2011-12-31,2011-06-30,2011-06-30,2018-05-16,0,39951953,39761557,6357840,33594113,0.189,1.212,-3507795,4615632,4615632,1379327,-241553,2.874,0.194,0,0,0,0,0,563104,0,0.0,0.0,207361,770465,0.102,770465,207361,207361,-0.01,-0.01,-0.01,33464757,32458935,33464757,192208090,926,249.47,-452679,-0.016,1.0,6151548,0.817,0,0,33124389,31406503,0,0,0,0,6487196,2211932,4275264,195637418,1109179,0,106077,0,0,279234,-2225171,1100000,3055116,0,-241553,-241553,-241553,0,0,-0.032,5958401,193147,1362395,0.0,5.846,-809.915,-710.0,33516826,0,7.1,25.978,25.868,1645509,13557170,7530875,7530875,0,-0.006,-0.007,0.007,0.028,1536007,5335384,1.0,27554566,27437496,27437496,0.274,39951953,28680,448914,3412388,1.447,4145908
EPM,MRY,2012-12-31,2012-06-30,2012-06-30,2018-05-16,0,58955486,52881359,16769789,42185697,0.34,1.674,-7121259,14678548,14678548,1774999,5132130,3.295,0.265,0,0,0,0,0,1150454,0,0.0,0.0,8855002,10005456,0.557,10005456,8855002,8833052,0.16,0.14,0.16,46622788,44028347,46622788,216459489,24,21.634,3254147,0.117,1.0,16187039,0.901,0,21950,39188021,36005610,0,0,0,0,12332698,5088917,7243781,231993471,10181110,-224206,0,0,0,6386615,-6580911,0,10375406,0,5132130,4501739,4501739,0,0,0.251,7357765,8829274,3919558,0.0,4.976,51.534,52.125,40568443,630391,8.34,12.916,12.901,1439498,18058909,17962038,17962038,0,0.085,0.102,0.246,0.493,1475995,6143286,1.0,27816963,27784298,31609929,0.646,58955486,418120,3700922,6297060,2.116,11680872
EPM,MRY,2013-12-31,2013-06-30,2013-06-30,2018-05-16,0,66556296,62936841,27436076,39120220,0.339,1.916,-4918274,25178585,25178585,1780738,6628428,10.421,0.214,0,0,0,0,0,1341055,0,0.0,0.0,10723934,12064989,0.565,12064989,10723934,10658189,0.21,0.19,0.21,54836161,51439964,54836161,290299913,27,24.061,7015232,0.249,1.0,19569182,0.917,0,65745,38744961,40327250,0,0,0,0,11720135,2632750,9087385,312244647,10500037,0,-67099,0,0,36989,-1470458,0,11933506,0,6628428,5954126,5954126,0,0,0.279,8867828,10701354,769099,0.0,5.694,52.442,51.952,38841249,674302,10.91,14.625,14.413,1681916,24013035,21349920,21349920,0,0.095,0.116,0.266,0.502,1531745,7495309,1.0,28620041,28205467,31975131,0.757,66556296,308103,4029761,8652517,2.326,24803326
EPM,MRY,2014-12-31,2014-06-30,2014-06-30,2018-05-16,0,65015752,66207290,26304803,38710949,0.267,1.591,-1339136,23940514,23940514,1193573,3597313,8.769,0.253,0,0,0,0,0,1272778,0,0.027,0.3,5558403,6831181,0.387,6831181,5558403,5489311,0.09,0.09,0.09,51877522,54041214,51877522,332326967,59,48.649,6769773,0.219,1.0,16479935,0.932,0,69092,38075512,38333773,0,0,0,0,13138230,2999726,10138504,357202534,-988071,0,1597550,0,-9723833,-8348174,-748806,250000,8108909,0,3597313,2923011,2923011,0,0,0.165,10951788,5528147,441722,3.333,6.885,122.204,121.667,38246897,674302,10.95,20.211,19.142,1457212,17212213,17673508,17673508,0,0.044,0.054,0.145,0.315,1728687,8388291,1.0,32621236,30895832,32564067,0.572,65015752,159624,1891998,9897272,1.994,23305077
EPM,MRY,2015-12-31,2015-06-30,2015-06-30,2018-05-16,0,69882727,65725265,23693048,46189679,0.424,1.476,-5203968,20118757,20118757,9355613,4991857,2.54,0.439,0,0,0,0,0,3664373,0,0.046,0.3,8509714,12174087,0.437,12174087,8509714,8436078,0.13,0.13,0.13,48576577,48936844,48576577,196480996,23,16.139,5176807,0.158,1.0,18485652,0.664,0,73636,40434713,39125034,0,0,0,0,21306150,9329257,11976893,216872491,-3821757,0,-192241,0,-9833642,-9160247,-5042285,0,10380775,0,4991857,4317555,4317555,0,0,0.155,9901955,8583697,8173878,2.308,4.465,50.23,50.692,45463642,674302,6.59,7.79,7.768,3122473,11696126,27841265,27841265,0,0.066,0.088,0.218,0.306,943653,6256783,1.0,32909331,32817456,32924018,0.848,69882727,82414,3444221,11432583,2.124,14363791
EPM,MRY,2016-12-31,2016-06-30,2016-06-30,2018-05-16,0,97451051,76438217,37086450,60364601,0.345,2.32,-21102784,34077060,34077060,9133111,24660362,4.348,0.277,0,0,0,0,0,5211494,0,0.037,0.2,34302084,39513578,1.5,39513578,34302084,34231141,0.73,0.73,0.73,76321150,57693359,76321150,166001168,4,4.201,9550409,0.291,1.0,17216391,0.653,0,70943,54845083,49189658,0,0,0,0,21129901,8528908,12600993,180007263,13958303,0,-1306185,0,-6565823,935408,-17630298,0,30653193,0,24660362,23986060,23986060,0,0,0.91,-12545296,29761687,5809107,0.274,2.359,7.505,7.493,59999112,674302,5.47,6.832,6.811,2638188,29116363,26349502,26349502,0,0.314,0.416,0.697,1.302,1809548,9079597,1.0,32908092,32810375,32861231,0.803,97451051,105321,9570779,12462543,2.962,28557542
EPM,MRY,2017-12-31,2017-06-30,2017-06-30,2018-05-16,0,88268668,88925252,26142527,62126141,0.388,2.07,-10191220,23028153,23028153,10835809,8044313,9.615,0.289,0,0,0,0,0,5775946,0,0.031,0.255,12966735,18742681,0.544,18742681,12966735,12884977,0.21,0.21,0.21,68469855,68580608,68469855,247584356,19,13.21,6299637,0.191,1.0,23649087,0.686,0,81758,62521621,60958039,0,0,0,0,19798813,2718894,17079919,267804605,-11048907,0,-459858,0,-8432435,-17076226,-10463538,0,16490857,0,8044313,6790883,6790883,0,0,0.197,10768965,12880122,1994255,1.214,3.911,39.436,38.571,61830757,1253430,8.1,7.766,7.759,2726702,27474811,34484896,34484896,0,0.076,0.099,0.213,0.376,1180618,4985408,1.0,33062297,33034480,33110560,1.044,88268668,0,4840664,15826291,2.669,23423633
