ticker,dimension,calendardate,datekey,reportperiod,lastupdated,accoci,assets,assetsavg,assetsc,assetsnc,assetturnover,bvps,capex,cashneq,cashnequsd,cor,consolinc,currentratio,de,debt,debtc,debtnc,debtusd,deferredrev,depamor,deposits,divyield,dps,ebit,ebitda,ebitdamargin,ebitdausd,ebitusd,ebt,eps,epsdil,epsusd,equity,equityavg,equityusd,ev,evebit,evebitda,fcf,fcfps,fxusd,gp,grossmargin,intangibles,intexp,invcap,invcapavg,inventory,investments,investmentsc,investmentsnc,liabilities,liabilitiesc,liabilitiesnc,marketcap,ncf,ncfbus,ncfcommon,ncfdebt,ncfdiv,ncff,ncfi,ncfinv,ncfo,ncfx,netinc,netinccmn,netinccmnusd,netincdis,netincnci,netmargin,opex,opinc,payables,payoutratio,pb,pe,pe1,ppnenet,prefdivis,price,ps,ps1,receivables,retearn,revenue,revenueusd,rnd,roa,roe,roic,ros,sbcomp,sgna,sharefactor,sharesbas,shareswa,shareswadil,sps,tangibles,taxassets,taxexp,taxliabilities,tbvps,workingcapital
ESSA,MRY,2011-12-31,2011-09-30,2011-09-30,2018-05-11,586000,1097480000,1093754000,,,0.03,12.981,-353000,41694000,41694000,0,5258000,,5.788,289791000,,,289791000,0,1217000,637924000,0.019,0.2,7121000,8338000,0.251,8338000,7121000,7121000,0.46,0.46,0.46,161679000,163751500,161679000,385308077,54,46.211,9835000,0.79,1.0,33166000,1.0,1865000,0,1343712000,1365758500,0,1000894000,,,935801000,,,130898077,30804000,-2025000,-16917000,-61750000,-2315000,16532000,4084000,10190000,10188000,0,5258000,5258000,5258000,0,0,0.159,26045000,7121000,0,0.435,0.81,24.895,22.848,11494000,0,10.51,3.947,3.947,0,67215000,33166000,33166000,0,0.005,0.032,0.005,0.215,2717000,23624000,1.0,12454622,12454622,,2.663,1095615000,2993000,1863000,0,87.969,
ESSA,MRY,2012-12-31,2012-09-30,2012-09-30,2018-05-11,1758000,1418786000,1185781000,,,0.028,14.524,-799000,16816000,16816000,0,215000,,7.088,238173000,,,238173000,0,1422000,995634000,0.019,0.2,248000,1670000,0.05,1670000,248000,248000,0.02,0.02,0.02,175411000,165658000,175411000,355055438,1431,212.608,4528000,0.375,1.0,33253000,1.0,11998000,0,1628145000,1419924250,0,1301854000,,,1243375000,,,125487438,-26144000,55098000,-332000,-116332000,-2249000,-106869000,75398000,18783000,5327000,0,215000,215000,215000,0,0,0.006,28361000,4892000,0,10.0,0.715,583.663,519.5,16170000,0,10.39,3.774,3.774,0,65181000,33253000,33253000,0,0.0,0.001,0.0,0.007,2620000,24283000,1.0,12077713,12077713,,2.753,1406788000,11336000,33000,0,116.478,
ESSA,MRY,2013-12-31,2013-09-30,2013-09-30,2018-05-11,-1235000,1372315000,1385562500,,,0.032,13.78,-806000,28415000,28415000,0,8823000,,7.245,157222000,,,157222000,0,2136000,1041059000,0.019,0.2,11657000,13793000,0.313,13793000,11657000,11657000,0.76,0.76,0.76,166446000,170150000,166446000,294451336,25,21.348,22388000,1.853,1.0,44119000,1.0,11283000,0,1489839000,1549402000,0,1253267000,,,1205869000,,,125864336,11098000,-276000,-14501000,-80951000,-2295000,-46325000,34229000,32257000,23194000,0,8823000,8823000,8823000,0,0,0.2,32462000,11657000,0,0.263,0.756,14.265,13.711,15747000,0,10.42,2.853,2.853,0,71709000,44119000,44119000,0,0.006,0.052,0.008,0.264,2001000,29124000,1.0,12079111,12079111,,3.653,1361032000,11183000,2834000,0,112.677,
ESSA,MRY,2014-12-31,2014-09-30,2014-09-30,2018-05-11,-2579000,1574815000,1463645750,,,0.031,14.229,-677000,24068000,24068000,0,8504000,,8.413,263413000,,,263413000,0,2220000,1133889000,0.023,0.26,11395000,13615000,0.301,13615000,11395000,11395000,0.79,0.79,0.79,167309000,168222250,167309000,343844541,30,25.255,13791000,1.173,1.0,45206000,1.0,12655000,0,1801505000,1643905250,0,1455629000,,,1407506000,,,132868541,-4347000,-15174000,-4216000,76014000,-2800000,-9110000,-9705000,3269000,14468000,0,8504000,8504000,8504000,0,0,0.188,33811000,11395000,0,0.329,0.794,15.624,14.304,16957000,0,11.3,2.939,2.939,0,77413000,45206000,45206000,0,0.006,0.051,0.007,0.252,719000,29911000,1.0,11758278,11758278,,3.845,1562160000,12027000,2891000,0,132.856,
ESSA,MRY,2015-12-31,2015-09-30,2015-09-30,2018-05-11,-2395000,1606544000,1589423250,,,0.031,15.008,-878000,20508000,20508000,0,9791000,,8.38,324713000,,,324713000,0,1963000,1096754000,0.026,0.34,12745000,14708000,0.296,14708000,12745000,12745000,0.94,0.93,0.94,171280000,171149500,171280000,469746160,36,31.938,18458000,1.617,1.0,49610000,1.0,12018000,0,1898731000,1868965250,0,1495356000,,,1435264000,,,147910160,-3543000,0,-3132000,61300000,-3546000,17487000,-40366000,-42657000,19336000,0,9791000,9791000,9791000,0,0,0.197,36865000,12745000,0,0.362,0.864,15.107,13.787,16553000,0,12.96,2.981,2.981,0,83658000,49610000,49610000,0,0.006,0.057,0.007,0.257,674000,32983000,1.0,11412821,11412821,,4.347,1594526000,11149000,2954000,0,139.714,
ESSA,MRY,2016-12-31,2016-09-30,2016-09-30,2018-05-11,-1832000,1772479000,1766465500,,,0.03,15.478,-1098000,44908000,44908000,0,7727000,,9.051,365017000,,,365017000,0,2424000,1214820000,0.026,0.36,10310000,12734000,0.24,12734000,10310000,10310000,0.74,0.73,0.74,176344000,174595750,176344000,536011699,51,42.093,17061000,1.497,1.0,53168000,1.0,16288000,0,2076300000,2087755250,0,1625086000,,,1596135000,,,157572699,24900000,-16174000,-301000,40304000,-3747000,2067000,4674000,24886000,18159000,0,7727000,7727000,7727000,0,0,0.145,42858000,10310000,0,0.486,0.894,20.392,18.689,16844000,0,13.83,2.964,2.964,0,87638000,53168000,53168000,0,0.004,0.044,0.005,0.194,804000,38134000,1.0,11393543,11393543,,4.667,1756191000,11885000,2583000,0,154.139,
ESSA,MRY,2017-12-31,2017-09-30,2017-09-30,2018-05-11,-754000,1785218000,1771588500,,,0.028,15.758,-645000,42183000,42183000,0,7339000,,8.77,316777000,,,316777000,0,1948000,1274861000,0.023,0.36,8930000,10878000,0.216,10878000,8930000,8930000,0.69,0.69,0.69,182727000,178371500,182727000,503540180,56,46.29,18837000,1.624,1.0,50368000,1.0,15645000,0,2044167000,2067012250,0,1640965000,,,1602491000,,,182053180,-1975000,0,0,-48240000,-3830000,8750000,-30207000,-33538000,19482000,0,7339000,7339000,7339000,0,0,0.146,41438000,8930000,0,0.522,0.996,24.806,22.754,16234000,0,15.7,3.614,3.614,0,91147000,50368000,50368000,0,0.004,0.041,0.004,0.177,1017000,37409000,1.0,11595744,11595744,,4.344,1769573000,10422000,1591000,0,152.605,
