ticker,dimension,calendardate,datekey,reportperiod,lastupdated,accoci,assets,assetsavg,assetsc,assetsnc,assetturnover,bvps,capex,cashneq,cashnequsd,cor,consolinc,currentratio,de,debt,debtc,debtnc,debtusd,deferredrev,depamor,deposits,divyield,dps,ebit,ebitda,ebitdamargin,ebitdausd,ebitusd,ebt,eps,epsdil,epsusd,equity,equityavg,equityusd,ev,evebit,evebitda,fcf,fcfps,fxusd,gp,grossmargin,intangibles,intexp,invcap,invcapavg,inventory,investments,investmentsc,investmentsnc,liabilities,liabilitiesc,liabilitiesnc,marketcap,ncf,ncfbus,ncfcommon,ncfdebt,ncfdiv,ncff,ncfi,ncfinv,ncfo,ncfx,netinc,netinccmn,netinccmnusd,netincdis,netincnci,netmargin,opex,opinc,payables,payoutratio,pb,pe,pe1,ppnenet,prefdivis,price,ps,ps1,receivables,retearn,revenue,revenueusd,rnd,roa,roe,roic,ros,sbcomp,sgna,sharefactor,sharesbas,shareswa,shareswadil,sps,tangibles,taxassets,taxexp,taxliabilities,tbvps,workingcapital
ESYS,MRY,2011-12-31,2011-04-30,2011-04-30,2017-06-12,0,19367000,19783250,9872000,9495000,1.191,2.868,-43000,460000,460000,15674000,872000,3.15,0.781,5094000,134000,4960000,5094000,0,625000,0,0.0,0.0,1623000,2248000,0.095,2248000,1623000,1335000,0.23,0.22,0.23,10877000,10404500,10877000,24551071,15,10.921,1843000,0.486,1.0,7880000,0.335,4042000,288000,16825000,18100500,5880000,0,0,0,8490000,3134000,5356000,19286071,-33000,0,2000,-1878000,0,-1876000,-43000,0,1886000,0,872000,872000,872000,0,0,0.037,6257000,1623000,1248000,0.0,1.773,22.117,22.13,5393000,0,5.09,0.819,0.819,2801000,-160000,23554000,23554000,0,0.044,0.084,0.09,0.069,36000,6249000,1.0,3789012,3789000,3900000,6.216,15325000,662000,463000,447000,4.041,6738000
ESYS,MRY,2012-12-31,2012-04-30,2012-04-30,2017-06-12,0,18707000,18920750,9533000,9174000,1.221,3.213,-267000,136000,136000,14709000,1219000,3.965,0.525,3735000,181000,3554000,3735000,0,576000,0,0.0,0.0,2117000,2693000,0.117,2693000,2117000,1965000,0.32,0.32,0.32,12264000,11626000,12264000,24522994,11,9.106,958000,0.252,1.0,8395000,0.363,3828000,152000,16074000,16237500,5940000,0,0,0,6443000,2404000,4039000,20346994,-324000,0,77000,-1359000,0,-1282000,-267000,0,1225000,0,1219000,1219000,1219000,0,0,0.053,6278000,2117000,825000,0.0,1.659,16.692,16.781,5295000,0,5.37,0.881,0.882,2631000,1059000,23104000,23104000,0,0.064,0.105,0.13,0.092,91000,6275000,1.0,3789012,3796000,3844000,6.086,14879000,765000,746000,490000,3.898,7129000
ESYS,MRY,2013-12-31,2013-04-30,2013-04-30,2017-06-12,0,20169000,18760000,11096000,9073000,1.352,3.576,-452000,1464000,1464000,15991000,1683000,3.718,0.448,2804000,185000,2619000,2804000,0,553000,0,0.0,0.0,2758000,3311000,0.131,3311000,2758000,2693000,0.43,0.43,0.43,13929000,12968000,13929000,23791228,8,7.186,2279000,0.585,1.0,9374000,0.37,3627000,65000,14898000,14824000,6238000,0,0,0,6240000,2984000,3256000,20966228,1328000,109000,-129000,-931000,0,-1060000,-343000,0,2731000,0,1683000,1683000,1683000,0,0,0.066,6616000,2758000,1390000,0.0,1.505,12.458,12.512,5399000,0,5.38,0.827,0.826,2538000,2742000,25365000,25365000,0,0.09,0.13,0.186,0.109,111000,6613000,1.0,3896996,3895000,3906000,6.512,16542000,795000,1010000,638000,4.247,8112000
ESYS,MRY,2014-12-31,2014-04-30,2014-04-30,2017-06-12,0,22504000,21399500,13589000,8915000,1.425,4.178,-442000,1398000,1398000,18626000,2467000,4.047,0.41,2619000,189000,2430000,2619000,0,599000,0,0.0,0.0,4023000,4622000,0.152,4622000,4023000,3967000,0.64,0.62,0.64,15961000,14876750,15961000,54291313,13,11.746,746000,0.194,1.0,11858000,0.389,3425000,56000,16942000,16315000,7544000,0,0,0,6543000,3358000,3185000,51875313,-66000,0,-627000,-185000,0,-812000,-442000,0,1188000,0,2467000,2467000,2467000,0,0,0.081,7835000,4023000,1044000,0.0,3.25,21.028,21.234,5447000,0,13.59,1.702,1.715,3782000,5209000,30484000,30484000,0,0.115,0.166,0.247,0.132,192000,7831000,1.0,3817168,3847000,3957000,7.924,19079000,694000,1500000,766000,4.995,10231000
