ticker,dimension,calendardate,datekey,reportperiod,lastupdated,accoci,assets,assetsavg,assetsc,assetsnc,assetturnover,bvps,capex,cashneq,cashnequsd,cor,consolinc,currentratio,de,debt,debtc,debtnc,debtusd,deferredrev,depamor,deposits,divyield,dps,ebit,ebitda,ebitdamargin,ebitdausd,ebitusd,ebt,eps,epsdil,epsusd,equity,equityavg,equityusd,ev,evebit,evebitda,fcf,fcfps,fxusd,gp,grossmargin,intangibles,intexp,invcap,invcapavg,inventory,investments,investmentsc,investmentsnc,liabilities,liabilitiesc,liabilitiesnc,marketcap,ncf,ncfbus,ncfcommon,ncfdebt,ncfdiv,ncff,ncfi,ncfinv,ncfo,ncfx,netinc,netinccmn,netinccmnusd,netincdis,netincnci,netmargin,opex,opinc,payables,payoutratio,pb,pe,pe1,ppnenet,prefdivis,price,ps,ps1,receivables,retearn,revenue,revenueusd,rnd,roa,roe,roic,ros,sbcomp,sgna,sharefactor,sharesbas,shareswa,shareswadil,sps,tangibles,taxassets,taxexp,taxliabilities,tbvps,workingcapital
EVI,MRY,2011-12-31,2011-06-30,2011-06-30,2018-05-15,0,10995501,10891396,10677614,317887,1.958,1.157,-23355,6907020,6907020,16015892,603773,3.735,0.351,0,0,0,0,0,55872,1168755,0.0,0.0,975105,1030977,0.048,1030977,975105,975105,0.09,0.09,0.09,8136663,7846814,8136663,1952214,2,1.894,845642,0.12,1.0,5309835,0.249,79279,0,1150364,701256,2290904,102709,68740,33969,2858838,2858838,0,9354863,845642,0,0,0,0,0,-23355,0,868997,0,603773,603773,603773,0,0,0.028,4356358,953477,1021054,0.0,1.15,15.494,14.778,156792,0,1.33,0.439,0.439,1227491,5868894,21325727,21325727,0,0.055,0.077,1.391,0.046,0,4356358,1.0,7033732,7033732,7033732,3.032,10916222,172278,371332,47547,1.552,7818776
EVI,MRY,2012-12-31,2012-06-30,2012-06-30,2018-05-15,0,10872597,11368124,10555618,316979,1.975,1.18,-65446,6527940,6527940,16927685,511689,4.098,0.31,0,0,0,0,20000,49924,1068827,0.039,0.05,828195,878119,0.039,878119,828195,828195,0.07,0.07,0.07,8296665,8202063,8296665,2244916,2,2.557,-27393,-0.004,1.0,5529404,0.246,65890,0,1702835,1427778,2371444,71396,33073,38323,2575932,2575932,0,9073514,-379080,0,0,0,-351687,-351687,-65446,0,38053,0,511689,511689,511689,0,0,0.023,4720666,808738,922371,0.714,1.094,17.732,18.429,185703,0,1.29,0.404,0.404,1400773,6028896,22457089,22457089,0,0.045,0.062,0.58,0.037,0,4720666,1.0,7033732,7033732,7033732,3.193,10806707,165226,316506,0,1.536,7979686
EVI,MRY,2013-12-31,2013-06-30,2013-06-30,2018-05-15,0,11052330,12787334,10789262,263068,2.833,0.808,-23540,5944260,5944260,27994178,1607238,2.01,0.945,0,0,0,0,16782,57865,2472333,0.341,0.6,2586614,2644479,0.073,2644479,2586614,2586614,0.23,0.23,0.23,5683665,5772224,5683665,6129616,2,2.318,3636558,0.517,1.0,8232406,0.227,53199,0,-313794,-1373092,1997818,80288,53762,26526,5368665,5368665,0,12361783,-583680,0,0,0,-4220238,-4220238,-23540,0,3660098,0,1607238,1607238,1607238,0,0,0.044,5661317,2571089,1253426,2.609,2.175,7.691,7.641,164069,0,1.758,0.341,0.341,2240632,3415896,36226584,36226584,0,0.126,0.278,-1.884,0.071,0,5661317,1.0,7033732,7033732,7033732,5.15,10999131,118100,979376,166250,1.564,5420597
EVI,MRY,2014-12-31,2014-06-30,2014-06-30,2018-05-15,0,13818087,11636147,13574578,243509,2.908,0.638,-65110,9224340,9224340,26038664,1620304,1.455,2.077,0,0,0,0,0,59870,3670965,0.16,0.4,2604725,2664595,0.079,2664595,2604725,2604725,0.23,0.23,0.23,4490475,4615271,4490475,12650378,4,4.748,6093574,0.866,1.0,7794754,0.23,40880,0,-4774745,-2679655,2836220,26527,12494,14033,9327612,9327612,0,17584330,3280080,0,0,0,-2813494,-2813494,-65110,0,6158684,0,1620304,1620304,1620304,0,0,0.048,5196045,2598709,4750266,1.739,3.916,10.852,10.87,181629,0,2.5,0.52,0.52,923788,2222706,33833418,33833418,0,0.139,0.351,-0.972,0.077,0,5196045,1.0,7033732,7033732,7033732,4.81,13777207,170624,984421,0,1.959,4246966
EVI,MRY,2015-12-31,2015-06-30,2015-06-30,2018-05-15,0,9282772,9360142,9044380,238392,3.286,0.676,-58021,3908974,3908974,22806878,1671817,1.998,0.952,0,0,0,0,20464,58806,2479508,0.045,0.2,2682748,2741554,0.089,2741554,2682748,2682748,0.24,0.24,0.24,4755546,4551536,4755546,27367769,10,9.983,-3908620,-0.556,1.0,7947692,0.258,33482,0,813090,49876,2808910,0,0,0,4527226,4527226,0,31440782,-5315366,0,0,0,-1406746,-1406746,-58021,0,-3850599,0,1671817,1671817,1671817,0,0,0.054,5269247,2678445,1403583,0.833,6.611,18.806,18.625,188243,0,4.47,1.022,1.022,1924517,2487777,30754570,30754570,0,0.179,0.367,53.788,0.087,0,5269247,1.0,7033732,7033732,7033732,4.372,9249290,323692,1010931,0,1.315,4517154
EVI,MRY,2016-12-31,2016-06-30,2016-06-30,2018-05-15,0,10161000,10697412,9878000,283000,3.367,0.724,-1000,3942000,3942000,27804000,1740000,1.948,0.997,0,0,0,0,0,61000,1213000,0.052,0.2,2791000,2852000,0.079,2852000,2791000,2793000,0.25,0.25,0.25,5089000,4636335,5089000,23983776,8,8.409,1440000,0.205,1.0,8212000,0.228,27000,-2000,1120000,-343148,2627000,0,0,0,5072000,5072000,0,26939193,33000,0,0,0,-1407000,-1407000,-1000,0,1441000,0,1740000,1740000,1740000,0,0,0.048,5421000,2791000,2898000,0.8,5.294,15.482,15.32,135000,0,3.83,0.748,0.748,1833000,2821000,36016000,36016000,0,0.163,0.375,-8.133,0.077,0,5421000,1.0,7033732,7033732,7033732,5.12,10134000,121000,1053000,0,1.441,4806000
EVI,MRY,2017-12-31,2017-06-30,2017-06-30,2018-05-15,0,57135000,44271134,23800000,33335000,2.123,3.108,-237000,727000,727000,73639000,3167000,1.124,0.773,4445000,714000,3731000,4445000,2146000,576000,4457000,0.004,0.1,5350000,5926000,0.063,5926000,5350000,5190000,0.31,0.31,0.31,32224000,23592946,32224000,281490667,52,47.501,2353000,0.227,1.0,20339000,0.216,31913000,160000,7760000,5749588,7677000,0,0,0,24911000,21180000,3731000,280482667,-3215000,-14708000,6000000,4180000,-1040000,9140000,-14945000,0,2590000,0,3167000,3167000,3167000,0,0,0.034,14989000,5350000,12317000,0.323,8.704,88.564,87.258,1272000,0,27.05,2.985,2.985,13724000,4948000,93978000,93978000,0,0.072,0.134,0.931,0.057,421000,14989000,1.0,10369045,10369045,,9.063,25222000,0,2023000,0,2.432,2620000
