ticker,dimension,calendardate,datekey,reportperiod,lastupdated,accoci,assets,assetsavg,assetsc,assetsnc,assetturnover,bvps,capex,cashneq,cashnequsd,cor,consolinc,currentratio,de,debt,debtc,debtnc,debtusd,deferredrev,depamor,deposits,divyield,dps,ebit,ebitda,ebitdamargin,ebitdausd,ebitusd,ebt,eps,epsdil,epsusd,equity,equityavg,equityusd,ev,evebit,evebitda,fcf,fcfps,fxusd,gp,grossmargin,intangibles,intexp,invcap,invcapavg,inventory,investments,investmentsc,investmentsnc,liabilities,liabilitiesc,liabilitiesnc,marketcap,ncf,ncfbus,ncfcommon,ncfdebt,ncfdiv,ncff,ncfi,ncfinv,ncfo,ncfx,netinc,netinccmn,netinccmnusd,netincdis,netincnci,netmargin,opex,opinc,payables,payoutratio,pb,pe,pe1,ppnenet,prefdivis,price,ps,ps1,receivables,retearn,revenue,revenueusd,rnd,roa,roe,roic,ros,sbcomp,sgna,sharefactor,sharesbas,shareswa,shareswadil,sps,tangibles,taxassets,taxexp,taxliabilities,tbvps,workingcapital
EXPR,MRY,2011-12-31,2012-01-28,2012-01-28,2018-04-04,-7000,866320000,871387000,416157000,450163000,2.379,3.171,-77176000,152362000,152362000,1318894000,140697000,1.409,2.081,198539000,0,198539000,198539000,27684000,68102000,0,0.0,0.0,271369000,339471000,0.164,339471000,271369000,235565000,1.59,1.58,1.59,281147000,212296000,281147000,2116355125,7,6.234,135433000,1.529,1.0,754461000,0.364,197509000,35804000,419657000,527079750,213075000,0,0,0,585173000,295331000,289842000,1944431125,-35400000,0,206000,-169789000,0,-170775000,-77236000,0,212609000,2000,140697000,140697000,140697000,0,0,0.068,483515000,270946000,139676000,0.0,6.916,13.82,13.755,227306000,0,21.87,0.938,0.935,9027000,192654000,2073355000,2073355000,0,0.161,0.663,0.515,0.131,10089000,483823000,1.0,88908602,88596000,88896000,23.402,668811000,12462000,94868000,0,7.543,120826000
EXPR,MRY,2012-12-31,2013-02-02,2013-02-02,2018-04-04,-20000,1019199000,931250750,515862000,503337000,2.316,4.37,-99674000,256297000,256297000,1414588000,139267000,1.649,1.746,198843000,0,198843000,198843000,27851000,67727000,0,0.0,0.0,251523000,319250000,0.148,319250000,251523000,231971000,1.6,1.6,1.6,371162000,324524000,371162000,1677918524,6,5.256,169690000,1.954,1.0,742639000,0.344,197719000,19552000,451250000,475699750,215082000,0,0,0,648037000,312776000,335261000,1581596524,103935000,0,-65918000,-55000,0,-65551000,-99884000,0,269364000,6000,139267000,139267000,139267000,0,0,0.065,491076000,251563000,176125000,0.0,4.261,11.357,11.563,278369000,0,18.5,0.733,0.745,11024000,331921000,2157227000,2157227000,0,0.15,0.429,0.529,0.117,15886000,491599000,1.0,85491704,86852000,87206000,24.838,821480000,16808000,92704000,0,9.671,203086000
EXPR,MRY,2013-12-31,2014-02-01,2014-02-01,2018-04-04,-728000,1182670000,1120512500,583461000,599209000,1.98,5.66,-105368000,311884000,311884000,1501418000,116539000,1.95,1.492,199170000,0,199170000,199170000,28436000,69810000,0,0.0,0.0,212688000,282498000,0.127,282498000,212688000,193166000,1.38,1.37,1.38,474569000,430655000,474569000,1471527133,6,5.209,89707000,1.062,1.0,717707000,0.323,197812000,19522000,572937000,571856500,212510000,0,0,0,708101000,299207000,408894000,1453994133,55587000,0,-33228000,-313000,0,-33331000,-105462000,0,195075000,-695000,116539000,116539000,116539000,0,0,0.053,503448000,214259000,154736000,0.0,3.064,12.476,12.551,376122000,0,17.32,0.655,0.659,17384000,448460000,2219125000,2219125000,0,0.104,0.271,0.372,0.096,20964000,504277000,1.0,83948853,84466000,85068000,26.272,984858000,17558000,76627000,0,11.747,284254000
EXPR,MRY,2014-12-31,2015-01-31,2015-01-31,2018-04-04,-3057000,1278150000,1231821500,654236000,623914000,1.758,6.607,-115088000,346159000,346159000,1504527000,68325000,2.276,1.297,199527000,0,199527000,199527000,28575000,76437000,0,0.0,0.0,135452000,211889000,0.098,211889000,135452000,111556000,0.81,0.81,0.81,556339000,511279000,556339000,1084183119,8,5.117,41482000,0.493,1.0,660954000,0.305,197562000,23896000,646497000,675982750,241063000,0,0,0,721811000,287459000,434352000,1102562119,34275000,0,-3509000,-1478000,0,-4938000,-116098000,0,156570000,-1259000,68325000,68325000,68325000,0,0,0.032,524357000,136597000,153745000,0.0,1.982,16.137,16.148,407607000,0,13.08,0.509,0.508,23272000,516785000,2165481000,2165481000,0,0.055,0.134,0.2,0.063,19277000,524041000,1.0,84293740,84144000,84554000,25.735,1080588000,12371000,43231000,0,12.832,366777000
EXPR,MRY,2015-12-31,2016-01-30,2016-01-30,2018-04-04,-4665000,1178644000,1151403250,513419000,665225000,2.041,7.485,-115343000,186903000,186903000,1554852000,116513000,1.67,0.907,0,0,0,0,30895000,74904000,0,0.0,0.0,206566000,281470000,0.12,281470000,206566000,190684000,1.39,1.38,1.39,617953000,598218500,617953000,1310242901,6,4.655,114260000,1.361,1.0,795277000,0.338,197597000,15882000,486741000,504488750,255350000,0,0,0,560691000,307403000,253288000,1401457901,-159256000,0,-71748000,-199590000,0,-271997000,-115378000,0,229603000,-1484000,116513000,116513000,116513000,0,0,0.05,588039000,207238000,149884000,0.0,2.268,12.028,12.201,444397000,0,16.96,0.596,0.606,22130000,633298000,2350129000,2350129000,0,0.101,0.195,0.409,0.088,18091000,587747000,1.0,82633131,83980000,84591000,27.984,981047000,21227000,74171000,0,11.883,206016000
EXPR,MRY,2016-12-31,2017-01-28,2017-01-28,2018-04-04,-3803000,1185189000,1166795000,514133000,671056000,1.879,8.107,-98712000,207373000,207373000,1529343000,57417000,1.821,0.864,0,0,0,0,29428000,82144000,0,0.0,0.0,104085000,186229000,0.085,186229000,104085000,90617000,0.73,0.73,0.73,635687000,609064000,635687000,693240905,6,3.723,87996000,1.119,1.0,663204000,0.302,197618000,13468000,497801000,486185750,241424000,0,0,0,549502000,282397000,267105000,795095905,20470000,0,-48803000,-4869000,0,-58271000,-108866000,-10133000,186708000,899000,57417000,57417000,57417000,0,0,0.026,559603000,103601000,172668000,0.0,1.251,13.848,13.89,451286000,0,10.14,0.363,0.364,15787000,690715000,2192547000,2192547000,0,0.049,0.094,0.214,0.047,12858000,559541000,1.0,78411825,78669000,79049000,27.871,987571000,7926000,33200000,0,12.594,231736000
EXPR,MRY,2017-12-31,2018-02-03,2018-02-03,2018-04-04,0,1187607000,1203168500,565136000,622471000,1.777,8.349,-57435000,236222000,236222000,1522797000,19366000,1.943,0.816,0,0,0,0,28920000,90221000,0,0.0,0.0,30277000,120498000,0.056,120498000,30277000,28035000,0.25,0.25,0.25,654000000,638823000,654000000,325780702,10,2.704,61132000,0.778,1.0,615233000,0.288,197618000,2242000,462903000,481622500,266271000,0,0,0,533607000,290864000,242743000,524074702,28849000,-9232000,-17264000,-3750000,0,-22613000,-66667000,0,118567000,-438000,19366000,19366000,19366000,0,0,0.009,585493000,29740000,145589000,0.0,0.801,27.062,26.6,405013000,0,6.65,0.245,0.244,12084000,710081000,2138030000,2138030000,0,0.016,0.03,0.063,0.014,14008000,562088000,1.0,78808226,78592000,78870000,27.204,989989000,7025000,8669000,0,12.639,274272000
