ticker,dimension,calendardate,datekey,reportperiod,lastupdated,accoci,assets,assetsavg,assetsc,assetsnc,assetturnover,bvps,capex,cashneq,cashnequsd,cor,consolinc,currentratio,de,debt,debtc,debtnc,debtusd,deferredrev,depamor,deposits,divyield,dps,ebit,ebitda,ebitdamargin,ebitdausd,ebitusd,ebt,eps,epsdil,epsusd,equity,equityavg,equityusd,ev,evebit,evebitda,fcf,fcfps,fxusd,gp,grossmargin,intangibles,intexp,invcap,invcapavg,inventory,investments,investmentsc,investmentsnc,liabilities,liabilitiesc,liabilitiesnc,marketcap,ncf,ncfbus,ncfcommon,ncfdebt,ncfdiv,ncff,ncfi,ncfinv,ncfo,ncfx,netinc,netinccmn,netinccmnusd,netincdis,netincnci,netmargin,opex,opinc,payables,payoutratio,pb,pe,pe1,ppnenet,prefdivis,price,ps,ps1,receivables,retearn,revenue,revenueusd,rnd,roa,roe,roic,ros,sbcomp,sgna,sharefactor,sharesbas,shareswa,shareswadil,sps,tangibles,taxassets,taxexp,taxliabilities,tbvps,workingcapital
EXTR,MRY,2011-12-31,2011-07-03,2011-07-03,2018-05-10,3703000,270973000,268865750,157414000,113559000,1.244,1.746,-5697000,49972000,49972000,154467000,2713000,1.576,0.68,0,0,0,0,53525000,8891000,0,0.0,0.0,3844000,12735000,0.038,12735000,3844000,3712000,0.03,0.03,0.03,161286000,160778750,161286000,247964460,64,19.471,11080000,0.121,1.0,179961000,0.538,4906000,132000,116242000,119702250,21583000,97005000,41357000,55648000,109687000,99853000,9834000,298343460,-1972000,0,1530000,0,0,2530000,-22079000,-16382000,16777000,800000,2713000,2713000,2713000,0,0,0.008,176847000,3114000,15092000,0.0,1.85,109.968,108.0,41877000,0,3.24,0.892,0.886,33689000,-656448000,334428000,334428000,49330000,0.01,0.017,0.032,0.011,5248000,127960000,1.0,92081315,91423000,92795000,3.658,266067000,681000,999000,93000,2.88,57561000
EXTR,MRY,2012-12-31,2012-06-30,2012-06-30,2018-05-10,-861000,284590000,271923000,169109000,115481000,1.187,1.907,-5237000,54596000,54596000,142875000,15872000,1.748,0.584,0,0,0,0,54647000,7166000,0,0.0,0.0,17143000,24309000,0.075,24309000,17143000,17068000,0.17,0.17,0.17,179640000,171375250,179640000,270548042,15,11.13,8576000,0.092,1.0,179847000,0.557,5106000,75000,128140000,125403000,26609000,98919000,23358000,75561000,104950000,96748000,8202000,323871042,4624000,0,1392000,0,0,2393000,-10410000,-4898000,13813000,-1172000,15872000,15872000,15872000,0,0,0.049,165938000,13909000,19437000,0.0,1.803,20.405,20.235,25180000,0,3.44,1.004,0.996,41166000,-640576000,322722000,322722000,45640000,0.058,0.093,0.137,0.053,6189000,118825000,1.0,94148559,93451000,94490000,3.453,279484000,644000,1196000,0,2.967,72361000
EXTR,MRY,2013-12-31,2013-06-30,2013-06-30,2018-05-10,-1377000,311424000,291293250,208781000,102643000,1.028,2.021,29922000,95803000,95803000,136717000,9673000,1.856,0.646,0,0,0,0,58842000,6031000,0,0.0,0.0,11351000,17382000,0.058,17382000,11351000,11351000,0.1,0.1,0.1,189145000,189680000,189145000,242292815,21,13.939,62159000,0.662,1.0,162626000,0.543,4243000,0,98876000,104254500,16167000,109810000,43034000,66776000,122279000,112502000,9777000,319884815,41207000,0,-7391000,0,0,-7391000,16480000,-12817000,32237000,-119000,9673000,9673000,9673000,0,0,0.032,151774000,10852000,27163000,0.0,1.691,33.07,34.4,23644000,0,3.44,1.069,1.08,47642000,-630903000,299343000,299343000,40521000,0.033,0.051,0.109,0.038,7353000,113927000,1.0,92989772,93954000,95044000,3.186,307181000,386000,1678000,0,3.282,96279000
EXTR,MRY,2014-12-31,2014-06-30,2014-06-30,2018-05-10,-439000,526432000,467662750,302856000,223576000,1.111,1.62,-22373000,73190000,73190000,252225000,-57310000,1.23,2.359,121563000,29688000,91875000,121563000,129669000,39399000,0,0.0,0.0,-51036000,-11637000,-0.022,-11637000,-51036000,-53121000,-0.6,-0.6,-0.6,156712000,174915000,156712000,479441798,-9,-41.2,-49216000,-0.515,1.0,267329000,0.515,158336000,2085000,170161000,154755500,57109000,32692000,32692000,0,369720000,246308000,123412000,428421798,-22613000,-180000000,8017000,121563000,0,129580000,-126189000,76271000,-26843000,839000,-57310000,-57310000,-57310000,0,0,-0.11,317561000,-50232000,37308000,0.0,2.734,-7.476,-7.4,46554000,0,4.44,0.825,0.816,124664000,-688213000,519554000,519554000,77146000,-0.123,-0.328,-0.33,-0.098,15922000,197478000,1.0,96491396,95515000,95515000,5.44,368096000,1058000,4189000,1264000,3.806,56548000
EXTR,MRY,2015-12-31,2015-06-30,2015-06-30,2018-05-10,-1291000,428660000,456099750,237994000,190666000,1.212,1.04,-7205000,76225000,76225000,273203000,-71643000,1.011,3.112,66875000,11375000,55500000,66875000,140657000,48783000,0,0.0,0.0,-63659000,-14876000,-0.027,-14876000,-63659000,-66836000,-0.72,-0.72,-0.72,104235000,124305000,104235000,263576740,-4,-17.718,30218000,0.305,1.0,279737000,0.506,123009000,3177000,60871000,100513250,58014000,0,0,0,324425000,235430000,88995000,269143740,3035000,0,2218000,-54688000,0,-52470000,21598000,29372000,37423000,-3516000,-71643000,-71643000,-71643000,0,0,-0.13,342731000,-62994000,40135000,0.0,2.582,-3.757,-3.736,39862000,0,2.69,0.487,0.482,92737000,-759856000,552940000,552940000,93447000,-0.157,-0.576,-0.633,-0.115,17801000,211391000,1.0,100053435,99000000,99000000,5.585,305651000,760000,4807000,2979000,3.05,2564000
EXTR,MRY,2016-12-31,2016-06-30,2016-06-30,2018-05-10,-2874000,374423000,382422000,228968000,145455000,1.382,0.86,-5327000,94122000,94122000,257601000,-31884000,1.082,3.151,55074000,17628000,37446000,55074000,121677000,43172000,0,0.0,0.0,-24450000,18722000,0.035,18722000,-24450000,-27548000,-0.31,-0.31,-0.31,90197000,93497250,90197000,325705485,-13,17.397,25039000,0.243,1.0,270788000,0.512,90639000,3098000,33210000,43257250,40989000,0,0,0,284226000,211526000,72700000,355289485,17897000,0,4637000,-11375000,0,-6738000,-5327000,0,30366000,-404000,-31884000,-31884000,-31884000,0,0,-0.06,296338000,-25550000,30711000,0.0,3.939,-11.143,-10.935,29580000,0,3.39,0.672,0.661,81419000,-791740000,528389000,528389000,78721000,-0.083,-0.341,-0.565,-0.046,14792000,188481000,1.0,104805158,103074000,103074000,5.126,283784000,0,4336000,4693000,2.707,17442000
EXTR,MRY,2017-12-31,2017-06-30,2017-06-30,2018-05-10,-2302000,459700000,432346750,298842000,160858000,1.383,1.137,-10425000,130450000,130450000,273633000,-8517000,1.402,2.658,92702000,12280000,80422000,92702000,104341000,26340000,0,0.0,0.0,-91000,26249000,0.044,26249000,-91000,-4177000,-0.08,-0.08,-0.08,125678000,97504750,125678000,993382246,-10916,37.845,48858000,0.451,1.0,324485000,0.543,105553000,4086000,103194000,75610750,47410000,0,0,0,334022000,213205000,120817000,1015738246,36328000,-61327000,11822000,38212000,0,48708000,-71752000,0,59283000,89000,-8517000,-8517000,-8517000,0,0,-0.014,325218000,-733000,31587000,0.0,8.082,-119.26,-115.25,30240000,0,9.22,1.698,1.669,93115000,-781286000,598118000,598118000,93724000,-0.02,-0.087,-0.001,0.0,12633000,200791000,1.0,110166838,108273000,108273000,5.524,354147000,0,4340000,6576000,3.205,85637000
