ticker,dimension,calendardate,datekey,reportperiod,lastupdated,accoci,assets,assetsavg,assetsc,assetsnc,assetturnover,bvps,capex,cashneq,cashnequsd,cor,consolinc,currentratio,de,debt,debtc,debtnc,debtusd,deferredrev,depamor,deposits,divyield,dps,ebit,ebitda,ebitdamargin,ebitdausd,ebitusd,ebt,eps,epsdil,epsusd,equity,equityavg,equityusd,ev,evebit,evebitda,fcf,fcfps,fxusd,gp,grossmargin,intangibles,intexp,invcap,invcapavg,inventory,investments,investmentsc,investmentsnc,liabilities,liabilitiesc,liabilitiesnc,marketcap,ncf,ncfbus,ncfcommon,ncfdebt,ncfdiv,ncff,ncfi,ncfinv,ncfo,ncfx,netinc,netinccmn,netinccmnusd,netincdis,netincnci,netmargin,opex,opinc,payables,payoutratio,pb,pe,pe1,ppnenet,prefdivis,price,ps,ps1,receivables,retearn,revenue,revenueusd,rnd,roa,roe,roic,ros,sbcomp,sgna,sharefactor,sharesbas,shareswa,shareswadil,sps,tangibles,taxassets,taxexp,taxliabilities,tbvps,workingcapital
FALC,MRY,2011-12-31,2011-12-31,2011-12-31,2018-04-30,-1717420,73046894,71279426,60326447,12720447,1.163,0.486,-3221405,16257694,16257694,21516909,-23368283,1.51,2.201,0,0,0,0,27149019,4107761,0,0.0,0.0,-22159951,-18052190,-0.218,-18052190,-22159951,-22159951,-0.5,-0.5,-0.5,22816938,29222800,22816938,104594559,-4,-5.794,-82639,-0.002,1.0,61353693,0.74,5343441,0,11501183,17078274,1769007,21505410,20894328,611082,50229956,39944576,10285380,120956163,-1584861,0,920106,0,0,920106,-5400465,-2002932,3138766,-243268,-23368283,-23368283,-23368283,0,0,-0.282,83573626,-22219933,2883844,0.0,5.301,-5.176,-5.16,4364180,0,2.58,1.46,1.452,19314789,-85925798,82870602,82870602,21508712,-0.328,-0.8,-1.298,-0.267,5493689,50985206,1.0,46882234,46648928,46648928,1.776,67703453,395569,1208332,0,1.443,20381871
FALC,MRY,2012-12-31,2012-12-31,2012-12-31,2018-04-30,-1650050,59705106,60528061,47966227,11738879,1.246,0.279,-2948683,19401468,19401468,20662073,-14984321,1.284,3.505,0,0,0,0,24143518,3314360,0,0.0,0.0,-14197914,-10883554,-0.144,-10883554,-14197914,-14197914,-0.32,-0.32,-0.32,13252941,16544203,13252941,98631676,-6,-9.062,-8217153,-0.173,1.0,54748896,0.726,5486587,0,-2536556,5092839,642819,10530942,10530942,0,46452165,37353607,9098558,110786085,2393774,0,738184,0,0,738184,7235301,11065372,-5268470,-311241,-14984321,-14984321,-14984321,0,0,-0.199,68423799,-13674903,2801372,0.0,8.359,-7.393,-7.281,3980679,0,2.33,1.469,1.465,14130302,-100910119,75410969,75410969,18950084,-0.248,-0.906,-2.788,-0.188,4587282,49029374,1.0,47547676,47408995,47408995,1.591,54218519,550496,786407,167875,1.14,10612620
FALC,MRY,2013-12-31,2013-12-31,2013-12-31,2018-04-30,-1762387,53218404,52135480,42176144,11042260,1.125,0.129,-2510009,20038340,20038340,15155814,-10932590,1.514,6.475,0,0,0,0,29750445,2660826,0,0.0,0.0,-12506358,-9845532,-0.168,-9845532,-12506358,-12506358,-0.24,-0.24,-0.24,6218328,6893773,6218328,41142201,-3,-4.179,-13644934,-0.284,1.0,43480690,0.742,6126010,0,-795262,-5002539,919390,8073108,8073108,0,40262498,27849316,12413182,64842844,636872,0,697500,0,0,9429177,2572090,5455035,-11134925,-229470,-10932590,-11276473,-11276473,0,0,-0.192,57081174,-13600484,1024180,0.0,10.428,-5.75,-5.625,3317344,343883,1.35,1.106,1.105,11150323,-111842709,58636504,58636504,15613543,-0.216,-1.636,2.5,-0.213,1668050,37487992,1.0,48031737,47979467,47979467,1.222,47092394,407743,-1573768,211710,0.98,14326828
FALC,MRY,2014-12-31,2014-12-31,2014-12-31,2018-04-30,-1511290,42322836,47255460,32939288,9383548,0.979,-0.238,-943121,10873891,10873891,10630716,-7211821,1.042,-4.351,0,0,0,0,36477227,2503762,0,0.0,0.0,-6701730,-4197968,-0.091,-4197968,-6701730,-6701730,-0.18,-0.18,-0.18,-10471228,-2731673,-10471228,46151552,-6,-10.994,-451875,-0.01,1.0,35642799,0.77,5854893,0,-6014969,-2065956,352493,10900722,10900722,0,45563123,31609021,13954102,60598613,-8414449,0,-4660717,0,0,-5437808,-3175773,-2827614,491246,-292114,-7211821,-8452800,-8452800,0,0,-0.183,41701896,-6059097,1266504,0.0,-5.787,-7.169,-7.444,2147188,1240979,1.34,1.31,1.34,8898680,-119054530,46273515,46273515,12452528,-0.179,3.094,3.244,-0.145,1465010,33531983,1.0,45222846,46265225,46265225,1.0,36467943,324089,510091,249750,0.829,1330267
FALC,MRY,2015-12-31,2015-12-31,2015-12-31,2018-04-30,-1703214,30426365,34282712,22087704,8338661,1.417,-0.283,-927601,6013382,6013382,9682134,-1929361,0.904,-2.931,0,0,0,0,25675808,1988924,0,0.0,0.0,-1553818,435106,0.009,435106,-1553818,-1553818,-0.08,-0.08,-0.08,-11708956,-8798141,-11708956,71939846,-46,165.339,-7251084,-0.176,1.0,38888857,0.801,5523292,0,-5542629,-4397797,70534,7420042,7420042,0,34316767,24432320,9884447,77423225,-4860509,0,-78616,0,0,-456306,2423907,3336992,-6323483,-504627,-1929361,-3282177,-3282177,0,0,-0.068,40172721,-1283864,1005944,0.0,-6.612,-23.589,-23.5,1565932,1352816,1.88,1.594,1.591,6635262,-120983891,48570991,48570991,12787606,-0.096,0.373,0.353,-0.032,1351303,27203278,1.0,41182567,41093644,41093644,1.182,24903073,315876,375543,116412,0.602,-2344616
FALC,MRY,2016-12-31,2016-12-31,2016-12-31,2018-04-30,-1837713,17280745,21417357,9646766,7633979,1.413,-0.495,-294061,3391528,3391528,8284303,-10998794,0.479,-1.382,0,0,0,0,23666815,1325706,0,0.0,0.0,-10411587,-9085881,-0.3,-9085881,-10411587,-10411587,-0.3,-0.3,-0.3,-21702577,-18889164,-21702577,13994943,-1,-1.54,-9717557,-0.226,1.0,21979043,0.726,4907353,0,-11145146,-11865851,6181,0,0,0,29983322,20127010,9856312,19638553,-2621854,0,0,0,0,0,7133126,7416000,-9423496,-331484,-10998794,-12958130,-12958130,0,0,-0.428,32269417,-10290374,419877,0.0,-0.905,-1.516,-1.5,1174942,1959336,0.45,0.649,0.641,5003972,-131982685,30263346,30263346,11702956,-0.605,0.686,0.877,-0.344,751336,20389072,1.0,43650930,43091878,43091878,0.702,12373392,577735,587207,254776,0.282,-10480244
FALC,MRY,2017-12-31,2017-12-31,2017-12-31,2018-04-30,-1958843,13215214,13370886,6423981,6791233,1.882,-0.476,-94805,1011472,1011472,5540999,1052401,0.365,-1.199,370151,370151,0,370151,18360690,1029481,0,0.0,0.0,1060007,2089488,0.083,2089488,1060007,1060007,0.0,0.0,0.0,-21224797,-22502502,-21224797,4933213,4,2.361,-2669225,-0.06,1.0,19619564,0.78,4571384,0,-9597068,-11683081,0,0,0,0,25440011,17599577,7840434,6684523,-2380056,0,0,351656,0,325945,-183718,0,-2574420,52137,1052401,179358,179358,0,0,0.007,18597621,1021943,1092864,,-0.315,37.269,,636112,873043,0.15,0.266,0.265,4168015,-130930284,25160563,25160563,6517050,0.013,-0.008,-0.091,0.042,281794,12240168,1.0,44563490,44413061,46999327,0.567,8643830,590977,7606,85559,0.194,-11175596
