ticker,dimension,calendardate,datekey,reportperiod,lastupdated,accoci,assets,assetsavg,assetsc,assetsnc,assetturnover,bvps,capex,cashneq,cashnequsd,cor,consolinc,currentratio,de,debt,debtc,debtnc,debtusd,deferredrev,depamor,deposits,divyield,dps,ebit,ebitda,ebitdamargin,ebitdausd,ebitusd,ebt,eps,epsdil,epsusd,equity,equityavg,equityusd,ev,evebit,evebitda,fcf,fcfps,fxusd,gp,grossmargin,intangibles,intexp,invcap,invcapavg,inventory,investments,investmentsc,investmentsnc,liabilities,liabilitiesc,liabilitiesnc,marketcap,ncf,ncfbus,ncfcommon,ncfdebt,ncfdiv,ncff,ncfi,ncfinv,ncfo,ncfx,netinc,netinccmn,netinccmnusd,netincdis,netincnci,netmargin,opex,opinc,payables,payoutratio,pb,pe,pe1,ppnenet,prefdivis,price,ps,ps1,receivables,retearn,revenue,revenueusd,rnd,roa,roe,roic,ros,sbcomp,sgna,sharefactor,sharesbas,shareswa,shareswadil,sps,tangibles,taxassets,taxexp,taxliabilities,tbvps,workingcapital
FARM,MRY,2011-12-31,2011-06-30,2011-06-30,2018-05-09,-23888000,290053000,311705750,157410000,132643000,1.488,8.451,-17395000,6081000,6081000,306458000,-52033000,1.521,1.264,39998000,32932000,7066000,39998000,0,31758000,0,0.029,0.29,-63464000,-31706000,-0.068,-31706000,-63464000,-65429000,-3.45,-3.45,-3.45,128115000,140852500,128115000,199327319,-3,-6.287,16542000,1.098,1.0,157487000,0.339,14639000,1965000,205869000,231569750,79759000,24874000,24874000,0,161938000,103462000,58476000,164322319,1932000,0,0,-9953000,-4657000,-14610000,-17395000,0,33937000,0,-52033000,-52033000,-52033000,0,0,-0.112,227854000,-70367000,42473000,-0.084,1.283,-3.158,-2.939,114107000,0,10.14,0.354,0.329,43501000,129784000,463945000,463945000,0,-0.167,-0.369,-0.274,-0.137,3825000,220049000,1.0,16205357,15066663,15066663,30.793,275414000,1453000,-13396000,2315000,18.168,53948000
FARM,MRY,2012-12-31,2012-06-30,2012-06-30,2018-05-09,-44496000,257916000,268717000,136178000,121738000,1.856,5.348,-14461000,5518000,5518000,332309000,-26576000,1.57,2.087,44993000,32863000,12130000,44993000,0,32113000,0,0.0,0.0,-24786000,7327000,0.015,7327000,-24786000,-26923000,-1.72,-1.72,-1.72,83552000,109052250,83552000,167340038,-6,22.839,3672000,0.237,1.0,166392000,0.334,7615000,2137000,203039000,198456750,65981000,19736000,19736000,0,174364000,86737000,87627000,129597038,-2175000,0,0,-5847000,0,-5847000,-14461000,0,18133000,0,-26576000,-26576000,-26576000,0,0,-0.053,188238000,-21846000,27266000,0.0,1.551,-4.876,-4.628,108137000,0,7.96,0.26,0.247,40736000,102542000,498701000,498701000,0,-0.099,-0.244,-0.125,-0.05,3287000,178353000,1.0,16281035,15492314,15492314,32.19,250301000,1623000,-347000,2094000,16.021,49441000
FARM,MRY,2013-12-31,2013-06-30,2013-06-30,2018-05-09,-42514000,244136000,248970750,139749000,104387000,2.064,5.181,-10228000,10762000,10762000,328693000,-8462000,1.826,1.983,31822000,13063000,18759000,31822000,0,32542000,0,0.0,0.0,-7505000,25037000,0.049,25037000,-7505000,-9287000,-0.54,-0.54,-0.54,81838000,71804500,81838000,254902351,-33,10.181,11699000,0.75,1.0,185176000,0.36,6277000,1782000,182369000,189635500,60867000,20546000,20546000,0,162298000,76550000,85748000,231279351,-1228000,0,1203000,-14130000,0,-12927000,-10228000,0,21927000,0,-8462000,-8462000,-8462000,0,0,-0.016,184804000,372000,27740000,0.0,2.826,-27.332,-26.037,92159000,0,14.06,0.45,0.427,43922000,94080000,513869000,513869000,0,-0.034,-0.118,-0.04,-0.015,3563000,189179000,1.0,16449456,15604452,15604452,32.931,237859000,876000,-825000,1775000,15.058,63199000
FARM,MRY,2014-12-31,2014-06-30,2014-06-30,2018-05-09,-27792000,266177000,259315250,157460000,108717000,2.038,7.16,-20731000,11993000,11993000,332466000,12132000,2.048,1.317,9781000,3857000,5924000,9781000,0,27334000,0,0.0,0.0,14095000,41429000,0.078,41429000,14095000,12837000,0.76,0.76,0.76,114864000,103345000,114864000,372600925,26,8.994,32164000,2.022,1.0,195914000,0.371,5628000,1258000,181467000,190429250,71044000,22632000,22632000,0,151313000,76870000,74443000,357868925,9315000,0,1480000,-24329000,0,-22849000,-20731000,0,52895000,0,12132000,12132000,12132000,0,0,0.023,186998000,8916000,44336000,0.0,3.116,29.498,28.434,95641000,0,21.61,0.677,0.651,42230000,106212000,528380000,528380000,0,0.047,0.117,0.074,0.027,4692000,190812000,1.0,16560339,15909631,16014587,33.211,260549000,642000,705000,1858000,16.242,80590000
FARM,MRY,2015-12-31,2015-06-30,2015-06-30,2018-05-09,-60420000,240943000,251303500,135685000,105258000,2.172,5.658,-18943000,16162000,16162000,348846000,652000,2.092,1.677,5926000,3327000,2599000,5926000,0,24179000,0,0.0,0.0,1823000,26002000,0.048,26002000,1823000,1054000,0.04,0.04,0.04,90011000,105272500,90011000,391252047,214,15.047,7987000,0.495,1.0,197036000,0.361,6691000,769000,159142000,174514250,50522000,23665000,23665000,0,150932000,64874000,86058000,391002047,3167000,-1200000,1548000,-5052000,0,-3620000,-20143000,0,26930000,0,652000,652000,652000,0,0,0.001,193752000,3284000,27023000,0.0,4.344,599.696,587.5,90201000,0,23.5,0.716,0.694,40161000,106864000,545882000,545882000,0,0.003,0.006,0.01,0.003,5691000,182926000,1.0,16638385,16127610,16267134,33.848,234252000,1286000,402000,2318000,14.725,70811000
FARM,MRY,2016-12-31,2016-06-30,2016-06-30,2018-05-09,-63632000,368991000,287515750,153365000,215626000,1.893,11.032,-39530000,21095000,21095000,335907000,89918000,2.698,1.021,2468000,1432000,1036000,2468000,0,20774000,0,0.0,0.0,10346000,31120000,0.057,31120000,10346000,9921000,5.45,5.41,5.45,182594000,120685000,182594000,527710069,51,16.957,-11902000,-0.721,1.0,208475000,0.383,6491000,425000,287036000,203641750,46378000,25591000,25591000,0,186397000,56837000,129560000,537615069,5935000,0,1694000,16302000,0,17837000,-39530000,0,27628000,0,89918000,89918000,89918000,0,0,0.165,200296000,8179000,23919000,0.0,2.944,5.979,5.883,118416000,0,32.06,0.988,0.972,44364000,196782000,544382000,544382000,0,0.313,0.745,0.051,0.019,4342000,192168000,1.0,16769029,16502523,16627402,32.988,362500000,81033000,-79997000,0,21.902,96528000
FARM,MRY,2017-12-31,2017-06-30,2017-06-30,2018-05-09,-60099000,392736000,402080250,117164000,275572000,1.347,12.713,-80871000,6241000,6241000,327765000,24400000,1.205,0.826,28816000,28579000,237000,28816000,0,22970000,0,0.0,0.0,42539000,65509000,0.121,65509000,42539000,40354000,1.46,1.45,1.46,215135000,203691250,215135000,549505534,12,8.388,-38759000,-2.325,1.0,213735000,0.395,29614000,2185000,288430000,303380750,56251000,368000,368000,0,177601000,97267000,80334000,509537534,-14854000,-25853000,688000,49108000,0,49758000,-106724000,0,42112000,0,24400000,24400000,24400000,0,0,0.045,171569000,42166000,39784000,0.0,2.368,20.883,20.719,176066000,0,30.25,0.941,0.931,46446000,221182000,541500000,541500000,0,0.061,0.12,0.14,0.079,3959000,200131000,1.0,16844216,16668745,16785752,32.486,363122000,63373000,15954000,0,21.458,19897000
