ticker,dimension,calendardate,datekey,reportperiod,lastupdated,accoci,assets,assetsavg,assetsc,assetsnc,assetturnover,bvps,capex,cashneq,cashnequsd,cor,consolinc,currentratio,de,debt,debtc,debtnc,debtusd,deferredrev,depamor,deposits,divyield,dps,ebit,ebitda,ebitdamargin,ebitdausd,ebitusd,ebt,eps,epsdil,epsusd,equity,equityavg,equityusd,ev,evebit,evebitda,fcf,fcfps,fxusd,gp,grossmargin,intangibles,intexp,invcap,invcapavg,inventory,investments,investmentsc,investmentsnc,liabilities,liabilitiesc,liabilitiesnc,marketcap,ncf,ncfbus,ncfcommon,ncfdebt,ncfdiv,ncff,ncfi,ncfinv,ncfo,ncfx,netinc,netinccmn,netinccmnusd,netincdis,netincnci,netmargin,opex,opinc,payables,payoutratio,pb,pe,pe1,ppnenet,prefdivis,price,ps,ps1,receivables,retearn,revenue,revenueusd,rnd,roa,roe,roic,ros,sbcomp,sgna,sharefactor,sharesbas,shareswa,shareswadil,sps,tangibles,taxassets,taxexp,taxliabilities,tbvps,workingcapital
FBIZ,MRY,2011-12-31,2011-12-31,2011-12-31,2018-04-28,2491000,1177165000,1130501500,,,0.034,12.214,-365000,130093000,130093000,0,8425000,,17.332,50607000,,,50607000,0,2404000,1051312000,0.017,0.14,11874000,14278000,0.373,14278000,11874000,11874000,1.615,1.615,1.615,64214000,60532000,64214000,12721461,1,0.891,17212000,3.274,1.0,38271000,1.0,0,0,1097679000,1102072750,0,1009440000,,,1112951000,,,43372461,79274000,-129000,-103000,-1212000,-729000,60981000,716000,-971000,17577000,0,8425000,8425000,8425000,0,0,0.22,26397000,11874000,0,0.087,0.675,5.148,5.108,999000,0,8.25,1.133,1.133,0,37501000,38271000,38271000,0,0.007,0.139,0.011,0.31,568000,20464000,1.0,5257268,5257268,,7.28,1177165000,0,3449000,0,223.912,
FBIZ,MRY,2012-12-31,2012-12-31,2012-12-31,2018-04-28,2183000,1226108000,1185078500,,,0.036,18.738,-561000,85586000,85586000,0,8926000,,11.318,22720000,,,22720000,0,3054000,1092254000,0.012,0.14,13676000,16730000,0.395,16730000,13676000,13676000,1.65,1.645,1.65,99539000,76072000,99539000,22912540,1,1.37,15437000,2.906,1.0,42337000,1.0,0,0,1163242000,1132551750,0,1098300000,,,1126569000,,,60957540,-44507000,893000,26880000,-27887000,-738000,39304000,-99809000,-97820000,15998000,0,8926000,8926000,8926000,0,0,0.211,28661000,13676000,0,0.085,0.612,6.829,6.955,968000,0,11.475,1.44,1.44,0,45599000,42337000,42337000,0,0.008,0.117,0.012,0.323,441000,22955000,1.0,5312204,5312204,,7.97,1226108000,0,4750000,0,230.81,
FBIZ,MRY,2013-12-31,2013-12-31,2013-12-31,2018-04-28,-342000,1268655000,1257487500,,,0.041,13.871,-501000,81286000,81286000,0,13746000,,10.61,22251000,,,22251000,0,2322000,1129855000,0.015,0.28,21135000,23457000,0.455,23457000,21135000,21135000,1.75,1.74,1.75,109275000,105189750,109275000,74361946,3,3.17,15401000,1.955,1.0,51506000,1.0,0,0,1209620000,1193691000,0,1148423000,,,1159380000,,,148224946,-4300000,-578000,-308000,-469000,-2475000,34714000,-54916000,-56551000,15902000,0,13746000,13746000,13746000,0,0,0.267,30371000,21135000,0,0.16,1.356,10.783,10.751,1155000,0,18.815,2.878,2.878,0,57143000,51506000,51506000,0,0.011,0.131,0.018,0.41,295000,24897000,1.0,7878020,7878020,,6.538,1268655000,0,7389000,0,161.037,
FBIZ,MRY,2014-12-31,2014-12-31,2014-12-31,2018-04-28,218000,1629387000,1409307250,,,0.039,17.335,-3190000,103237000,103237000,0,14139000,,10.829,44309000,,,44309000,0,1870000,1438268000,0.018,0.42,21222000,23092000,0.42,23092000,21222000,21222000,1.76,1.75,1.76,137748000,120945750,137748000,49108005,2,2.127,8684000,1.093,1.0,54997000,1.0,11944000,0,1558515000,1324809750,0,1455039000,,,1491639000,,,190355005,21951000,-19735000,15698000,21527000,-3396000,342826000,-332749000,-306769000,11874000,0,14139000,14139000,14139000,0,0,0.257,33775000,21222000,0,0.239,1.382,13.463,13.611,3943000,0,23.955,3.461,3.461,0,67886000,54997000,54997000,0,0.01,0.117,0.016,0.386,887000,30295000,1.0,7946358,7946358,,6.921,1617443000,0,7083000,0,203.545,
FBIZ,MRY,2015-12-31,2015-12-31,2015-12-31,2018-04-28,-80000,1782081000,1722618750,,,0.042,17.343,-789000,113564000,113564000,0,16514000,,10.815,44730000,,,44730000,0,-90000,1577231000,0.018,0.44,24891000,24801000,0.343,24801000,24891000,24891000,1.9,1.9,1.9,150832000,146193750,150832000,141512195,5,5.706,22431000,2.579,1.0,72265000,1.0,12493000,0,1700754000,1642125500,0,1598024000,,,1631249000,,,217514195,10327000,-119000,-646000,1418000,-3816000,136692000,-149585000,-149180000,23220000,0,16514000,16514000,16514000,0,0,0.229,47374000,24891000,0,0.232,1.442,13.172,13.163,3954000,0,25.01,3.01,3.01,0,80584000,72265000,72265000,0,0.01,0.113,0.015,0.344,1063000,41602000,1.0,8697089,8697089,,8.309,1769588000,0,8377000,0,203.469,
FBIZ,MRY,2016-12-31,2016-12-31,2016-12-31,2018-04-28,-522000,1780699000,1790584500,,,0.041,18.566,-584000,77517000,77517000,0,14909000,,10.016,69680000,,,69680000,0,1515000,1538855000,0.02,0.48,17065000,18580000,0.253,18580000,17065000,17065000,1.71,1.71,1.71,161650000,158793500,161650000,177706872,10,9.564,25578000,2.938,1.0,73498000,1.0,12773000,0,1760089000,1731681500,0,1617510000,,,1619049000,,,206523872,-36047000,-3665000,-467000,24998000,-4176000,-17901000,-44308000,-30366000,26162000,0,14909000,14909000,14909000,0,0,0.203,52742000,20756000,0,0.281,1.278,13.852,13.871,3772000,0,23.72,2.81,2.81,0,91317000,73498000,73498000,0,0.008,0.094,0.01,0.232,852000,44420000,1.0,8706740,8706740,,8.442,1767926000,0,2156000,0,203.053,
FBIZ,MRY,2017-12-31,2017-12-31,2017-12-31,2018-04-28,-1238000,1794066000,1787310000,,,0.04,19.325,-1242000,52539000,52539000,0,11905000,,9.598,217917000,,,217917000,0,1562000,1394331000,0.024,0.52,14231000,15793000,0.222,15793000,14231000,14231000,1.36,1.36,1.36,169278000,166356750,169278000,298466966,20,18.899,21166000,2.416,1.0,71102000,1.0,12652000,0,1946792000,1873003000,0,1654479000,,,1624788000,,,193763966,-24978000,-2951000,-323000,148314000,-4538000,-1033000,-46353000,-43794000,22408000,0,11905000,11905000,11905000,0,0,0.167,54087000,17015000,0,0.382,1.145,16.276,16.265,3156000,0,22.12,2.725,2.725,0,98906000,71102000,71102000,0,0.007,0.072,0.008,0.2,1012000,43835000,1.0,8759673,8759673,,8.117,1781414000,0,2326000,0,203.365,
