ticker,dimension,calendardate,datekey,reportperiod,lastupdated,accoci,assets,assetsavg,assetsc,assetsnc,assetturnover,bvps,capex,cashneq,cashnequsd,cor,consolinc,currentratio,de,debt,debtc,debtnc,debtusd,deferredrev,depamor,deposits,divyield,dps,ebit,ebitda,ebitdamargin,ebitdausd,ebitusd,ebt,eps,epsdil,epsusd,equity,equityavg,equityusd,ev,evebit,evebitda,fcf,fcfps,fxusd,gp,grossmargin,intangibles,intexp,invcap,invcapavg,inventory,investments,investmentsc,investmentsnc,liabilities,liabilitiesc,liabilitiesnc,marketcap,ncf,ncfbus,ncfcommon,ncfdebt,ncfdiv,ncff,ncfi,ncfinv,ncfo,ncfx,netinc,netinccmn,netinccmnusd,netincdis,netincnci,netmargin,opex,opinc,payables,payoutratio,pb,pe,pe1,ppnenet,prefdivis,price,ps,ps1,receivables,retearn,revenue,revenueusd,rnd,roa,roe,roic,ros,sbcomp,sgna,sharefactor,sharesbas,shareswa,shareswadil,sps,tangibles,taxassets,taxexp,taxliabilities,tbvps,workingcapital
FC,MRY,2011-12-31,2011-08-31,2011-08-31,2018-04-09,3592000,151427000,147257000,52056000,99371000,1.092,4.576,-5423000,3016000,3016000,57330000,4807000,1.47,0.909,35364000,3149000,32215000,35364000,0,7107000,0,0.0,0.0,11133000,18240000,0.113,18240000,11133000,8446000,0.28,0.27,0.28,79316000,74895250,79316000,202894657,18,11.124,10220000,0.597,1.0,103474000,0.643,70875000,2687000,77499000,76554250,4301000,0,0,0,72111000,35401000,36710000,162719657,-468000,-5411000,110000,-5205000,0,-5095000,-10834000,0,15643000,-182000,4807000,4807000,4807000,0,0,0.03,92362000,11112000,9154000,0.0,2.052,33.851,34.0,19143000,0,9.52,1.012,1.013,38129000,18269000,160804000,160804000,0,0.033,0.064,0.145,0.069,2788000,85255000,1.0,17092401,17106000,17547000,9.4,80552000,3005000,3639000,4369000,4.647,16655000
FC,MRY,2012-12-31,2012-08-31,2012-08-31,2018-04-09,3410000,164080000,153794750,64195000,99885000,1.108,5.089,-4392000,11011000,11011000,57773000,7841000,1.752,0.812,32215000,3492000,28723000,32215000,0,5698000,0,0.0,0.0,16229000,21927000,0.129,21927000,16229000,13747000,0.44,0.43,0.44,90555000,85983000,90555000,210979680,13,9.622,11170000,0.629,1.0,112683000,0.661,68377000,2482000,80258000,79586500,4161000,0,0,0,73525000,36649000,36876000,184376680,7995000,0,-5000,-3187000,0,-3192000,-4392000,0,15562000,17000,7841000,7841000,7841000,0,0,0.046,95103000,17580000,7758000,0.0,2.036,23.514,23.523,18496000,0,10.35,1.082,1.079,45153000,26110000,170456000,170456000,0,0.051,0.091,0.204,0.095,3835000,89462000,1.0,17814172,17772000,18360000,9.591,95703000,3634000,5906000,7870000,5.379,27546000
FC,MRY,2013-12-31,2013-08-31,2013-08-31,2018-04-09,1686000,189405000,168634500,81108000,108297000,1.132,6.513,-5398000,12291000,12291000,61935000,14319000,1.889,0.778,28515000,1139000,27376000,28515000,0,6131000,0,0.0,0.0,21730000,27861000,0.146,27861000,21730000,19398000,0.83,0.8,0.83,106506000,97561500,106506000,277599820,12,9.964,10130000,0.584,1.0,128989000,0.676,76789000,2332000,85902000,82729500,4321000,0,0,0,82899000,42938000,39961000,256891820,1280000,-4185000,-869000,-3730000,0,-3834000,-9583000,0,15528000,-831000,14319000,14319000,14319000,0,0,0.075,107375000,21614000,9294000,0.0,2.412,17.941,18.928,17180000,0,15.71,1.346,1.427,60442000,40429000,190924000,190924000,0,0.085,0.147,0.263,0.114,2686000,101176000,1.0,16352121,17348000,17971000,11.006,112616000,4685000,5079000,7844000,6.887,38170000
FC,MRY,2014-12-31,2014-08-31,2014-08-31,2018-04-09,1451000,205186000,185476500,93016000,112170000,1.106,7.522,-3470000,10483000,10483000,66899000,18067000,2.169,0.619,27376000,1298000,26078000,27376000,0,7326000,0,0.0,0.0,23996000,31322000,0.153,31322000,23996000,21759000,1.08,1.07,1.08,126714000,113657000,126714000,346354971,14,11.058,14654000,0.876,1.0,138266000,0.674,76818000,2237000,102376000,98042750,6367000,0,0,0,78472000,42885000,35587000,321487971,-1808000,-6167000,-3767000,-1155000,0,-2445000,-17424000,0,18124000,-63000,18067000,18067000,18067000,0,0,0.088,113501000,24765000,12001000,0.0,2.537,17.794,17.657,17271000,0,19.07,1.567,1.554,66637000,58496000,205165000,205165000,0,0.097,0.159,0.245,0.117,1057000,105801000,1.0,16858310,16720000,16947000,12.271,128368000,6772000,3692000,5575000,7.62,50131000
FC,MRY,2015-12-31,2015-08-31,2015-08-31,2018-04-09,192000,200645000,192587500,95425000,105220000,1.09,7.629,-4612000,16234000,16234000,71852000,11116000,2.408,0.599,26078000,1473000,24605000,26078000,12752000,11968000,0,0.0,0.0,19549000,31517000,0.15,31517000,19549000,17412000,0.66,0.66,0.66,125506000,126250750,125506000,289744066,14,9.193,21578000,1.289,1.0,138089000,0.658,73352000,2137000,97503000,99240000,3949000,0,0,0,75139000,39634000,35505000,277119066,5751000,-262000,-13738000,-1302000,0,-14903000,-4874000,0,26190000,-662000,11116000,11116000,11116000,0,0,0.053,118560000,19529000,8306000,0.0,2.208,24.93,25.348,15499000,0,16.73,1.32,1.334,69169000,69612000,209941000,209941000,0,0.058,0.088,0.197,0.093,2399000,108802000,1.0,16564200,16742000,16923000,12.54,127293000,2479000,6296000,7319000,7.738,55791000
FC,MRY,2016-12-31,2016-08-31,2016-08-31,2018-04-09,1222000,190871000,181764500,89741000,101130000,1.101,6.694,-6229000,10456000,10456000,64901000,7016000,1.66,1.037,38668000,5412000,33256000,38668000,20847000,10808000,0,0.0,0.0,14174000,24982000,0.125,24982000,14174000,11911000,0.47,0.47,0.47,93715000,101211250,93715000,261357032,18,10.462,26436000,1.769,1.0,135154000,0.676,70099000,2263000,94927000,95607750,5042000,0,0,0,97156000,54057000,43099000,230228032,-5778000,0,-42907000,12591000,0,-32535000,-6229000,0,32665000,321000,7016000,7016000,7016000,0,0,0.035,121305000,13849000,10376000,0.0,2.457,32.815,34.553,16083000,0,16.24,1.151,1.213,69128000,76628000,200055000,200055000,0,0.039,0.069,0.148,0.071,3173000,113589000,1.0,14176603,14944000,15076000,13.387,120772000,0,4895000,6670000,8.627,35684000
FC,MRY,2017-12-31,2017-08-31,2017-08-31,2018-04-09,667000,210731000,186064250,91835000,118896000,0.996,6.153,-14403000,8924000,8924000,62589000,-7172000,1.139,1.477,46383000,8118000,38265000,46383000,40772000,11188000,0,0.0,0.0,-8501000,2687000,0.015,2687000,-8501000,-10909000,-0.52,-0.52,-0.52,85065000,86603750,85065000,291867261,-34,108.622,2954000,0.214,1.0,122667000,0.662,81514000,2408000,86050000,86272000,3353000,0,0,0,125666000,80626000,45040000,260558261,-1532000,-7272000,-4749000,7715000,0,3134000,-21675000,0,17357000,-348000,-7172000,-7172000,-7172000,0,0,-0.039,131547000,-8880000,9119000,0.0,3.063,-36.33,-36.154,19730000,0,18.8,1.406,1.402,68090000,69456000,185256000,185256000,0,-0.039,-0.083,-0.099,-0.046,3490000,121148000,1.0,13859482,13819000,13819000,13.406,129217000,1906000,-3737000,1033000,9.347,11209000
