ticker,dimension,calendardate,datekey,reportperiod,lastupdated,accoci,assets,assetsavg,assetsc,assetsnc,assetturnover,bvps,capex,cashneq,cashnequsd,cor,consolinc,currentratio,de,debt,debtc,debtnc,debtusd,deferredrev,depamor,deposits,divyield,dps,ebit,ebitda,ebitdamargin,ebitdausd,ebitusd,ebt,eps,epsdil,epsusd,equity,equityavg,equityusd,ev,evebit,evebitda,fcf,fcfps,fxusd,gp,grossmargin,intangibles,intexp,invcap,invcapavg,inventory,investments,investmentsc,investmentsnc,liabilities,liabilitiesc,liabilitiesnc,marketcap,ncf,ncfbus,ncfcommon,ncfdebt,ncfdiv,ncff,ncfi,ncfinv,ncfo,ncfx,netinc,netinccmn,netinccmnusd,netincdis,netincnci,netmargin,opex,opinc,payables,payoutratio,pb,pe,pe1,ppnenet,prefdivis,price,ps,ps1,receivables,retearn,revenue,revenueusd,rnd,roa,roe,roic,ros,sbcomp,sgna,sharefactor,sharesbas,shareswa,shareswadil,sps,tangibles,taxassets,taxexp,taxliabilities,tbvps,workingcapital
FCEL,MRY,2011-12-31,2011-10-31,2011-10-31,2018-03-08,15000,183630000,167429000,132948000,50682000,0.732,-1.231,-3350000,51415000,51415000,135180000,-45974000,1.165,-10.27,9161000,5056000,4105000,9161000,71114000,6431000,0,0.0,0.0,-43118000,-36687000,-0.299,-36687000,-43118000,-45696000,-5.64,-5.64,-5.64,-13451000,-5798750,-13451000,112605963,-2,-3.069,-11835000,-1.141,1.0,-12610000,-0.103,0,2578000,27211000,50622000,40101000,22482000,12016000,10466000,138148000,114165000,23983000,136307963,31566000,0,32930000,3694000,0,22016000,18031000,21381000,-8485000,4000,-45713000,-57900000,-57900000,0,-261000,-0.472,33067000,-45677000,14247000,0.0,-10.134,-2.354,-2.277,23925000,12187000,12.84,1.112,1.087,21950000,-701336000,122570000,122570000,16768000,-0.346,9.985,-0.852,-0.352,2577000,16299000,1.0,10615885,10374839,10374839,11.814,183630000,0,17000,0,16.812,18783000
FCEL,MRY,2012-12-31,2012-10-31,2012-10-31,2018-03-08,66000,191485000,193476000,140626000,50859000,0.623,0.935,-4453000,52214000,52214000,120158000,-35906000,1.656,8.098,9136000,5161000,3975000,9136000,61472000,5192000,0,0.0,0.0,-33122000,-27930000,-0.232,-27930000,-33122000,-35426000,-2.76,-2.76,-2.76,14509000,14673000,14509000,108340116,-3,-3.879,-63112000,-4.577,1.0,445000,0.004,0,2304000,63510000,52876250,47701000,11415000,0,11415000,117500000,84897000,32603000,172952116,3896000,0,64003000,-173000,0,54957000,7547000,12000000,-58659000,51000,-35495000,-38696000,-38696000,0,-411000,-0.321,32574000,-32129000,12457000,0.0,11.92,-4.47,-4.046,23258000,3201000,11.166,1.434,1.277,35984000,-736831000,120603000,120603000,14354000,-0.2,-2.637,-0.626,-0.275,2054000,18220000,1.0,15489174,13789272,13789272,8.746,191485000,0,69000,0,12.338,55729000
FCEL,MRY,2013-12-31,2013-10-31,2013-10-31,2018-03-08,101000,237636000,223118750,189329000,48307000,0.841,-0.799,-6551000,72749000,72749000,180536000,-35319000,1.782,-15.386,59606000,6931000,52675000,59606000,70620000,4097000,0,0.0,0.0,-30014000,-25917000,-0.138,-25917000,-30014000,-33987000,-2.42,-2.42,-2.42,-12412000,-4135500,-12412000,225390760,-7,-8.697,-23209000,-1.493,1.0,7122000,0.038,13667000,3973000,104563000,61856250,56185000,4950000,0,4950000,190971000,106263000,84708000,257363760,20817000,357000,5040000,44876000,0,43634000,-6194000,0,-16658000,35000,-34358000,-37558000,-37558000,0,-961000,-0.2,36935000,-29813000,24535000,0.0,-20.735,-6.852,-6.645,24225000,3200000,16.08,1.371,1.332,49116000,-771189000,187658000,187658000,15717000,-0.168,9.082,-0.485,-0.16,2226000,21218000,1.0,16005209,15543750,15543750,12.073,223969000,0,371000,0,14.409,83066000
FCEL,MRY,2014-12-31,2014-10-31,2014-10-31,2018-03-08,-159000,280636000,257558000,217031000,63605000,0.7,4.884,-7079000,89233000,89233000,166567000,-38883000,2.891,1.223,14806000,1439000,13367000,14806000,58331000,4384000,0,0.0,0.0,-34076000,-29692000,-0.165,-29692000,-34076000,-37637000,-2.02,-2.02,-2.02,99987000,66949750,99987000,475466351,-13,-16.013,-64547000,-3.153,1.0,13726000,0.076,13667000,3561000,117481000,98523750,55895000,19600000,0,19600000,122330000,75061000,47269000,573459351,31134000,0,106005000,-5721000,0,95941000,-7079000,0,-57468000,-260000,-38125000,-41325000,-41325000,0,-758000,-0.229,41037000,-27311000,22969000,0.0,5.735,-13.877,-12.0,25825000,3200000,24.24,3.181,2.753,64375000,-809314000,180293000,180293000,18240000,-0.16,-0.617,-0.346,-0.189,2908000,22797000,1.0,23657564,20473915,20473915,8.806,266969000,0,488000,0,13.039,141970000
FCEL,MRY,2015-12-31,2015-10-31,2015-10-31,2018-03-08,-509000,277231000,286609000,203898000,73333000,0.569,3.888,-6930000,65140000,65140000,150301000,-29684000,2.723,1.287,20356000,7358000,12998000,20356000,54433000,4099000,0,0.0,0.0,-26125000,-22026000,-0.135,-22026000,-26125000,-29085000,-1.33,-1.33,-1.33,95309000,99537750,95309000,217411866,-8,-9.871,-51204000,-2.089,1.0,12776000,0.078,13667000,2960000,143892000,131411000,65754000,20600000,0,20600000,122620000,74888000,47732000,269841866,-23093000,0,27193000,5228000,0,28219000,-6930000,0,-44274000,-108000,-29359000,-32559000,-32559000,0,-325000,-0.2,41668000,-28892000,15745000,0.0,2.831,-8.288,-7.98,29002000,3200000,10.614,1.655,1.595,60790000,-838673000,163077000,163077000,17442000,-0.114,-0.327,-0.199,-0.16,3157000,24226000,1.0,25423202,24513731,24513731,6.652,263564000,0,274000,0,10.752,129010000
FCEL,MRY,2016-12-31,2016-10-31,2016-10-31,2018-03-08,-544000,340729000,318722750,202204000,138525000,0.34,3.461,-41452000,93624000,93624000,108609000,-51208000,3.889,1.455,85865000,5010000,80855000,85865000,27785000,4949000,0,0.0,0.0,-45480000,-40531000,-0.374,-40531000,-45480000,-50438000,-1.82,-1.82,-1.82,114396000,107883250,114396000,65372219,-1,-1.613,-88047000,-2.957,1.0,-357000,-0.003,13667000,4958000,267305000,201837500,73806000,24692000,0,24692000,166476000,51998000,114478000,112360219,32576000,0,71106000,55483000,0,120658000,-41452000,0,-46595000,-35000,-50957000,-54157000,-54157000,0,-251000,-0.5,45996000,-46353000,18475000,0.0,0.982,-2.075,-1.841,36640000,3200000,3.35,1.038,0.921,24593000,-889630000,108252000,108252000,20846000,-0.17,-0.502,-0.225,-0.42,3425000,25150000,1.0,33540364,29773700,29773700,3.636,327062000,0,519000,0,9.895,150206000
FCEL,MRY,2017-12-31,2017-10-31,2017-10-31,2018-03-08,-415000,383786000,337205250,203510000,180276000,0.284,2.029,-32077000,53922000,53922000,92932000,-53903000,2.075,1.926,92040000,28281000,63759000,92040000,26879000,8518000,0,0.0,0.0,-44688000,-36170000,-0.378,-36170000,-44688000,-53859000,-1.14,-1.14,-1.14,101256000,101813250,101256000,186441772,-4,-5.155,-103922000,-2.082,1.0,2734000,0.029,13667000,9171000,310159000,300838750,74496000,33526000,0,33526000,194973000,98078000,96895000,134653772,-30868000,633000,39482000,9306000,0,72292000,-31444000,0,-71845000,129000,-53903000,-57103000,-57103000,0,0,-0.597,47669000,-44935000,42616000,0.0,1.33,-2.358,-1.921,43565000,3200000,2.19,1.408,1.143,68521000,-943533000,95666000,95666000,20398000,-0.169,-0.561,-0.149,-0.467,4585000,25916000,1.0,61485741,49914904,49914904,1.917,370119000,0,44000,0,7.415,105432000
