ticker,dimension,calendardate,datekey,reportperiod,lastupdated,accoci,assets,assetsavg,assetsc,assetsnc,assetturnover,bvps,capex,cashneq,cashnequsd,cor,consolinc,currentratio,de,debt,debtc,debtnc,debtusd,deferredrev,depamor,deposits,divyield,dps,ebit,ebitda,ebitdamargin,ebitdausd,ebitusd,ebt,eps,epsdil,epsusd,equity,equityavg,equityusd,ev,evebit,evebitda,fcf,fcfps,fxusd,gp,grossmargin,intangibles,intexp,invcap,invcapavg,inventory,investments,investmentsc,investmentsnc,liabilities,liabilitiesc,liabilitiesnc,marketcap,ncf,ncfbus,ncfcommon,ncfdebt,ncfdiv,ncff,ncfi,ncfinv,ncfo,ncfx,netinc,netinccmn,netinccmnusd,netincdis,netincnci,netmargin,opex,opinc,payables,payoutratio,pb,pe,pe1,ppnenet,prefdivis,price,ps,ps1,receivables,retearn,revenue,revenueusd,rnd,roa,roe,roic,ros,sbcomp,sgna,sharefactor,sharesbas,shareswa,shareswadil,sps,tangibles,taxassets,taxexp,taxliabilities,tbvps,workingcapital
FCFS,MRY,2011-12-31,2011-12-31,2011-12-31,2018-04-30,-13463000,357096000,362218750,210478000,146618000,1.419,10.486,-28974000,70296000,70296000,224742000,77782000,5.945,0.132,0,0,0,0,0,11026000,0,0.0,0.0,114867000,125893000,0.245,125893000,114867000,114732000,2.53,2.47,2.53,315372000,315088000,315372000,1008477033,8,8.011,51401000,1.709,1.0,289255000,0.563,69695000,135000,181700000,183157750,44412000,74145000,74145000,0,41724000,35405000,6319000,1055382033,3056000,12078000,-52830000,-1851000,0,-52593000,-22104000,-5208000,80375000,-2622000,77782000,77782000,77782000,-7645000,0,0.151,182310000,106945000,25629000,0.0,3.346,13.568,13.87,73451000,0,35.09,2.053,2.053,10842000,333523000,513997000,513997000,0,0.215,0.247,0.627,0.223,742000,171366000,1.0,30076433,30076433,,17.09,287401000,1078000,36950000,16095000,9.556,175073000
FCFS,MRY,2012-12-31,2012-12-31,2012-12-31,2018-04-30,-6940000,507692000,444242250,241430000,266262000,1.333,12.305,-21841000,50285000,50285000,256553000,80359000,7.751,0.441,114063000,3212000,110851000,114063000,0,12975000,0,0.0,0.0,123222000,136197000,0.23,136197000,123222000,121734000,2.78,2.7,2.78,352416000,315487500,352416000,1518761793,12,11.151,66951000,2.338,1.0,335538000,0.567,166386000,1488000,373934000,316218250,65345000,105060000,105060000,0,155276000,31150000,124126000,1421156793,-20011000,-120738000,-56979000,100663000,0,49525000,-159904000,-17325000,88792000,1576000,80359000,80359000,80359000,503000,0,0.136,212029000,123509000,27938000,0.0,4.033,17.685,17.849,93304000,0,49.62,2.4,2.4,15158000,413882000,592091000,592091000,0,0.181,0.255,0.39,0.208,1300000,199090000,1.0,28640806,28640806,,20.673,341306000,1148000,41375000,13275000,11.917,210280000
FCFS,MRY,2013-12-31,2013-12-31,2013-12-31,2018-04-30,-7751000,658973000,585700500,290222000,368751000,1.128,14.335,-26672000,70643000,70643000,291274000,83846000,5.952,0.59,190352000,3326000,187026000,190352000,0,15361000,0,0.0,0.0,123051000,138412000,0.209,138412000,123051000,119559000,2.89,2.84,2.89,414359000,390663000,414359000,1918578734,15,13.861,80046000,2.769,1.0,369574000,0.559,251241000,3492000,478680000,427644500,77793000,116684000,116684000,0,244614000,48761000,195853000,1787452734,20358000,-113643000,-29450000,76289000,0,54644000,-140726000,-411000,106718000,-278000,83846000,83846000,83846000,633000,0,0.127,246212000,123362000,38023000,0.0,4.314,21.318,21.398,108137000,0,61.84,2.705,2.705,16689000,497728000,660848000,660848000,0,0.143,0.215,0.288,0.186,553000,230851000,1.0,28904475,28904475,,22.863,407732000,5044000,35713000,16239000,14.106,241461000
FCFS,MRY,2014-12-31,2014-12-31,2014-12-31,2018-04-30,-40278000,716623000,700801500,300753000,415870000,1.017,15.347,-23954000,67992000,67992000,312004000,85166000,7.067,0.65,222400000,0,222400000,222400000,0,17476000,0,0.0,0.0,130235000,147711000,0.207,147711000,130235000,116708000,2.97,2.93,2.97,434441000,435897000,434441000,1750589520,13,11.851,73725000,2.604,1.0,400873000,0.562,276882000,13527000,551590000,531551750,91088000,119777000,119777000,0,282182000,42559000,239623000,1575849520,-2651000,-58942000,-38677000,25438000,0,-9098000,-85366000,-2470000,97679000,-5866000,85166000,85166000,85166000,272000,0,0.119,271048000,129825000,42559000,0.0,3.627,18.503,18.744,113750000,0,55.67,2.211,2.211,16926000,582894000,712877000,712877000,0,0.122,0.195,0.245,0.183,1979000,252574000,1.0,28306979,28306979,,25.184,439741000,9070000,31542000,17223000,15.535,258194000
FCFS,MRY,2015-12-31,2015-12-31,2015-12-31,2018-04-30,-78410000,752895000,736005500,325434000,427461000,0.957,15.514,-21073000,86954000,86954000,313418000,60710000,7.048,0.745,253874000,0,253874000,253874000,0,17939000,14426000,0.0,0.0,104568000,122507000,0.174,122507000,104568000,87681000,2.16,2.14,2.16,431382000,427753250,431382000,1236772049,11,10.096,71676000,2.578,1.0,391184000,0.555,301790000,16887000,571850000,564540750,93458000,118719000,118719000,0,321513000,46175000,275338000,1040795049,18962000,-46887000,-30079000,35193000,0,9127000,-71676000,-3716000,92749000,-11238000,60710000,60710000,60710000,0,0,0.086,288182000,103002000,27826000,0.0,2.413,17.144,17.329,112447000,0,37.43,1.477,1.477,16406000,643604000,704602000,704602000,0,0.082,0.142,0.185,0.148,429000,259455000,1.0,27806440,27806440,,25.34,451105000,12888000,26971000,25387000,16.223,279259000
FCFS,MRY,2016-12-31,2016-12-31,2016-12-31,2018-04-30,-119806000,2145203000,1483346750,892135000,1253068000,0.734,29.892,-33863000,89955000,89955000,483574000,60127000,6.211,0.479,456545000,0,456545000,456545000,0,31865000,33536000,0.012,0.565,113767000,145632000,0.134,145632000,113767000,93447000,1.72,1.72,1.72,1449986000,938953250,1449986000,2752862121,24,18.903,62991000,1.299,1.0,604803000,0.556,935625000,20320000,1432540000,1046877750,330683000,379710000,379710000,0,695217000,143628000,551589000,2279845121,3001000,23968000,0,-38905000,-19808000,-58713000,-25967000,-16072000,96854000,-9173000,60127000,60127000,60127000,0,0,0.055,493086000,111717000,109354000,0.328,1.572,37.917,27.326,236057000,0,47.0,2.095,2.095,41013000,387401000,1088377000,1088377000,0,0.041,0.064,0.109,0.105,4174000,424551000,1.0,48507343,48507343,,22.437,1209578000,35217000,33320000,62013000,24.936,748507000
FCFS,MRY,2017-12-31,2017-12-31,2017-12-31,2018-04-30,-111877000,2062784000,2085595750,842197000,1220587000,0.853,31.266,-37135000,114423000,114423000,832316000,143892000,6.985,0.398,402243000,0,402243000,402243000,0,55233000,32019000,0.011,0.77,196347000,251580000,0.141,251580000,196347000,172312000,3.01,3.0,3.01,1475333000,1480419750,1475333000,3524292038,17,14.009,183222000,3.883,1.0,947506000,0.532,924964000,24035000,1305069000,1325837750,276771000,368270000,368270000,0,587451000,120571000,466880000,3182742038,24468000,-2203000,-91433000,-69237000,-36836000,-197506000,1397000,40735000,220357000,220000,143892000,143892000,143892000,0,0,0.081,738642000,208864000,84331000,0.256,2.157,22.119,22.409,230341000,0,67.45,1.788,1.788,42736000,494457000,1779822000,1779822000,0,0.069,0.097,0.148,0.11,3069000,674347000,1.0,47186687,47186687,,37.719,1137820000,30998000,28420000,51258000,24.113,721626000
