ticker,dimension,calendardate,datekey,reportperiod,lastupdated,accoci,assets,assetsavg,assetsc,assetsnc,assetturnover,bvps,capex,cashneq,cashnequsd,cor,consolinc,currentratio,de,debt,debtc,debtnc,debtusd,deferredrev,depamor,deposits,divyield,dps,ebit,ebitda,ebitdamargin,ebitdausd,ebitusd,ebt,eps,epsdil,epsusd,equity,equityavg,equityusd,ev,evebit,evebitda,fcf,fcfps,fxusd,gp,grossmargin,intangibles,intexp,invcap,invcapavg,inventory,investments,investmentsc,investmentsnc,liabilities,liabilitiesc,liabilitiesnc,marketcap,ncf,ncfbus,ncfcommon,ncfdebt,ncfdiv,ncff,ncfi,ncfinv,ncfo,ncfx,netinc,netinccmn,netinccmnusd,netincdis,netincnci,netmargin,opex,opinc,payables,payoutratio,pb,pe,pe1,ppnenet,prefdivis,price,ps,ps1,receivables,retearn,revenue,revenueusd,rnd,roa,roe,roic,ros,sbcomp,sgna,sharefactor,sharesbas,shareswa,shareswadil,sps,tangibles,taxassets,taxexp,taxliabilities,tbvps,workingcapital
FELE,MRY,2011-12-31,2011-12-31,2011-12-31,2018-05-08,-49264000,829530000,834455000,400483000,429047000,0.984,9.649,-22738000,153337000,153337000,548772000,63723000,3.227,0.846,163978000,13978000,150000000,163978000,0,25295000,0,0.012,0.268,97013000,122308000,0.149,122308000,97013000,86511000,1.355,1.325,1.355,448135000,451940250,448135000,1049020578,10,8.577,77183000,1.662,1.0,272305000,0.332,263384000,10502000,452690000,486207250,141693000,0,0,0,379092000,124097000,254995000,1011502578,13267000,-32908000,-5000000,2419000,-12890000,-15471000,-65755000,-10109000,99921000,-5428000,63099000,63099000,63099000,0,624000,0.077,178907000,93398000,45481000,0.198,2.257,16.03,16.074,146409000,0,21.78,1.232,1.232,78435000,350457000,821077000,821077000,0,0.076,0.14,0.2,0.118,3970000,177320000,1.0,46441808,46441808,,17.68,566146000,11853000,23412000,21294000,12.19,276386000
FELE,MRY,2012-12-31,2012-12-29,2012-12-29,2018-05-08,-57146000,976379000,948672500,428917000,547462000,0.94,10.941,-37770000,103338000,103338000,589681000,83738000,2.945,0.893,165905000,15176000,150729000,165905000,0,28335000,0,0.009,0.285,125322000,153657000,0.172,153657000,125322000,115114000,1.76,1.73,1.76,514406000,498291750,514406000,1484546233,11,9.661,32421000,0.69,1.0,301664000,0.338,366258000,10208000,527049000,534684250,191848000,0,0,0,459393000,145639000,313754000,1411719233,-49999000,-64359000,-6257000,810000,-13811000,-19258000,-101640000,489000,70191000,708000,82864000,82864000,82864000,0,874000,0.093,188707000,112957000,68660000,0.162,2.744,17.037,17.06,171975000,0,30.025,1.584,1.584,102918000,395950000,891345000,891345000,0,0.087,0.166,0.234,0.141,6253000,188486000,1.0,47018126,47018126,,18.957,610121000,10452000,32250000,40351000,12.976,283278000
FELE,MRY,2013-12-31,2013-12-28,2013-12-28,2018-05-08,-54729000,1051873000,1027316500,472354000,579519000,0.94,12.503,-67710000,134553000,134553000,633948000,82698000,3.411,0.762,189529000,15363000,174166000,189529000,0,31356000,0,0.007,0.305,121406000,152762000,0.158,152762000,121406000,110809000,1.7,1.68,1.7,595707000,559655250,595707000,2241003755,18,14.67,30564000,0.641,1.0,331514000,0.343,355883000,10597000,612492000,622661250,191561000,0,0,0,453657000,138474000,315183000,2168387755,31215000,-3513000,1704000,30198000,-15294000,11053000,-76452000,-5229000,98274000,-1660000,81958000,81958000,81958000,0,740000,0.085,207733000,123781000,57755000,0.179,3.64,26.457,26.771,208596000,0,45.51,2.246,2.246,115127000,450855000,965462000,965462000,0,0.08,0.146,0.195,0.126,4875000,204014000,1.0,47646402,47646402,,20.263,695990000,13041000,28851000,56666000,14.607,333880000
FELE,MRY,2014-12-31,2015-01-03,2015-01-03,2018-05-08,-107913000,1075887000,1119350500,469539000,606348000,0.936,12.555,-33917000,59141000,59141000,703367000,70852000,2.335,0.799,177787000,34092000,143695000,177787000,0,37210000,0,0.009,0.348,99392000,136602000,0.13,136602000,99392000,88657000,1.43,1.41,1.43,596840000,620615250,596840000,1924084238,19,14.085,13432000,0.283,1.0,344410000,0.329,369142000,10735000,624286000,675842750,220528000,0,0,0,476904000,201105000,275799000,1774182238,-75412000,-35599000,-7681000,-16360000,-17421000,-44337000,-77722000,-6716000,47349000,-702000,69806000,69806000,69806000,0,1046000,0.067,244322000,100088000,70806000,0.243,2.973,25.416,26.098,209786000,0,37.32,1.693,1.693,143787000,492548000,1047777000,1047777000,0,0.062,0.112,0.147,0.095,7471000,227711000,1.0,47539717,47539717,,22.04,706745000,12263000,18851000,46356000,14.866,268434000
FELE,MRY,2015-12-31,2016-01-02,2016-01-02,2018-05-08,-161608000,996111000,1045730500,438121000,557990000,0.884,12.03,-25969000,81561000,81561000,627315000,73691000,3.028,0.783,220752000,32946000,187806000,220752000,0,35476000,0,0.014,0.382,95609000,131085000,0.142,131085000,95609000,85570000,1.52,1.5,1.52,557700000,573186500,557700000,1411451637,14,10.767,73634000,1.588,1.0,297608000,0.322,341204000,10039000,649427000,678495500,194594000,0,0,0,436646000,144671000,291975000,1253111637,22420000,-3888000,-46529000,44508000,-18926000,-41147000,-29583000,0,99603000,-6453000,72945000,72945000,72945000,0,746000,0.079,207247000,90361000,57822000,0.251,2.247,17.179,17.783,190039000,0,27.03,1.355,1.355,127251000,498214000,924923000,924923000,0,0.07,0.127,0.141,0.103,5626000,204250000,1.0,46360031,46360031,,19.951,654907000,3461000,12625000,35198000,14.127,293450000
FELE,MRY,2016-12-31,2016-12-31,2016-12-31,2018-05-08,-169852000,1039905000,1039502000,483819000,556086000,0.914,13.248,-33108000,104331000,104331000,618450000,79315000,3.067,0.693,190259000,33715000,156544000,190259000,0,35534000,0,0.01,0.398,112275000,147809000,0.156,147809000,112275000,103543000,1.67,1.65,1.67,613445000,603118250,613445000,1912432638,17,12.939,82266000,1.777,1.0,331406000,0.349,334276000,8732000,633796000,661707000,203471000,0,0,0,424817000,157761000,267056000,1801283638,22770000,-1007000,-2179000,-30385000,-19137000,-51701000,-33769000,0,115374000,-7134000,78745000,78745000,78745000,0,570000,0.083,220611000,110795000,63927000,0.238,2.936,22.875,23.293,196137000,0,38.9,1.896,1.896,145999000,550095000,949856000,949856000,0,0.076,0.131,0.17,0.118,6889000,221209000,1.0,46305492,46305492,,20.513,705629000,4621000,24798000,43734000,15.239,326058000
FELE,MRY,2017-12-31,2017-12-31,2017-12-31,2018-05-08,-149047000,1185353000,1150059000,589131000,596222000,0.978,15.037,-33273000,67233000,67233000,747927000,78593000,2.396,0.689,226049000,100453000,125596000,226049000,0,38506000,0,0.009,0.422,114496000,153002000,0.136,153002000,114496000,104174000,1.67,1.65,1.67,700657000,676237750,700657000,2308346326,20,15.087,33481000,0.719,1.0,376982000,0.335,368281000,10322000,729987000,723273750,312325000,0,0,0,482732000,245901000,236831000,2138786326,-37098000,-51783000,876000,1882000,-20289000,-22578000,-84701000,0,66754000,3427000,78180000,78180000,78180000,0,413000,0.069,269993000,106989000,79348000,0.253,3.053,27.357,27.485,215694000,0,45.9,1.901,1.901,171007000,604905000,1124909000,1124909000,0,0.068,0.116,0.158,0.102,7109000,265686000,1.0,46596652,46596652,,24.141,817072000,8929000,25994000,50517000,17.535,343230000
