ticker,dimension,calendardate,datekey,reportperiod,lastupdated,accoci,assets,assetsavg,assetsc,assetsnc,assetturnover,bvps,capex,cashneq,cashnequsd,cor,consolinc,currentratio,de,debt,debtc,debtnc,debtusd,deferredrev,depamor,deposits,divyield,dps,ebit,ebitda,ebitdamargin,ebitdausd,ebitusd,ebt,eps,epsdil,epsusd,equity,equityavg,equityusd,ev,evebit,evebitda,fcf,fcfps,fxusd,gp,grossmargin,intangibles,intexp,invcap,invcapavg,inventory,investments,investmentsc,investmentsnc,liabilities,liabilitiesc,liabilitiesnc,marketcap,ncf,ncfbus,ncfcommon,ncfdebt,ncfdiv,ncff,ncfi,ncfinv,ncfo,ncfx,netinc,netinccmn,netinccmnusd,netincdis,netincnci,netmargin,opex,opinc,payables,payoutratio,pb,pe,pe1,ppnenet,prefdivis,price,ps,ps1,receivables,retearn,revenue,revenueusd,rnd,roa,roe,roic,ros,sbcomp,sgna,sharefactor,sharesbas,shareswa,shareswadil,sps,tangibles,taxassets,taxexp,taxliabilities,tbvps,workingcapital
FFIV,MRY,2011-12-31,2011-09-30,2011-09-30,2018-05-02,-6422000,1568549000,1545010750,763673000,804876000,0.746,13.764,-30445000,216784000,216784000,208004000,241397000,2.051,0.419,0,0,0,0,343298000,20887000,0,0.0,0.0,360751000,381638000,0.331,381638000,360751000,360751000,2.99,2.96,2.99,1105436000,1114501500,1105436000,5435839331,15,14.243,386493000,4.792,1.0,943830000,0.819,234691000,0,744767000,739760250,17149000,795969000,325766000,470203000,463113000,372307000,90806000,5735643331,50555000,0,-250287000,0,0,-226664000,-139719000,-103578000,416938000,-2525000,241397000,241397000,241397000,0,0,0.21,593168000,350662000,33525000,0.0,5.189,23.76,23.763,47998000,0,71.05,4.98,4.975,165676000,731121000,1151834000,1151834000,138910000,0.156,0.217,0.488,0.313,89747000,454258000,1.0,80726859,80658000,81482000,14.28,1333858000,43153000,119354000,0,16.608,391366000
FFIV,MRY,2012-12-31,2012-09-30,2012-09-30,2018-05-02,-3829000,1911201000,1801556750,776081000,1135120000,0.764,16.833,-29867000,211181000,211181000,236168000,275186000,1.665,0.438,0,0,0,0,447288000,35139000,0,0.0,0.0,432214000,467353000,0.339,467353000,432214000,432214000,3.48,3.45,3.48,1329400000,1249744000,1329400000,8073834994,18,17.276,465570000,5.883,1.0,1141079000,0.829,348239000,0,885752000,818612750,17410000,983773000,320970000,662803000,581801000,466029000,115772000,8269441994,-6073000,-128335000,-159602000,0,0,-149231000,-352279000,-193808000,495437000,470000,275186000,275186000,275186000,0,0,0.2,714776000,426303000,27026000,0.0,6.22,30.05,30.069,59604000,0,104.64,6.004,6.012,185172000,1006307000,1377247000,1377247000,177406000,0.153,0.22,0.528,0.314,95348000,537370000,1.0,79027542,79135000,79780000,17.404,1562962000,45840000,157028000,0,19.79,310052000
FFIV,MRY,2013-12-31,2013-09-30,2013-09-30,2018-05-02,-7414000,2230554000,2120479500,816371000,1414183000,0.699,19.638,-26583000,189693000,189693000,253047000,277314000,1.481,0.45,0,0,0,0,531373000,40005000,0,0.0,0.0,438092000,478097000,0.323,478097000,438092000,438092000,3.53,3.5,3.53,1538712000,1460344000,1538712000,6520798826,14,13.639,473110000,6.022,1.0,1228267000,0.829,523727000,0,965784000,945134000,19026000,1081431000,352450000,728981000,691842000,551350000,140492000,6719078826,-19095000,-212642000,-170409000,0,0,-166318000,-352470000,-112633000,499693000,-2393000,277314000,277314000,277314000,0,0,0.187,797449000,430818000,37313000,0.0,4.367,24.229,24.308,63522000,0,85.808,4.536,4.551,204205000,1283621000,1481314000,1481314000,209614000,0.131,0.19,0.464,0.296,104212000,585442000,1.0,78303641,78565000,79136000,18.855,1706827000,38731000,160778000,5346000,21.784,265021000
FFIV,MRY,2014-12-31,2014-09-30,2014-09-30,2018-05-02,-9584000,2184950000,2185368500,998848000,1186102000,0.793,18.554,-22718000,281502000,281502000,309959000,311183000,1.568,0.596,0,0,0,0,636749000,46121000,0,0.0,0.0,497342000,543463000,0.314,543463000,497342000,497342000,4.13,4.09,4.13,1369310000,1409758250,1369310000,8554776714,17,15.741,526274000,6.98,1.0,1422087000,0.821,556957000,0,709510000,782892000,24471000,846794000,363877000,482917000,815640000,636981000,178659000,8796749714,94673000,-49439000,-615243000,0,0,-604960000,150641000,222739000,548992000,-2864000,311183000,311183000,311183000,0,0,0.18,928530000,493557000,43772000,0.0,6.424,28.269,28.751,66791000,0,118.74,5.079,5.169,242242000,1363141000,1732046000,1732046000,263792000,0.142,0.221,0.635,0.287,127156000,664738000,1.0,74084131,75395000,76092000,22.973,1627993000,46724000,186159000,3629000,22.059,361867000
FFIV,MRY,2015-12-31,2015-09-30,2015-09-30,2018-05-02,-15288000,2312290000,2258086000,1188140000,1124150000,0.85,18.633,-60307000,390460000,390460000,332261000,365014000,1.573,0.756,0,0,0,0,783310000,52583000,0,0.0,0.0,561344000,613927000,0.32,613927000,561344000,561344000,5.07,5.03,5.07,1316728000,1330250750,1316728000,7660095243,13,12.477,624234000,8.677,1.0,1587562000,0.827,555965000,0,610742000,587597250,33717000,781538000,383882000,397656000,995562000,755123000,240439000,8222275243,116940000,0,-566419000,0,0,-556902000,-10699000,56744000,684541000,-7982000,365014000,365014000,365014000,0,0,0.19,1034663000,552899000,50814000,0.0,6.244,22.526,22.84,95909000,0,115.8,4.283,4.34,279434000,1321857000,1919823000,1919823000,296583000,0.162,0.274,0.955,0.292,145553000,738080000,1.0,71004104,71944000,72547000,26.685,1756325000,56620000,196330000,901000,24.854,433017000
FFIV,MRY,2016-12-31,2016-09-30,2016-09-30,2018-05-02,-13194000,2306323000,2279581750,1288801000,1017522000,0.875,18.024,-63488000,514571000,514571000,337205000,365855000,1.527,0.946,0,0,0,0,870241000,56776000,0,0.0,0.0,549891000,606667000,0.304,606667000,549891000,549891000,5.43,5.38,5.43,1185262000,1203962250,1185262000,7822149080,14,12.894,648047000,9.61,1.0,1657829000,0.831,555965000,0,391549000,468002750,34051000,644199000,367824000,276375000,1121061000,844238000,276823000,8251746080,121608000,0,-655255000,0,0,-652647000,62720000,130961000,711535000,2503000,365855000,365855000,365855000,0,0,0.183,1110452000,547377000,34117000,0.0,6.962,22.555,22.954,123248000,0,124.64,4.136,4.213,268175000,1185265000,1995034000,1995034000,334227000,0.16,0.304,1.175,0.276,156760000,767174000,1.0,66204638,67433000,67984000,29.585,1750358000,53645000,184036000,4212000,26.617,444563000
FFIV,MRY,2017-12-31,2017-09-30,2017-09-30,2018-05-02,-17997000,2476489000,2420018250,1406224000,1070265000,0.864,19.491,-38681000,673228000,673228000,353485000,420761000,1.505,1.014,0,0,0,0,964306000,61148000,0,0.0,0.0,575517000,636665000,0.305,636665000,575517000,575517000,6.56,6.5,6.56,1229392000,1203399250,1229392000,6970265252,12,10.948,701600000,10.933,1.0,1736556000,0.831,555965000,0,312753000,296195250,29834000,628502000,343700000,284802000,1247097000,934543000,312554000,7661177252,161964000,0,-553051000,0,0,-546032000,-32285000,10469000,740281000,-3307000,420761000,420761000,420761000,0,0,0.201,1172600000,563956000,50760000,0.0,6.232,18.208,18.378,122420000,0,120.56,3.666,3.702,291924000,1229762000,2090041000,2090041000,350365000,0.174,0.35,1.943,0.275,175326000,809126000,1.0,63546593,64173000,64775000,32.569,1920524000,53303000,154756000,63000,30.448,471681000
