ticker,dimension,calendardate,datekey,reportperiod,lastupdated,accoci,assets,assetsavg,assetsc,assetsnc,assetturnover,bvps,capex,cashneq,cashnequsd,cor,consolinc,currentratio,de,debt,debtc,debtnc,debtusd,deferredrev,depamor,deposits,divyield,dps,ebit,ebitda,ebitdamargin,ebitdausd,ebitusd,ebt,eps,epsdil,epsusd,equity,equityavg,equityusd,ev,evebit,evebitda,fcf,fcfps,fxusd,gp,grossmargin,intangibles,intexp,invcap,invcapavg,inventory,investments,investmentsc,investmentsnc,liabilities,liabilitiesc,liabilitiesnc,marketcap,ncf,ncfbus,ncfcommon,ncfdebt,ncfdiv,ncff,ncfi,ncfinv,ncfo,ncfx,netinc,netinccmn,netinccmnusd,netincdis,netincnci,netmargin,opex,opinc,payables,payoutratio,pb,pe,pe1,ppnenet,prefdivis,price,ps,ps1,receivables,retearn,revenue,revenueusd,rnd,roa,roe,roic,ros,sbcomp,sgna,sharefactor,sharesbas,shareswa,shareswadil,sps,tangibles,taxassets,taxexp,taxliabilities,tbvps,workingcapital
FINL,MRY,2011-12-31,2011-02-26,2011-02-26,2018-05-11,0,664845000,651235250,509684000,155161000,1.887,9.18,-18961000,299323000,299323000,815073000,68834000,4.032,0.356,0,0,0,0,0,26959000,0,0.01,0.17,109603000,136562000,0.111,136562000,109603000,110111000,1.28,1.26,1.28,490245000,467405000,490245000,704034149,6,5.155,89613000,1.678,1.0,413929000,0.337,0,-508000,239102000,262689000,193505000,0,0,0,174600000,126420000,48180000,926064149,64815000,-667000,-16830000,0,-8598000,-24131000,-19628000,0,108574000,0,68834000,68834000,68834000,30000,0,0.056,304296000,109633000,72780000,0.133,1.889,13.454,13.547,126510000,0,17.34,0.754,0.754,10552000,372047000,1229002000,1229002000,0,0.106,0.147,0.417,0.089,2912000,302718000,1.0,53406237,53406237,,23.012,664845000,23795000,41277000,18134000,12.449,383264000
FINL,MRY,2012-12-31,2012-03-03,2012-03-03,2018-05-11,0,711496000,685246250,552748000,158748000,1.998,10.195,-29641000,307494000,307494000,889130000,84804000,3.986,0.344,0,0,0,0,0,27027000,0,0.009,0.21,134335000,161362000,0.118,161362000,134335000,134782000,1.62,1.59,1.62,529537000,503383250,529537000,1010244958,7,6.261,65099000,1.253,1.0,480129000,0.351,9053000,-447000,256266000,269127500,220405000,0,0,0,181959000,138683000,43276000,1226814958,8171000,-8495000,-43872000,0,-10512000,-48433000,-38136000,0,94740000,0,84804000,84804000,84804000,0,0,0.062,345794000,134335000,67246000,0.13,2.317,14.466,14.58,126997000,0,23.62,0.896,0.896,9041000,445884000,1369259000,1369259000,0,0.124,0.168,0.499,0.098,-764000,343629000,1.0,51939668,51939668,,26.362,702443000,16888000,49978000,30728000,13.524,414065000
FINL,MRY,2013-12-31,2013-03-02,2013-03-02,2018-05-11,0,706422000,707417500,491694000,214728000,2.04,10.559,-81509000,226982000,226982000,958921000,69181000,3.668,0.346,0,0,0,0,0,31182000,0,0.014,0.25,114589000,145771000,0.101,145771000,114589000,114787000,1.42,1.4,1.42,524863000,520664000,524863000,739512235,6,5.073,-16000,0.0,1.0,484444000,0.336,13888000,-198000,331515000,330045500,243770000,0,0,0,181559000,134037000,47522000,907666235,-80512000,-3526000,-72786000,0,-12147000,-75970000,-86035000,-1000000,81493000,0,71473000,71473000,71473000,0,-2292000,0.05,372147000,112297000,75641000,0.176,1.729,12.699,12.859,180601000,0,18.26,0.629,0.629,14768000,504883000,1443365000,1443365000,0,0.101,0.137,0.347,0.079,3649000,365883000,1.0,49707899,49707899,,29.037,692534000,12018000,43314000,21695000,13.932,357657000
FINL,MRY,2014-12-31,2014-03-01,2014-03-01,2018-05-11,0,824945000,775328750,566963000,257982000,2.154,11.868,-81606000,229079000,229079000,1122967000,75052000,2.927,0.417,0,0,0,0,0,34964000,0,0.011,0.29,124032000,158996000,0.095,158996000,124032000,124069000,1.57,1.56,1.57,582184000,549568250,582184000,1213499977,9,7.632,37378000,0.762,1.0,547443000,0.328,25608000,-37000,376588000,389660250,304209000,0,0,0,242761000,193670000,49091000,1325415977,2097000,-12687000,-14893000,0,-13674000,-25670000,-91217000,3076000,118984000,0,76903000,76903000,76903000,0,-1851000,0.046,427338000,120105000,120982000,0.185,2.277,17.235,17.21,223182000,0,27.02,0.793,0.793,16062000,567631000,1670410000,1670410000,0,0.099,0.14,0.318,0.074,4171000,424571000,1.0,49053145,49053145,,34.053,799337000,0,47166000,23458000,16.295,373293000
FINL,MRY,2015-12-31,2015-02-28,2015-02-28,2018-05-11,0,849855000,823479500,530657000,319198000,2.126,12.632,-85377000,149569000,149569000,1182365000,79742000,2.774,0.441,0,0,0,0,0,36491000,0,0.013,0.33,127199000,163690000,0.093,163690000,127199000,127184000,1.71,1.7,1.71,589644000,580711000,589644000,1057226127,8,6.459,16425000,0.352,1.0,568342000,0.325,34719000,15000,474285000,449061500,343403000,0,0,0,260211000,191282000,68929000,1142652127,-79510000,0,-61444000,0,-15417000,-80165000,-101147000,-2177000,101802000,0,81993000,81993000,81993000,9357000,-2251000,0.047,434037000,134305000,133053000,0.193,1.938,13.936,14.316,274360000,0,24.48,0.653,0.653,16663000,633910000,1750707000,1750707000,0,0.1,0.141,0.283,0.073,5745000,432007000,1.0,46676966,46676966,,37.507,815136000,8963000,45191000,37896000,17.463,339375000
FINL,MRY,2016-12-31,2016-02-27,2016-02-27,2018-05-11,0,817548000,827374750,521353000,296195000,2.174,11.895,-62092000,79495000,79495000,1242960000,21796000,2.357,0.549,0,0,0,0,0,42190000,0,0.02,0.37,35519000,77709000,0.043,77709000,35519000,35454000,0.49,0.48,0.49,527644000,561534750,527644000,757795447,21,9.752,37612000,0.848,1.0,556022000,0.309,0,65000,516866000,528869000,347966000,0,0,0,289904000,221187000,68717000,813068447,-70074000,0,-77904000,0,-16407000,-95427000,-74351000,0,99704000,0,21892000,21892000,21892000,7126000,-96000,0.012,513473000,42549000,150050000,0.755,1.541,37.14,37.408,239067000,0,18.33,0.452,0.452,16482000,639296000,1798982000,1798982000,0,0.026,0.039,0.067,0.02,10567000,469836000,1.0,44357253,44357253,,40.557,817548000,28877000,13562000,35666000,18.431,300166000
FINL,MRY,2017-12-31,2017-02-25,2017-02-25,2018-05-11,0,746468000,780319750,491410000,255058000,2.364,11.132,-74188000,90856000,90856000,1295989000,-18208000,2.214,0.653,0,0,0,0,0,49376000,0,0.024,0.41,831000,50207000,0.027,50207000,831000,552000,-0.45,-0.44,-0.45,451498000,486720250,451498000,678903302,816,13.522,90823000,2.239,1.0,548404000,0.297,90303000,279000,343338000,405489250,331146000,0,0,0,294970000,221971000,72999000,695200302,11361000,-8317000,-52737000,0,-16749000,-69486000,-84164000,0,165011000,0,-18208000,-18208000,-18208000,53364000,0,-0.01,494209000,54195000,166614000,-0.911,1.54,-38.181,-38.089,157594000,0,17.14,0.377,0.377,20470000,604136000,1844393000,1844393000,0,-0.023,-0.037,0.002,0.0,9945000,480897000,1.0,40560111,40560111,,45.473,656165000,35559000,18760000,41976000,16.178,269439000
FINL,MRY,2018-12-31,2018-03-03,2018-03-03,2018-05-11,0,675032000,717401500,462138000,212894000,2.563,11.184,-49470000,93385000,93385000,1306859000,14410000,2.709,0.497,0,0,0,0,0,52870000,0,0.043,0.445,8618000,61488000,0.033,61488000,8618000,8691000,0.35,0.35,0.35,450990000,448773500,450990000,340584002,39,5.539,28269000,0.701,1.0,532097000,0.289,68884000,-73000,342192000,363124750,321742000,0,0,0,224042000,170571000,53471000,417778002,2529000,-2486000,-3743000,0,-18011000,-23254000,-51956000,0,77739000,0,14410000,14410000,14410000,304000,0,0.008,523175000,8922000,122590000,1.271,0.926,28.992,29.6,138562000,0,10.36,0.227,0.227,16530000,600368000,1838956000,1838956000,0,0.02,0.032,0.024,0.005,6999000,486484000,1.0,40326062,40326062,,45.602,606148000,2439000,-5719000,21900000,15.031,291567000
