ticker,dimension,calendardate,datekey,reportperiod,lastupdated,accoci,assets,assetsavg,assetsc,assetsnc,assetturnover,bvps,capex,cashneq,cashnequsd,cor,consolinc,currentratio,de,debt,debtc,debtnc,debtusd,deferredrev,depamor,deposits,divyield,dps,ebit,ebitda,ebitdamargin,ebitdausd,ebitusd,ebt,eps,epsdil,epsusd,equity,equityavg,equityusd,ev,evebit,evebitda,fcf,fcfps,fxusd,gp,grossmargin,intangibles,intexp,invcap,invcapavg,inventory,investments,investmentsc,investmentsnc,liabilities,liabilitiesc,liabilitiesnc,marketcap,ncf,ncfbus,ncfcommon,ncfdebt,ncfdiv,ncff,ncfi,ncfinv,ncfo,ncfx,netinc,netinccmn,netinccmnusd,netincdis,netincnci,netmargin,opex,opinc,payables,payoutratio,pb,pe,pe1,ppnenet,prefdivis,price,ps,ps1,receivables,retearn,revenue,revenueusd,rnd,roa,roe,roic,ros,sbcomp,sgna,sharefactor,sharesbas,shareswa,shareswadil,sps,tangibles,taxassets,taxexp,taxliabilities,tbvps,workingcapital
FL,MRY,2011-12-31,2012-01-28,2012-01-28,2018-03-29,0,3050000000,3083500000,2079000000,971000000,1.824,13.952,-152000000,851000000,851000000,3827000000,278000000,3.794,0.445,135000000,0,135000000,135000000,0,110000000,0,0.025,0.66,441000000,551000000,0.098,551000000,441000000,435000000,1.81,1.8,1.81,2110000000,2113000000,2110000000,3436544017,7,6.237,345000000,2.281,1.0,1796000000,0.319,198000000,6000000,1588000000,1620250000,1069000000,0,0,0,940000000,548000000,392000000,3998544017,155000000,0,-82000000,0,-101000000,-178000000,-149000000,0,497000000,-15000000,278000000,278000000,278000000,0,0,0.049,1359000000,437000000,240000000,0.365,1.895,14.383,14.608,427000000,0,26.44,0.711,0.711,0,1788000000,5623000000,5623000000,0,0.09,0.132,0.272,0.078,18000000,1244000000,1.0,151230863,151230863,,37.182,2852000000,284000000,157000000,0,18.859,1531000000
FL,MRY,2012-12-31,2013-02-02,2013-02-02,2018-03-29,0,3367000000,3284500000,2363000000,1004000000,1.882,15.784,-163000000,880000000,880000000,4148000000,397000000,3.715,0.416,133000000,0,133000000,133000000,0,118000000,0,0.021,0.72,612000000,730000000,0.118,730000000,612000000,607000000,2.62,2.58,2.62,2377000000,2264500000,2377000000,4538054859,7,6.217,253000000,1.673,1.0,2034000000,0.329,185000000,5000000,1799000000,1709500000,1167000000,48000000,48000000,0,990000000,636000000,354000000,5209054859,29000000,0,-81000000,-2000000,-109000000,-181000000,-212000000,-49000000,416000000,6000000,397000000,397000000,397000000,0,0,0.064,1424000000,610000000,298000000,0.275,2.191,13.121,13.191,490000000,0,34.56,0.843,0.845,0,2076000000,6182000000,6182000000,0,0.121,0.175,0.358,0.099,11000000,1294000000,1.0,150724967,151200000,154000000,40.886,3182000000,257000000,210000000,0,21.129,1727000000
FL,MRY,2013-12-31,2014-02-01,2014-02-01,2018-03-29,0,3487000000,3485000000,2350000000,1137000000,1.867,17.096,-206000000,858000000,858000000,4372000000,429000000,3.754,0.397,139000000,3000000,136000000,139000000,0,133000000,0,0.021,0.8,668000000,801000000,0.123,801000000,668000000,663000000,2.89,2.85,2.89,2496000000,2465750000,2496000000,5040127523,7,6.292,324000000,2.183,1.0,2133000000,0.328,230000000,5000000,1912000000,1877000000,1220000000,9000000,9000000,0,991000000,626000000,365000000,5664127523,-22000000,-81000000,-199000000,-1000000,-118000000,-309000000,-248000000,37000000,530000000,5000000,429000000,429000000,429000000,0,0,0.066,1469000000,664000000,263000000,0.277,2.269,13.203,13.356,590000000,0,38.6,0.871,0.881,0,2387000000,6505000000,6505000000,0,0.123,0.174,0.356,0.103,17000000,1334000000,1.0,146739055,148400000,150500000,43.834,3257000000,241000000,234000000,0,22.308,1724000000
FL,MRY,2014-12-31,2015-01-31,2015-01-31,2018-03-29,0,3577000000,3640500000,2456000000,1121000000,1.964,17.565,-190000000,967000000,967000000,4777000000,520000000,3.529,0.433,134000000,2000000,132000000,134000000,0,139000000,0,0.017,0.88,814000000,953000000,0.133,953000000,814000000,809000000,3.61,3.56,3.61,2496000000,2568250000,2496000000,6780841826,8,7.115,522000000,3.628,1.0,2374000000,0.332,206000000,5000000,1842000000,1895250000,1250000000,0,0,0,1081000000,696000000,385000000,7561841826,109000000,0,-283000000,-3000000,-127000000,-401000000,-176000000,9000000,712000000,-26000000,520000000,520000000,520000000,0,0,0.073,1569000000,805000000,301000000,0.244,3.03,14.542,14.742,620000000,0,53.22,1.057,1.071,0,2780000000,7151000000,7151000000,0,0.143,0.202,0.429,0.114,12000000,1426000000,1.0,142086468,143900000,146000000,49.694,3371000000,221000000,289000000,0,23.723,1760000000
FL,MRY,2015-12-31,2016-01-30,2016-01-30,2018-03-29,0,3775000000,3701250000,2606000000,1169000000,2.003,18.554,-228000000,1021000000,1021000000,4907000000,541000000,3.723,0.479,130000000,1000000,129000000,130000000,0,148000000,0,0.015,1.0,841000000,989000000,0.133,989000000,841000000,837000000,3.89,3.84,3.89,2553000000,2558500000,2553000000,8526402613,10,8.621,517000000,3.717,1.0,2505000000,0.338,201000000,4000000,1983000000,1968500000,1285000000,0,0,0,1222000000,700000000,522000000,9273402613,54000000,-2000000,-350000000,-2000000,-139000000,-456000000,-230000000,0,745000000,-5000000,541000000,541000000,541000000,0,0,0.073,1668000000,837000000,279000000,0.257,3.632,17.141,17.368,661000000,0,67.56,1.251,1.268,0,3182000000,7412000000,7412000000,0,0.146,0.211,0.427,0.113,-13000000,1415000000,1.0,137261732,139100000,140800000,53.285,3574000000,234000000,296000000,0,25.974,1906000000
FL,MRY,2016-12-31,2017-01-28,2017-01-28,2018-03-29,0,3840000000,3763500000,2633000000,1207000000,2.064,20.499,-266000000,1046000000,1046000000,5130000000,664000000,4.302,0.417,127000000,0,127000000,127000000,0,158000000,0,0.016,1.1,1006000000,1164000000,0.15,1164000000,1006000000,1004000000,4.95,4.91,4.95,2710000000,2649000000,2710000000,8265140861,8,7.101,550000000,4.104,1.0,2636000000,0.339,197000000,2000000,2112000000,2110500000,1307000000,0,0,0,1130000000,612000000,518000000,9002140861,25000000,0,-399000000,-1000000,-147000000,-529000000,-266000000,0,816000000,4000000,664000000,664000000,664000000,0,0,0.086,1636000000,1000000000,249000000,0.222,3.322,13.557,13.739,765000000,0,68.01,1.159,1.173,0,2254000000,7766000000,7766000000,0,0.176,0.251,0.477,0.13,2000000,1472000000,1.0,132364959,134000000,135100000,57.955,3643000000,161000000,340000000,0,27.557,2021000000
FL,MRY,2017-12-31,2018-02-03,2018-02-03,2018-03-29,0,3961000000,3899250000,2551000000,1410000000,1.996,20.992,-274000000,849000000,849000000,5326000000,284000000,4.141,0.572,125000000,0,125000000,125000000,0,173000000,0,0.026,1.24,576000000,749000000,0.096,749000000,576000000,578000000,2.23,2.22,2.23,2519000000,2723000000,2519000000,5099926395,8,6.809,539000000,4.237,1.0,2456000000,0.316,206000000,-2000000,2415000000,2317750000,1278000000,0,0,0,1442000000,616000000,826000000,5863926395,-42000000,0,-449000000,0,-157000000,-616000000,-289000000,-15000000,813000000,50000000,284000000,284000000,284000000,0,0,0.036,1885000000,571000000,258000000,0.556,2.328,20.648,21.695,866000000,0,48.38,0.754,0.791,0,,7782000000,7782000000,0,0.073,0.104,0.249,0.074,15000000,1501000000,1.0,121205589,127200000,127900000,61.179,3755000000,48000000,294000000,0,31.292,1935000000
