ticker,dimension,calendardate,datekey,reportperiod,lastupdated,accoci,assets,assetsavg,assetsc,assetsnc,assetturnover,bvps,capex,cashneq,cashnequsd,cor,consolinc,currentratio,de,debt,debtc,debtnc,debtusd,deferredrev,depamor,deposits,divyield,dps,ebit,ebitda,ebitdamargin,ebitdausd,ebitusd,ebt,eps,epsdil,epsusd,equity,equityavg,equityusd,ev,evebit,evebitda,fcf,fcfps,fxusd,gp,grossmargin,intangibles,intexp,invcap,invcapavg,inventory,investments,investmentsc,investmentsnc,liabilities,liabilitiesc,liabilitiesnc,marketcap,ncf,ncfbus,ncfcommon,ncfdebt,ncfdiv,ncff,ncfi,ncfinv,ncfo,ncfx,netinc,netinccmn,netinccmnusd,netincdis,netincnci,netmargin,opex,opinc,payables,payoutratio,pb,pe,pe1,ppnenet,prefdivis,price,ps,ps1,receivables,retearn,revenue,revenueusd,rnd,roa,roe,roic,ros,sbcomp,sgna,sharefactor,sharesbas,shareswa,shareswadil,sps,tangibles,taxassets,taxexp,taxliabilities,tbvps,workingcapital
FLEX,MRY,2011-12-31,2011-03-31,2011-03-31,2018-01-29,20754000,11633152000,11660583000,9054199000,2578953000,2.439,3.02,-393869000,1748471000,1748471000,26859288000,596219000,1.326,4.07,2220374000,21179000,2199195000,2220374000,0,471668000,0,0.0,0.0,693216000,1164884000,0.041,1164884000,693216000,618268000,0.77,0.77,0.77,2294696000,2113153000,2294696000,6309758506,9,5.417,463475000,0.596,1.0,1583345000,0.056,213083000,74948000,5063041000,4884387500,3517026000,0,0,0,9338456000,6828931000,2509525000,5677290506,-179085000,-16341000,-377101000,-264595000,0,-641696000,-413241000,0,857344000,18508000,596219000,596219000,596219000,16042000,0,0.021,867960000,715385000,5003185000,0.0,2.474,9.522,9.701,2084031000,0,7.47,0.2,0.204,2571912000,-6068504000,28442633000,28442633000,0,0.051,0.282,0.142,0.024,55237000,801772000,1.0,760012116,777315000,790192000,36.591,11420069000,0,22049000,0,15.029,2225268000
FLEX,MRY,2012-12-31,2012-03-31,2012-03-31,2018-01-29,-40437000,11033804000,11822086000,8534550000,2499254000,2.482,3.331,-388004000,1518329000,1518329000,27825079000,488765000,1.357,3.831,2188673000,39340000,2149333000,2188673000,0,521923000,0,0.0,0.0,578744000,1100667000,0.038,1100667000,578744000,542725000,0.68,0.72,0.68,2283979000,2236225000,2283979000,5613540340,9,5.1,416264000,0.581,1.0,1517950000,0.052,159924000,36019000,5256039000,5117606750,3300791000,0,0,0,8749825000,6288185000,2461640000,4960342340,-230142000,-90859000,-486745000,-35417000,0,-522162000,-481364000,0,804268000,-30884000,488765000,488765000,488765000,32005000,0,0.017,927136000,590814000,4294873000,0.0,2.172,10.149,10.618,2076442000,0,7.22,0.169,0.176,2593829000,-5579739000,29343029000,29343029000,0,0.041,0.219,0.113,0.02,48454000,877564000,1.0,687028025,716247000,727807000,40.968,10873880000,0,53960000,0,15.858,2246365000
FLEX,MRY,2013-12-31,2013-03-31,2013-03-31,2018-01-29,-77481000,10591555000,10977408000,7771401000,2820154000,2.147,3.452,-435328000,1587087000,1587087000,22187393000,277051000,1.259,3.714,2067627000,416654000,1650973000,2067627000,0,566357000,0,0.0,0.0,359623000,925980000,0.039,925980000,359623000,303364000,0.42,0.45,0.42,2246758000,2337030250,2246758000,4816824587,13,5.202,680102000,1.026,1.0,1382082000,0.059,343552000,56259000,4555758000,4915312750,2722500000,0,0,0,8344797000,6172785000,2172012000,4433389587,68758000,-161512000,-299783000,-141646000,0,-339578000,-697199000,0,1115430000,-9895000,277051000,277051000,277051000,25451000,0,0.012,1062198000,319884000,3705297000,0.0,1.973,16.002,16.095,2174588000,0,6.76,0.188,0.19,2111996000,-5302688000,23569475000,23569475000,0,0.025,0.119,0.073,0.015,34529000,805235000,1.0,655826862,662874000,675033000,35.556,10248003000,0,26313000,0,15.743,1598616000
FLEX,MRY,2014-12-31,2014-03-31,2014-03-31,2018-01-29,-126156000,12500150000,12122649000,9400326000,3099824000,2.154,3.679,-515003000,1593728000,1593728000,24609738000,365594000,1.228,4.678,2102595000,32575000,2070020000,2102595000,0,464543000,0,0.0,0.0,462358000,926901000,0.036,926901000,462358000,400454000,0.6,0.59,0.6,2201679000,2165826000,2201679000,6004642823,12,6.478,701457000,1.149,1.0,1498869000,0.057,377218000,61904000,4975112000,4912443250,3599008000,0,0,0,10298471000,7656687000,2641784000,5566242823,6641000,-233432000,-447174000,-15767000,0,-410792000,-783932000,0,1216460000,-15095000,365594000,365594000,365594000,0,0,0.014,978999000,519870000,4747779000,0.0,2.528,15.225,15.4,2288656000,0,9.24,0.213,0.216,2697985000,-4937094000,26108607000,26108607000,0,0.03,0.169,0.094,0.018,40439000,874796000,1.0,602407232,610497000,623479000,42.766,12122932000,0,34860000,0,20.26,1743639000
FLEX,MRY,2015-12-31,2015-03-31,2015-03-31,2018-01-29,-180505000,11652891000,11932765250,8740900000,2911991000,2.191,4.206,-239724000,1628408000,1628408000,24602576000,600801000,1.294,3.863,2071000000,45030000,2025970000,2071000000,0,540490000,0,0.0,0.0,722065000,1262555000,0.048,1262555000,722065000,670655000,1.04,1.02,1.04,2396250000,2357204250,2396250000,7638387052,10,6.05,554310000,0.956,1.0,1545340000,0.059,415175000,51410000,4925217000,5011054250,3488752000,0,0,0,9256641000,6755091000,2501550000,7254865052,34680000,-66854000,-392437000,-24614000,0,-516017000,-242216000,0,794034000,-1121000,600801000,600801000,600801000,0,0,0.023,876508000,668832000,4561194000,0.0,3.028,12.075,12.188,2092167000,0,12.675,0.277,0.281,2337515000,-4336293000,26147916000,26147916000,0,0.05,0.255,0.144,0.028,50270000,844473000,1.0,572375941,579981000,591556000,45.084,11237716000,0,69854000,0,19.723,1985809000
FLEX,MRY,2016-12-31,2016-03-31,2016-03-31,2018-01-29,-135915000,12384981000,12548754500,8315126000,4069855000,1.946,4.759,-496958000,1607570000,1607570000,22810824000,444081000,1.265,3.753,2774555000,65166000,2709389000,2774555000,0,515367000,0,0.0,0.0,539468000,1054835000,0.043,1054835000,539468000,454675000,0.8,0.79,0.8,2605530000,2531773250,2605530000,7788756937,14,7.384,639487000,1.147,1.0,1608061000,0.066,1345820000,84793000,5633941000,5637937750,3491656000,0,0,0,9779451000,6572205000,3207246000,6615940937,-20838000,-910787000,-359039000,694481000,0,249642000,-1396376000,0,1136445000,-10549000,444081000,444081000,444081000,0,0,0.018,1020855000,587206000,4248292000,0.0,2.539,14.898,15.075,2257633000,0,12.06,0.271,0.275,2044757000,-3892212000,24418885000,24418885000,0,0.035,0.175,0.096,0.022,77580000,954890000,1.0,548585484,557667000,564869000,43.788,11039161000,0,10594000,0,20.164,1742921000
FLEX,MRY,2017-12-31,2017-03-31,2017-03-31,2018-01-29,-128143000,12593363000,12641517500,8387776000,4205587000,1.888,5.019,-489505000,1830675000,1830675000,22303231000,319564000,1.29,3.702,2952143000,61534000,2890609000,2952143000,0,609660000,0,0.0,0.0,470380000,1080040000,0.045,1080040000,470380000,370848000,0.59,0.59,0.59,2678276000,2647668750,2678276000,10001456161,21,9.26,660404000,1.222,1.0,1559703000,0.065,1347048000,99532000,5863156000,5678772750,3396462000,0,0,0,9915087000,6504627000,3410460000,8991712161,223105000,-152353000,-337094000,171011000,0,-242107000,-702187000,0,1149909000,17490000,319564000,319564000,319564000,0,0,0.013,1068130000,491573000,4484908000,0.0,3.357,28.137,28.475,2317026000,0,16.8,0.377,0.381,2192704000,-3572648000,23862934000,23862934000,0,0.025,0.121,0.083,0.02,77330000,937339000,1.0,535220962,540503000,546220000,44.149,11246315000,0,51284000,0,21.073,1883149000
