ticker,dimension,calendardate,datekey,reportperiod,lastupdated,accoci,assets,assetsavg,assetsc,assetsnc,assetturnover,bvps,capex,cashneq,cashnequsd,cor,consolinc,currentratio,de,debt,debtc,debtnc,debtusd,deferredrev,depamor,deposits,divyield,dps,ebit,ebitda,ebitdamargin,ebitdausd,ebitusd,ebt,eps,epsdil,epsusd,equity,equityavg,equityusd,ev,evebit,evebitda,fcf,fcfps,fxusd,gp,grossmargin,intangibles,intexp,invcap,invcapavg,inventory,investments,investmentsc,investmentsnc,liabilities,liabilitiesc,liabilitiesnc,marketcap,ncf,ncfbus,ncfcommon,ncfdebt,ncfdiv,ncff,ncfi,ncfinv,ncfo,ncfx,netinc,netinccmn,netinccmnusd,netincdis,netincnci,netmargin,opex,opinc,payables,payoutratio,pb,pe,pe1,ppnenet,prefdivis,price,ps,ps1,receivables,retearn,revenue,revenueusd,rnd,roa,roe,roic,ros,sbcomp,sgna,sharefactor,sharesbas,shareswa,shareswadil,sps,tangibles,taxassets,taxexp,taxliabilities,tbvps,workingcapital
FN,MRY,2011-12-31,2011-06-24,2011-06-24,2018-05-08,0,437775000,417971750,357676000,80099000,1.779,8.819,-22180000,127282000,127282000,648823000,64329000,3.036,0.452,16377000,4398000,11979000,16377000,0,9195000,0,0.0,0.0,69221000,78416000,0.105,78416000,69221000,68864000,1.9,1.87,1.9,301527000,274416000,301527000,645679708,9,8.234,19102000,0.563,1.0,94747000,0.127,892000,357000,208169000,197257750,106467000,1611000,448000,1163000,136248000,117809000,18439000,746134708,41578000,0,27894000,-4008000,0,23886000,-23590000,-1300000,41282000,762000,64329000,64329000,64329000,0,0,0.087,24806000,69941000,98834000,0.0,2.475,11.599,11.489,75410000,0,21.83,1.003,0.996,117705000,241369000,743570000,743570000,0,0.154,0.234,0.351,0.093,3460000,24806000,1.0,34179327,33922000,34407000,21.92,436883000,3261000,4535000,1858000,12.778,239867000
FN,MRY,2012-12-31,2012-06-29,2012-06-29,2018-05-08,0,461362000,445858000,360671000,100691000,1.267,7.273,-35508000,115507000,115507000,502818000,-56467000,2.051,0.84,38579000,9668000,28911000,38579000,0,9713000,0,0.0,0.0,-58008000,-48295000,-0.086,-48295000,-58008000,-58435000,-1.64,-1.64,-1.64,250709000,274653500,250709000,348156350,-6,-7.209,-33257000,-0.967,1.0,61914000,0.11,380000,427000,208222000,216227250,103223000,0,0,0,210653000,175832000,34821000,432570350,-11925000,0,1000000,22202000,0,23202000,-37378000,-1723000,2251000,150000,-56467000,-56467000,-56467000,0,0,-0.1,122730000,-60816000,94823000,0.0,1.725,-7.661,-7.652,97923000,0,12.55,0.766,0.764,128253000,184902000,564732000,564732000,0,-0.127,-0.206,-0.268,-0.103,4649000,23466000,1.0,34467757,34382000,34382000,16.425,460982000,5852000,-1968000,927000,13.374,184839000
FN,MRY,2013-12-31,2013-06-28,2013-06-28,2018-05-08,0,463579000,475083500,363986000,99593000,1.35,9.394,-10764000,149716000,149716000,572124000,68969000,3.223,0.425,28911000,9668000,19243000,28911000,0,10211000,0,0.0,0.0,72919000,83130000,0.13,83130000,72919000,71909000,2.0,1.98,2.0,325318000,297159000,325318000,358617690,4,4.314,37986000,1.099,1.0,69418000,0.108,164000,1010000,229662000,221372000,88962000,0,0,0,138261000,112948000,25313000,484768690,33760000,0,561000,-9668000,0,-9128000,-5862000,0,48750000,0,68969000,68969000,68969000,0,0,0.108,-1372000,70790000,82302000,0.0,1.49,7.029,7.0,97206000,0,14.0,0.756,0.754,118475000,253871000,641542000,641542000,0,0.145,0.232,0.329,0.114,5100000,23787000,1.0,34626335,34557000,34846000,18.565,463415000,3513000,2940000,1825000,13.381,251038000
FN,MRY,2014-12-31,2014-06-27,2014-06-27,2018-05-08,0,564557000,531681250,464477000,100080000,1.275,12.154,-10806000,233477000,233477000,603621000,91731000,3.85,0.323,16500000,6000000,10500000,16500000,0,10658000,0,0.0,0.0,93883000,104541000,0.154,104541000,93883000,93170000,2.63,2.58,2.63,426836000,388340750,426836000,509753072,5,4.876,55744000,1.596,1.0,74233000,0.11,72000,713000,226879000,226562250,124570000,0,0,0,137721000,120629000,17092000,721757072,85367000,0,4567000,-12411000,0,-8171000,26988000,0,66550000,-1606000,91731000,91731000,91731000,0,0,0.135,-17084000,91317000,100648000,0.0,1.691,7.868,7.817,97244000,0,20.56,1.065,1.06,101168000,345602000,677854000,677854000,0,0.173,0.236,0.414,0.139,5547000,27664000,1.0,35104916,34938000,35589000,19.402,564485000,3336000,1439000,1024000,16.074,343848000
FN,MRY,2015-12-31,2015-06-26,2015-06-26,2018-05-08,-44000,672503000,627032750,527039000,145464000,1.234,13.517,-51350000,112978000,112978000,685814000,43642000,2.911,0.404,40500000,36000000,4500000,40500000,0,12947000,0,0.0,0.0,48242000,61189000,0.079,61189000,48242000,47626000,1.23,1.21,1.23,478944000,458051250,478944000,616622760,12,10.077,1279000,0.036,1.0,87773000,0.113,137000,616000,418840000,350303250,130613000,142866000,142866000,0,193559000,181048000,12511000,703568760,-120333000,0,835000,22054000,0,22537000,-195499000,-144015000,52629000,-166000,43642000,43642000,43642000,0,0,0.056,40613000,47160000,121343000,0.0,1.469,16.121,16.146,140654000,0,19.86,0.909,0.908,134952000,389244000,773587000,773587000,0,0.07,0.095,0.138,0.062,8027000,39460000,1.0,35426423,35354000,35984000,21.881,672366000,3911000,3984000,1470000,18.976,345991000
FN,MRY,2016-12-31,2016-06-24,2016-06-24,2018-05-08,591000,855857000,759043250,673291000,182566000,1.287,15.369,-40422000,142804000,142804000,857224000,61897000,2.633,0.544,81035000,44935000,36100000,81035000,0,17357000,0,0.0,0.0,69801000,87158000,0.089,87158000,69801000,68232000,1.73,1.68,1.73,554419000,518829750,554419000,1182414884,16,13.566,6666000,0.186,1.0,119523000,0.122,499000,1569000,537864000,469453750,181499000,141709000,141709000,0,301438000,255725000,45713000,1260371884,30347000,0,5479000,19846000,0,22862000,-39603000,608000,47088000,-521000,61897000,61897000,61897000,0,0,0.063,49717000,69806000,188408000,0.0,2.273,20.362,20.214,178410000,0,34.97,1.29,1.284,196145000,451141000,976747000,976747000,0,0.082,0.119,0.149,0.071,9927000,49753000,1.0,36041518,35857000,36872000,27.24,855358000,3164000,6335000,2010000,23.712,417566000
FN,MRY,2017-12-31,2017-06-30,2017-06-30,2018-05-08,-348000,1033075000,971245500,798754000,234321000,1.463,18.257,-68032000,133825000,133825000,1249030000,97115000,2.566,0.516,80612000,56887000,23725000,80612000,0,23793000,0,0.0,0.0,107178000,130971000,0.092,130971000,107178000,103857000,2.63,2.57,2.63,681574000,633843750,681574000,1544363833,14,11.792,2902000,0.079,1.0,171460000,0.121,9646000,3321000,658944000,639723750,238665000,151450000,151450000,0,351501000,311272000,40229000,1592468833,-6190000,-9917000,5890000,8967000,0,13432000,-90556000,-10839000,70934000,523000,97115000,97115000,97115000,0,0,0.068,65626000,105834000,229330000,0.0,2.336,16.398,16.221,216881000,0,42.66,1.121,1.109,264349000,548256000,1420490000,1420490000,0,0.1,0.153,0.168,0.075,26507000,65626000,1.0,37329321,36927000,37852000,38.468,1023429000,2905000,6742000,1976000,27.414,487482000
