ticker,dimension,calendardate,datekey,reportperiod,lastupdated,accoci,assets,assetsavg,assetsc,assetsnc,assetturnover,bvps,capex,cashneq,cashnequsd,cor,consolinc,currentratio,de,debt,debtc,debtnc,debtusd,deferredrev,depamor,deposits,divyield,dps,ebit,ebitda,ebitdamargin,ebitdausd,ebitusd,ebt,eps,epsdil,epsusd,equity,equityavg,equityusd,ev,evebit,evebitda,fcf,fcfps,fxusd,gp,grossmargin,intangibles,intexp,invcap,invcapavg,inventory,investments,investmentsc,investmentsnc,liabilities,liabilitiesc,liabilitiesnc,marketcap,ncf,ncfbus,ncfcommon,ncfdebt,ncfdiv,ncff,ncfi,ncfinv,ncfo,ncfx,netinc,netinccmn,netinccmnusd,netincdis,netincnci,netmargin,opex,opinc,payables,payoutratio,pb,pe,pe1,ppnenet,prefdivis,price,ps,ps1,receivables,retearn,revenue,revenueusd,rnd,roa,roe,roic,ros,sbcomp,sgna,sharefactor,sharesbas,shareswa,shareswadil,sps,tangibles,taxassets,taxexp,taxliabilities,tbvps,workingcapital
FONR,MRY,2011-12-31,2011-06-30,2011-06-30,2018-05-11,-16179,31580674,25999168,22560661,9020013,1.275,-0.255,-599820,9251244,9251244,18479550,3309019,0.975,-17.85,3772122,2025836,1746286,3772122,5766439,2073006,4845794,0.0,0.0,3754917,5827923,0.176,5827923,3754917,3236385,0.56,0.55,0.56,-1440623,-3054405,-1440623,13946186,3,2.393,2549151,0.451,1.0,14656845,0.442,4318311,518532,-1353048,-2760762,2400240,472827,114058,358769,25714860,23136289,2578571,12170186,7951751,290102,0,-1492546,0,5250316,-447536,-2608,3148971,0,3160910,2941026,2941026,0,148109,0.089,10865376,3791469,2517382,0.0,-8.448,4.138,3.5,3769424,163886,1.96,0.367,0.334,10295377,-174110439,33136395,33136395,1440032,0.113,-0.963,-1.36,0.113,204486,8462335,1.0,6209279,5647308,5392299,5.868,27262363,0,75475,75000,4.827,-575628
FONR,MRY,2012-12-31,2012-06-30,2012-06-30,2018-05-11,0,33635002,33754250,25884955,7750047,1.169,0.812,-1081209,12032015,12032015,21195680,6875073,1.228,4.503,2630897,1853623,777274,2630897,5474614,2230250,3881284,0.0,0.0,6396269,8626519,0.219,8626519,6396269,5917606,0.93,0.91,0.93,5004505,2613626,5004505,18558626,2,2.151,6332136,1.028,1.0,18248739,0.463,3835179,478663,-680903,-57225,2194949,0,0,0,22533937,21079608,1454329,26884626,2780771,0,0,-1141225,0,-3405202,-1227372,0,7413345,0,5776481,5392212,5392212,0,1098592,0.137,11042188,7206551,2305587,0.0,5.372,4.986,4.409,3173447,286406,4.1,0.682,0.64,11245300,-168333958,39444419,39444419,1242656,0.16,2.063,-111.773,0.162,180418,8749090,1.0,6557226,6161208,5906199,6.402,29799823,0,141125,100000,4.837,4805347
FONR,MRY,2013-12-31,2013-06-30,2013-06-30,2018-05-11,0,73150650,54674662,37865756,35284894,0.899,2.379,-1135382,7870727,7870727,26121365,10256362,1.793,2.505,15772774,2885769,12887005,15772774,5107632,2421177,1857870,0.0,0.0,6901013,9322190,0.19,9322190,6901013,6400651,1.37,1.34,1.37,14114061,9443515,14114061,50400944,7,5.407,6403762,1.079,1.0,23020449,0.468,13671346,500362,46263739,21575684,2077088,0,0,0,35351374,21117612,14233762,43722944,-4161288,-40000000,0,12868029,0,29594857,-41295289,0,7539144,0,8678542,8107367,8107367,0,1577820,0.165,15484702,7535747,2983105,0.0,3.098,5.393,4.788,17524494,425708,6.56,0.89,0.792,26808570,-159655416,49141814,49141814,1438560,0.148,0.859,0.32,0.14,415021,12501621,1.0,6665083,5933318,6443335,8.282,59479304,2935750,-2277891,481359,10.025,16748144
FONR,MRY,2014-12-31,2014-06-30,2014-06-30,2018-05-11,0,76789843,76404960,42821790,33968053,0.897,4.212,-620697,9951736,9951736,35857342,13396769,2.047,1.22,11372646,2890816,8481830,11372646,4873179,3817205,1926813,0.0,0.0,8932359,12749564,0.186,12749564,8932359,8047818,1.62,1.58,1.62,25311608,20486402,25311608,84778517,9,6.65,12770226,2.125,1.0,32648135,0.477,12275941,884541,45011721,44836180,2443536,0,0,0,30883251,20923091,9960160,81996517,2081009,0,0,-4400128,0,-10475006,-834908,0,13390923,0,10396130,9720030,9720030,0,3000639,0.142,20345466,12302669,2716578,0.0,3.239,8.436,7.531,15029729,503911,12.2,1.197,1.07,29376332,-149259286,68505477,68505477,1760821,0.127,0.474,0.199,0.13,223000,18584645,1.0,6721026,6009822,6519839,11.399,64513902,5740287,-2348312,583990,10.735,21898699
FONR,MRY,2015-12-31,2015-06-30,2015-06-30,2018-05-11,0,76492077,77210269,43620813,32871264,0.894,6.345,-131308,9448798,9448798,36890416,15430383,2.321,0.67,8189448,2490146,5699302,8189448,4329618,3544470,1937813,0.0,0.0,11000225,14544695,0.211,14544695,11000225,10298130,2.0,1.95,2.0,38392742,32416935,38392742,72726314,6,5.0,13141609,2.172,1.0,32160580,0.466,10717258,702095,45722817,44781454,2191849,0,0,0,25708564,18792652,6915912,71347314,-502938,0,0,-2788401,0,-13505013,-270842,0,13272917,0,12910651,12071670,12071670,0,2519732,0.175,19260703,12899877,2019362,0.0,1.858,5.91,5.287,12901195,625309,10.575,1.033,0.927,31088631,-136348635,69050996,69050996,1812398,0.156,0.372,0.246,0.159,53200,17448305,1.0,6746791,6050632,6560649,11.412,65774819,8423306,-2612521,510492,10.871,24828161
FONR,MRY,2016-12-31,2016-06-30,2016-06-30,2018-05-11,0,84887606,81587151,45559573,39328033,0.899,8.657,-712216,8528309,8528309,38870898,18795517,2.21,0.46,4506929,2447693,2059236,4506929,4885537,3297289,1198739,0.0,0.0,11699547,14996836,0.204,14996836,11699547,11437354,2.43,2.38,2.43,52379732,46536933,52379732,130535664,11,8.704,15905153,2.629,1.0,34497312,0.47,11041516,262193,49211463,46690865,2074300,0,0,0,24111299,20613247,3498052,137364664,-920489,-4223567,0,-3682519,0,-12489003,-5048855,0,16617369,0,15724625,14702834,14702834,0,3070892,0.2,20141696,14355616,1499526,0.0,2.622,9.343,8.379,14512706,761561,20.36,1.872,1.679,34174043,-120624010,73368210,73368210,1631846,0.18,0.316,0.251,0.159,2006,18509850,1.0,6746791,6050893,6560910,12.125,73846090,13042360,-4287271,481779,12.204,24946326
FONR,MRY,2017-12-31,2017-06-30,2017-06-30,2018-05-11,0,98763000,91253250,53414000,45349000,0.855,12.568,-2851158,10140000,10140000,38052425,23678798,3.752,0.205,517000,180000,337000,517000,4642000,3533564,788000,0.0,0.0,15229888,18763452,0.24,18763452,15229888,15258187,2.98,2.92,2.98,77437000,66814250,77437000,184749855,12,9.846,13956106,2.265,1.0,39984161,0.512,10572000,-28299,64332000,57966250,1624000,0,0,0,15853000,14236000,1617000,191424855,1611312,-1312769,0,-3990078,0,-10876869,-4319083,0,16807264,0,19620621,18390586,18390586,0,4058177,0.236,20888081,19096080,1650000,0.0,2.472,10.409,9.312,16462000,916769,27.75,2.453,2.191,40339000,-101003000,78036586,78036586,1480670,0.202,0.275,0.263,0.195,2397276,19407411,1.0,6898193,6161599,6671616,12.665,88191000,17862000,-4362434,332000,14.313,39178000
