ticker,dimension,calendardate,datekey,reportperiod,lastupdated,accoci,assets,assetsavg,assetsc,assetsnc,assetturnover,bvps,capex,cashneq,cashnequsd,cor,consolinc,currentratio,de,debt,debtc,debtnc,debtusd,deferredrev,depamor,deposits,divyield,dps,ebit,ebitda,ebitdamargin,ebitdausd,ebitusd,ebt,eps,epsdil,epsusd,equity,equityavg,equityusd,ev,evebit,evebitda,fcf,fcfps,fxusd,gp,grossmargin,intangibles,intexp,invcap,invcapavg,inventory,investments,investmentsc,investmentsnc,liabilities,liabilitiesc,liabilitiesnc,marketcap,ncf,ncfbus,ncfcommon,ncfdebt,ncfdiv,ncff,ncfi,ncfinv,ncfo,ncfx,netinc,netinccmn,netinccmnusd,netincdis,netincnci,netmargin,opex,opinc,payables,payoutratio,pb,pe,pe1,ppnenet,prefdivis,price,ps,ps1,receivables,retearn,revenue,revenueusd,rnd,roa,roe,roic,ros,sbcomp,sgna,sharefactor,sharesbas,shareswa,shareswadil,sps,tangibles,taxassets,taxexp,taxliabilities,tbvps,workingcapital
FORM,MRY,2011-12-31,2011-12-31,2011-12-31,2018-05-08,2700000,383071000,419388500,336975000,46096000,0.404,6.943,-7667000,139366000,139366000,148367000,-65981000,11.784,0.105,0,0,0,0,4798000,10838000,0,0.0,0.0,-67882000,-57044000,-0.337,-57044000,-67882000,-67882000,-1.31,-1.31,-1.31,346652000,376136750,346652000,114101698,-1,-2.0,-37010000,-0.733,1.0,20958000,0.124,3242000,0,211868000,251732500,18092000,157642000,157642000,0,36419000,28595000,7824000,255331698,17842000,0,-12902000,0,0,-12902000,60712000,68016000,-29343000,-625000,-65981000,-65981000,-65981000,0,0,-0.39,91320000,-70362000,9731000,0.0,0.737,-3.87,-3.863,35132000,0,5.06,1.508,1.51,12662000,-308122000,169325000,169325000,43544000,-0.157,-0.175,-0.27,-0.401,13849000,46705000,1.0,50460810,50521000,50521000,3.352,379829000,8026000,-1901000,4212000,7.608,308380000
FORM,MRY,2012-12-31,2012-12-29,2012-12-29,2018-05-08,1715000,395682000,378264000,239172000,156510000,0.472,6.427,-7952000,72561000,72561000,153204000,-35546000,5.309,0.166,913000,573000,340000,913000,6189000,16901000,0,0.0,0.0,-61966000,-45065000,-0.252,-45065000,-61966000,-61966000,-0.7,-0.7,-0.7,339258000,331748000,339258000,79995669,-1,-1.775,-34180000,-0.676,1.0,25331000,0.142,105270000,0,173717000,184391500,23616000,93545000,93545000,0,56424000,45047000,11377000,242375669,-66806000,-96652000,2251000,-112000,0,2139000,-40701000,63903000,-26228000,-2016000,-35546000,-35546000,-35546000,0,0,-0.199,89449000,-64118000,21015000,0.0,0.714,-6.819,-6.5,45515000,0,4.55,1.358,1.288,28919000,-343668000,178535000,178535000,40130000,-0.094,-0.107,-0.336,-0.347,13049000,49231000,1.0,53269378,50551000,50551000,3.532,290412000,14487000,-26420000,3028000,5.501,194125000
FORM,MRY,2013-12-31,2013-12-28,2013-12-28,2018-05-08,-249000,340708000,366238250,211651000,129057000,0.632,5.386,-8469000,59631000,59631000,189249000,-57683000,5.604,0.159,270000,270000,0,270000,7030000,28909000,0,0.0,0.0,-57782000,-28873000,-0.125,-28873000,-57782000,-57782000,-1.06,-1.06,-1.06,294086000,311065250,294086000,275532604,-4,-9.543,-14271000,-0.263,1.0,42284000,0.183,88201000,0,155376000,163592000,20707000,91895000,91895000,0,46622000,37770000,8852000,335038604,-13047000,-210000,2602000,-603000,0,1999000,-7750000,1047000,-5802000,-1494000,-57683000,-57683000,-57683000,0,0,-0.249,100775000,-58491000,16313000,0.0,1.139,-5.808,-5.792,35190000,0,6.14,1.447,1.437,30189000,-401351000,231533000,231533000,42139000,-0.158,-0.185,-0.353,-0.25,12124000,53217000,1.0,54566548,54204000,54204000,4.272,252507000,7518000,-99000,5698000,4.624,173881000
FORM,MRY,2014-12-31,2014-12-27,2014-12-27,2018-05-08,-1761000,344243000,339520000,244274000,99969000,0.791,5.125,-4556000,114375000,114375000,191091000,-19185000,5.104,0.189,0,0,0,0,6303000,30491000,0,0.0,0.0,-20095000,10396000,0.039,10396000,-20095000,-20095000,-0.34,-0.34,-0.34,289436000,287298500,289436000,398263407,-19,38.309,13103000,0.234,1.0,77439000,0.288,69420000,0,112586000,138795250,25548000,49897000,49897000,0,54807000,47862000,6945000,487962407,54744000,115000,2813000,-271000,0,2542000,37339000,41780000,17659000,-2796000,-19185000,-19185000,-19185000,0,0,-0.071,97997000,-20558000,20274000,0.0,1.686,-25.435,-25.441,25498000,0,8.65,1.817,1.801,45152000,-420536000,268530000,268530000,42725000,-0.057,-0.067,-0.145,-0.075,13279000,51385000,1.0,56411839,55908000,55908000,4.803,274823000,6284000,-910000,3370000,4.867,196412000
FORM,MRY,2015-12-31,2015-12-26,2015-12-26,2018-05-08,-2222000,342723000,344301750,258018000,84705000,0.82,5.069,-7440000,146699000,146699000,196620000,-1523000,5.92,0.163,0,0,0,0,3892000,23771000,0,0.0,0.0,-1271000,22500000,0.08,22500000,-1271000,-1271000,-0.03,-0.03,-0.03,294681000,294648000,294681000,387219558,-304,17.21,28682000,0.496,1.0,85738000,0.304,56283000,0,96160000,101234250,27223000,41325000,41325000,0,48042000,43581000,4461000,529839558,32324000,53000,-4792000,0,0,-4792000,1129000,8516000,36122000,-135000,-1523000,-1523000,-1523000,0,0,-0.005,89841000,-4103000,18072000,0.0,1.798,-347.892,-303.667,23853000,0,9.11,1.876,1.866,36725000,-422059000,282358000,282358000,44184000,-0.004,-0.005,-0.013,-0.005,12075000,45090000,1.0,58160215,57850000,57850000,4.881,286440000,3281000,252000,1179000,4.928,214437000
FORM,MRY,2016-12-31,2016-12-31,2016-12-31,2018-05-08,-3740000,618982000,576269500,254709000,364273000,0.666,5.628,-11468000,102596000,102596000,281199000,-6557000,3.08,0.543,138176000,12701000,125475000,138176000,5305000,46798000,0,0.0,0.0,-47804000,-1006000,-0.003,-1006000,-47804000,-50195000,-0.1,-0.1,-0.1,401056000,381618250,401056000,838666172,-17,-833.664,5955000,0.092,1.0,102682000,0.267,314618000,2391000,257237000,219066000,59806000,7497000,7497000,0,217926000,82707000,135219000,792395172,-44856000,-227984000,5745000,137869000,0,143614000,-206318000,33913000,17423000,425000,-6557000,-6557000,-6557000,0,0,-0.017,150589000,-47907000,34075000,0.0,1.976,-120.847,-112.0,42663000,0,11.2,2.064,1.895,70225000,-428616000,383881000,383881000,57453000,-0.011,-0.017,-0.218,-0.125,11686000,73444000,1.0,70749569,64941000,64941000,5.911,304364000,4701000,-43638000,5460000,4.271,172002000
FORM,MRY,2017-12-31,2017-12-30,2017-12-30,2018-05-08,3021000,646574000,646548250,305854000,340720000,0.848,6.295,-17756000,92726000,92726000,332844000,40913000,3.319,0.41,105671000,18443000,87228000,105671000,4978000,44566000,0,0.0,0.0,46697000,91263000,0.166,91263000,46697000,42206000,0.57,0.55,0.57,458637000,440860750,458637000,1152635030,24,12.63,68567000,0.948,1.0,215597000,0.393,287404000,4491000,279954000,266378000,67848000,48988000,48988000,0,187937000,92161000,95776000,1142205030,-10224000,68000,540000,-33125000,0,-39470000,-59673000,-41737000,86323000,2596000,40913000,40913000,40913000,0,0,0.075,169296000,46301000,35046000,0.0,2.49,27.918,27.456,46754000,0,15.65,2.083,2.063,81515000,-387573000,548441000,548441000,73807000,0.063,0.093,0.175,0.085,16339000,94679000,1.0,72984347,72292000,74239000,7.586,359170000,5375000,1293000,3379000,4.93,213693000
