ticker,dimension,calendardate,datekey,reportperiod,lastupdated,accoci,assets,assetsavg,assetsc,assetsnc,assetturnover,bvps,capex,cashneq,cashnequsd,cor,consolinc,currentratio,de,debt,debtc,debtnc,debtusd,deferredrev,depamor,deposits,divyield,dps,ebit,ebitda,ebitdamargin,ebitdausd,ebitusd,ebt,eps,epsdil,epsusd,equity,equityavg,equityusd,ev,evebit,evebitda,fcf,fcfps,fxusd,gp,grossmargin,intangibles,intexp,invcap,invcapavg,inventory,investments,investmentsc,investmentsnc,liabilities,liabilitiesc,liabilitiesnc,marketcap,ncf,ncfbus,ncfcommon,ncfdebt,ncfdiv,ncff,ncfi,ncfinv,ncfo,ncfx,netinc,netinccmn,netinccmnusd,netincdis,netincnci,netmargin,opex,opinc,payables,payoutratio,pb,pe,pe1,ppnenet,prefdivis,price,ps,ps1,receivables,retearn,revenue,revenueusd,rnd,roa,roe,roic,ros,sbcomp,sgna,sharefactor,sharesbas,shareswa,shareswadil,sps,tangibles,taxassets,taxexp,taxliabilities,tbvps,workingcapital
FOSL,MRY,2011-12-31,2011-12-31,2011-12-31,2018-05-10,22180000,1642922000,1524996000,1235402000,407520000,1.683,17.676,-88464000,287498000,287498000,1128116000,307402000,3.157,0.476,15245000,9009000,6236000,15245000,0,51925000,0,0.0,0.0,441250000,493175000,0.192,493175000,441250000,438859000,4.66,4.61,4.66,1105929000,1055879000,1105929000,4751393350,10,9.634,162803000,2.572,1.0,1439186000,0.561,117950000,2391000,861441000,778718000,488983000,7675000,155000,7520000,526076000,391278000,134798000,4967674350,-105296000,0,-262342000,4045000,0,-249857000,-110073000,8033000,251267000,3367000,294702000,294702000,294702000,0,12700000,0.115,967195000,471991000,157883000,0.0,4.492,16.857,17.03,282050000,0,79.36,1.935,1.957,302467000,1384522000,2567302000,2567302000,0,0.193,0.279,0.567,0.172,4635000,967195000,1.0,62596703,63298000,63965000,40.559,1524972000,45803000,144157000,142947000,24.374,844124000
FOSL,MRY,2012-12-31,2012-12-29,2012-12-29,2018-05-10,28760000,1841989000,1743483000,1144112000,697877000,1.639,20.624,-112317000,177236000,177236000,1250965000,354259000,2.813,0.488,77934000,2794000,75140000,77934000,0,65536000,0,0.0,0.0,486524000,552060000,0.193,552060000,486524000,481364000,5.63,5.59,5.63,1233535000,1158810750,1233535000,5402506462,11,9.786,339283000,5.566,1.0,1606543000,0.562,355466000,5160000,980443000,1016434250,506314000,6965000,0,6965000,601525000,406778000,194747000,5360498462,-110262000,-229151000,-265203000,56177000,0,-219592000,-345153000,0,451600000,2883000,343401000,343401000,343401000,0,10858000,0.12,1117703000,488840000,149561000,0.0,4.346,15.61,15.863,335446000,0,89.31,1.876,1.905,363456000,1066082000,2857508000,2857508000,0,0.197,0.296,0.479,0.17,6875000,1117703000,1.0,60021257,60959000,61400000,46.876,1486523000,34238000,137963000,147656000,24.854,737334000
FOSL,MRY,2013-12-31,2013-12-28,2013-12-28,2018-05-10,36691000,2230414000,2041635250,1479462000,750952000,1.597,19.376,-92829000,320479000,320479000,1398285000,388048000,3.008,1.081,508154000,13443000,494711000,508154000,0,81936000,0,0.0,0.0,561119000,643055000,0.197,643055000,561119000,551571000,6.59,6.56,6.59,1068677000,1120514750,1068677000,6885212230,12,10.707,318853000,5.555,1.0,1861686000,0.571,395286000,9548000,1530897000,1353834500,570719000,0,0,0,1155047000,491906000,663141000,6631175230,143243000,-15521000,-574658000,430621000,0,-148249000,-123168000,0,411682000,2978000,378152000,378152000,378152000,0,9896000,0.116,1300090000,561596000,165433000,0.0,6.205,17.536,18.228,355666000,0,120.12,2.034,2.115,454762000,877063000,3259971000,3259971000,0,0.185,0.337,0.414,0.172,6959000,1300090000,1.0,55204589,57401000,57676000,56.793,1835128000,46986000,173419000,175769000,33.273,987556000
FOSL,MRY,2014-12-31,2015-01-03,2015-01-03,2018-05-10,-16410000,2177460000,2172306750,1454572000,722888000,1.616,19.112,-94151000,276261000,276261000,1508519000,386611000,3.259,1.221,626312000,16646000,609666000,626312000,0,95931000,0,0.0,0.0,564072000,660003000,0.188,660003000,564072000,548174000,7.12,7.1,7.12,977860000,990047250,977860000,6041129239,10,9.153,293732000,5.554,1.0,2001172000,0.57,377282000,15898000,1703921000,1662034000,597281000,0,0,0,1193659000,446308000,747351000,5636134239,-44218000,0,-437911000,122316000,0,-325181000,-103160000,410000,387883000,-3760000,376707000,376707000,376707000,0,9904000,0.107,1434636000,566536000,159267000,0.0,5.764,14.962,15.496,345606000,0,110.33,1.606,1.662,430498000,822093000,3509691000,3509691000,0,0.173,0.38,0.339,0.161,17393000,1434636000,1.0,51084331,52882000,53080000,66.368,1800178000,0,171467000,140819000,35.183,1008264000
FOSL,MRY,2015-12-31,2016-01-02,2016-01-02,2018-05-10,-80506000,2355661000,2178361000,1442670000,912991000,1.482,19.148,-79588000,289275000,289275000,1475369000,229902000,2.947,1.545,808235000,23159000,785076000,808235000,0,87662000,0,0.0,0.0,322412000,410074000,0.127,410074000,322412000,302394000,4.52,4.51,4.52,921388000,873762000,921388000,2265083753,7,5.524,281183000,5.762,1.0,1753467000,0.543,586621000,20018000,1798471000,1806540250,625344000,0,0,0,1423118000,489529000,933589000,1759224753,13014000,-220189000,-231282000,180242000,0,-64027000,-293830000,3709000,360771000,10100000,220637000,220637000,220637000,0,9265000,0.068,1462233000,291234000,208083000,0.0,1.909,7.973,8.088,326370000,0,36.56,0.545,0.553,370761000,813957000,3228836000,3228836000,0,0.101,0.253,0.178,0.1,18450000,1428717000,1.0,48118839,48800000,48924000,66.165,1769040000,0,81757000,148721000,36.764,953141000
FOSL,MRY,2016-12-31,2016-12-31,2016-12-31,2018-05-10,-95424000,2186897000,2232827250,1347290000,839607000,1.363,20.892,-20766000,297330000,297330000,1464185000,85603000,3.25,1.164,636329000,26368000,609961000,636329000,0,94592000,0,0.0,0.0,134467000,229059000,0.075,229059000,134467000,107573000,1.64,1.63,1.64,1006236000,965091250,1006236000,1732558147,12,7.564,189361000,3.934,1.0,1578186000,0.519,565756000,26894000,1545555000,1709469250,542487000,0,0,0,1171459000,414585000,756874000,1244719147,8055000,3500000,-7237000,-171367000,0,-198494000,-12402000,752000,210127000,8824000,78868000,78868000,78868000,0,6735000,0.026,1451040000,127146000,163644000,0.0,1.237,15.782,15.768,273851000,0,25.86,0.409,0.409,375520000,887825000,3042371000,3042371000,0,0.035,0.082,0.079,0.044,31029000,1423262000,1.0,48132991,48136000,48323000,63.204,1621141000,0,28705000,117303000,33.659,932705000
FOSL,MRY,2017-12-31,2017-12-30,2017-12-30,2018-05-10,-76269000,1658372000,1821608500,1290988000,367384000,1.531,11.866,-24972000,231244000,231244000,1429324000,-473559000,2.536,1.87,446086000,2144000,443942000,446086000,0,80973000,0,0.0,0.0,-415153000,-334180000,-0.12,-334180000,-415153000,-458367000,-9.87,-9.87,-9.87,576133000,708088250,576133000,694651767,-1,-2.079,154570000,3.189,1.0,1358839000,0.487,147642000,43214000,1216484000,1358178500,573788000,0,0,0,1077425000,509088000,568337000,377061767,-66086000,1750000,-1218000,-190065000,0,-201710000,-24721000,0,179542000,-19197000,-478172000,-478172000,-478172000,0,4613000,-0.172,1783115000,-424276000,204981000,0.0,0.654,-0.789,-0.787,219742000,0,7.77,0.135,0.135,367013000,409653000,2788163000,2788163000,0,-0.262,-0.675,-0.306,-0.149,30400000,1327816000,1.0,48527898,48468000,48468000,57.526,1510730000,0,19805000,102396000,31.114,781900000
