ticker,dimension,calendardate,datekey,reportperiod,lastupdated,accoci,assets,assetsavg,assetsc,assetsnc,assetturnover,bvps,capex,cashneq,cashnequsd,cor,consolinc,currentratio,de,debt,debtc,debtnc,debtusd,deferredrev,depamor,deposits,divyield,dps,ebit,ebitda,ebitdamargin,ebitdausd,ebitusd,ebt,eps,epsdil,epsusd,equity,equityavg,equityusd,ev,evebit,evebitda,fcf,fcfps,fxusd,gp,grossmargin,intangibles,intexp,invcap,invcapavg,inventory,investments,investmentsc,investmentsnc,liabilities,liabilitiesc,liabilitiesnc,marketcap,ncf,ncfbus,ncfcommon,ncfdebt,ncfdiv,ncff,ncfi,ncfinv,ncfo,ncfx,netinc,netinccmn,netinccmnusd,netincdis,netincnci,netmargin,opex,opinc,payables,payoutratio,pb,pe,pe1,ppnenet,prefdivis,price,ps,ps1,receivables,retearn,revenue,revenueusd,rnd,roa,roe,roic,ros,sbcomp,sgna,sharefactor,sharesbas,shareswa,shareswadil,sps,tangibles,taxassets,taxexp,taxliabilities,tbvps,workingcapital
FRNK,MRY,2011-12-31,2011-09-30,2011-09-30,2017-04-14,-5622000,1096977000,1110732750,,,0.021,17.448,-917000,115749000,115749000,0,1431000,,3.396,192335000,,,192335000,0,789000,648754000,0.0,0.0,2183000,2972000,0.129,2972000,2183000,2183000,0.11,0.11,0.11,249558000,191519750,249558000,233614331,107,78.605,14463000,1.011,1.0,23119000,1.0,0,0,1173563000,1146109750,0,915247000,,,847419000,,,157903331,17840000,0,124819000,0,0,126446000,-123986000,-123023000,15380000,0,1431000,1431000,1431000,0,0,0.062,20936000,2183000,0,0.0,0.633,110.345,100.364,6287000,0,11.04,6.83,6.83,0,125770000,23119000,23119000,0,0.001,0.007,0.002,0.094,426000,9934000,1.0,14302838,14302838,,1.616,1096977000,0,752000,0,76.696,
FRNK,MRY,2012-12-31,2012-09-30,2012-09-30,2017-04-14,8078000,1070781000,1083278750,,,0.026,18.108,-724000,119879000,119879000,0,6481000,,3.292,174529000,,,174529000,0,867000,640304000,0.0,0.0,11220000,12087000,0.427,12087000,11220000,11220000,0.5,0.5,0.5,249467000,255124000,249467000,277567738,24,22.964,15998000,1.161,1.0,28283000,1.0,0,0,1125431000,1143852500,0,878976000,,,821314000,,,235027738,4130000,0,-22786000,0,0,-49544000,36952000,37676000,16722000,0,6481000,6481000,6481000,0,0,0.229,17063000,11220000,0,0.0,0.942,36.264,34.12,6167000,0,17.06,8.31,8.31,0,132251000,28283000,28283000,0,0.006,0.025,0.01,0.397,2514000,11544000,1.0,13776538,13776538,,2.053,1070781000,0,4739000,0,77.725,
FRNK,MRY,2013-12-31,2013-09-30,2013-09-30,2017-04-14,12741000,1059321000,1054957000,,,0.029,19.311,-1590000,98914000,98914000,0,9346000,,3.388,166254000,,,166254000,0,862000,646838000,0.024,0.45,12549000,13411000,0.432,13411000,12549000,12549000,0.8,0.78,0.8,241394000,240157000,241394000,282787342,22,21.086,18829000,1.506,1.0,31074000,1.0,0,0,1126661000,1101231250,0,897582000,,,817927000,,,237008342,-20965000,0,-21008000,-10000000,-5342000,-29648000,-11736000,-10146000,20419000,0,9346000,9346000,9346000,0,0,0.301,18525000,12549000,0,0.563,0.982,25.359,23.7,6881000,0,18.96,7.627,7.627,0,136255000,31074000,31074000,0,0.009,0.039,0.011,0.404,4100000,12610000,1.0,12500440,12500440,,2.486,1059321000,0,3203000,0,84.743,
FRNK,MRY,2014-12-31,2014-09-30,2014-09-30,2017-04-14,822000,1093980000,1093692250,,,0.034,20.341,-438000,221065000,221065000,0,15157000,,3.565,167302000,,,167302000,0,845000,682398000,0.0,0.0,17216000,18061000,0.484,18061000,17216000,17216000,1.38,1.34,1.38,239645000,242368500,239645000,251147249,14,13.906,13160000,1.117,1.0,37319000,1.0,0,0,1040217000,1132985750,0,788869000,,,854335000,,,219253249,122151000,0,-9236000,0,0,26572000,81981000,82349000,13598000,0,15157000,15157000,15157000,0,0,0.406,20103000,17216000,0,0.0,0.915,14.465,13.486,6450000,0,18.61,5.875,5.875,0,151412000,37319000,37319000,0,0.014,0.063,0.015,0.461,4001000,12410000,1.0,11781475,11781475,,3.168,1093980000,11227000,2059000,0,92.856,
