ticker,dimension,calendardate,datekey,reportperiod,lastupdated,accoci,assets,assetsavg,assetsc,assetsnc,assetturnover,bvps,capex,cashneq,cashnequsd,cor,consolinc,currentratio,de,debt,debtc,debtnc,debtusd,deferredrev,depamor,deposits,divyield,dps,ebit,ebitda,ebitdamargin,ebitdausd,ebitusd,ebt,eps,epsdil,epsusd,equity,equityavg,equityusd,ev,evebit,evebitda,fcf,fcfps,fxusd,gp,grossmargin,intangibles,intexp,invcap,invcapavg,inventory,investments,investmentsc,investmentsnc,liabilities,liabilitiesc,liabilitiesnc,marketcap,ncf,ncfbus,ncfcommon,ncfdebt,ncfdiv,ncff,ncfi,ncfinv,ncfo,ncfx,netinc,netinccmn,netinccmnusd,netincdis,netincnci,netmargin,opex,opinc,payables,payoutratio,pb,pe,pe1,ppnenet,prefdivis,price,ps,ps1,receivables,retearn,revenue,revenueusd,rnd,roa,roe,roic,ros,sbcomp,sgna,sharefactor,sharesbas,shareswa,shareswadil,sps,tangibles,taxassets,taxexp,taxliabilities,tbvps,workingcapital
FSLR,MRY,2011-12-31,2011-12-31,2011-12-31,2018-04-28,-5037000,5777614000,5218534750,2613261000,3164353000,0.53,42.16,-731182000,806169000,806169000,1794456000,-39493000,2.684,0.586,663648000,44505000,619143000,663648000,209299000,0,0,0.0,0.0,-53613000,-53613000,-0.019,-53613000,-53613000,-53713000,-0.46,-0.46,-0.46,3643863000,3729258500,3643863000,2643721982,-49,-49.311,-764645000,-8.884,1.0,971751000,0.351,65444000,100000,4595925000,3922551000,536618000,182338000,66146000,116192000,2133751000,973724000,1160027000,2917703982,-160070000,-21105000,8326000,436312000,0,571218000,-676457000,98624000,-33463000,-21368000,-39493000,-39493000,-39493000,0,0,-0.014,1040415000,-68664000,176448000,0.0,0.801,-73.879,-73.391,1815958000,0,33.76,1.055,1.05,843967000,1626071000,2766207000,2766207000,140523000,-0.008,-0.011,-0.014,-0.019,-110836000,412541000,1.0,86424881,86067000,86067000,32.14,5712170000,381418000,-14220000,9541000,66.09,1639537000
FSLR,MRY,2012-12-31,2012-12-31,2012-12-31,2018-04-28,10179000,6348692000,5897816750,2832324000,3516368000,0.571,41.402,-374145000,1202694000,1202694000,2515796000,-96338000,2.572,0.761,562572000,62349000,500223000,562572000,731053000,0,0,0.0,0.0,-25916000,-25916000,-0.008,-25916000,-25916000,-39804000,-1.11,-1.11,-1.11,3605526000,3408528750,3605526000,2315098185,-89,-89.331,388064000,4.468,1.0,852749000,0.253,65444000,13888000,4541752000,4384198000,569296000,102578000,102578000,0,2743166000,1101374000,1641792000,2685678185,295675000,-19598000,176000,-108842000,0,-89109000,-383732000,-6204000,762209000,6307000,-96338000,-96338000,-96338000,0,0,-0.029,890312000,-37563000,350230000,0.0,0.745,-27.878,-27.802,1525382000,0,30.86,0.797,0.796,1242643000,1529733000,3368545000,3368545000,132460000,-0.016,-0.028,-0.006,-0.008,-27373000,280928000,1.0,87027809,86860000,86860000,38.781,6283248000,361543000,56534000,5474000,72.151,1730950000
FSLR,MRY,2013-12-31,2013-12-31,2013-12-31,2018-04-28,-25776000,6883502000,6727190750,3792764000,3090738000,0.492,45.242,-166173000,1604513000,1604513000,2444984000,350718000,2.388,0.529,223323000,60543000,162780000,223323000,759980000,234370000,0,0.0,0.0,382700000,617070000,0.186,617070000,382700000,380816000,3.74,3.67,3.74,4503117000,4188303000,4503117000,4191220064,10,6.792,689953000,7.364,1.0,864632000,0.261,202401000,1884000,3711850000,3931704250,518615000,456423000,439102000,17321000,2380385000,1588061000,792324000,5433407064,423778000,-13637000,428190000,-334954000,0,101164000,-537106000,-358936000,856126000,3594000,350718000,350718000,350718000,0,0,0.106,494225000,370407000,261333000,0.0,1.207,15.492,14.61,1385084000,0,54.64,1.642,1.547,657706000,1882771000,3309616000,3309616000,134300000,0.052,0.084,0.097,0.116,19509000,270261000,1.0,99440100,93697000,95468000,35.323,6681101000,360502000,30098000,6707000,67.123,2204703000
FSLR,MRY,2014-12-31,2014-12-31,2014-12-31,2018-04-28,50140000,6720991000,6537328250,3077654000,3643337000,0.519,49.791,-257549000,1889107000,1889107000,2566246000,395964000,3.076,0.346,213473000,51399000,162074000,213473000,255937000,245798000,0,0.0,0.0,429134000,674932000,0.199,674932000,429134000,427152000,3.96,3.9,3.96,4991487000,4771512000,4991487000,3575760360,8,5.298,477967000,4.777,1.0,824941000,0.243,204221000,1982000,3840597000,4132656250,620705000,764061000,509032000,255029000,1729504000,1000539000,728965000,4469418360,281304000,-27481000,0,5500000,0,-46907000,-387818000,-77496000,735516000,-19487000,395964000,395964000,395964000,0,0,0.117,402942000,421999000,214656000,0.0,0.895,11.287,11.263,1466381000,0,44.6,1.318,1.316,234019000,2243689000,3391187000,3391187000,143969000,0.061,0.083,0.104,0.127,43810000,253827000,1.0,100211174,100048000,101643000,33.896,6516770000,313891000,31188000,1727000,65.006,2077115000
FSLR,MRY,2015-12-31,2015-12-31,2015-12-31,2018-04-28,15480000,7316331000,6963863000,3345586000,3970745000,0.591,54.716,-166438000,1460704000,1460704000,2979888000,593406000,3.482,0.319,289415000,38090000,251325000,289415000,116522000,257825000,0,0.0,0.0,632710000,890535000,0.217,890535000,632710000,625735000,5.88,5.83,5.88,5548487000,5241447750,5548487000,5352332388,8,6.01,-491647000,-4.873,1.0,1132762000,0.275,194987000,6975000,4989255000,4678078250,488183000,1103259000,703454000,399805000,1767844000,960800000,807044000,6659718388,-399451000,2703000,0,154867000,0,101207000,-156177000,35860000,-325209000,-19272000,593406000,593406000,593406000,0,0,0.144,402603000,730159000,337668000,0.0,1.2,11.223,11.223,1377877000,0,65.99,1.619,1.619,578963000,2790110000,4112650000,4112650000,130593000,0.085,0.113,0.135,0.154,44899000,255192000,1.0,100920115,100886000,101815000,40.765,7121344000,357693000,32329000,1330000,70.227,2384786000
FSLR,MRY,2016-12-31,2016-12-31,2016-12-31,2018-04-28,-9907000,6824368000,7508459250,3787829000,3036539000,0.387,50.188,-229452000,1718462000,1718462000,2266145000,-416112000,4.172,0.308,188388000,27966000,160422000,188388000,308704000,230940000,0,0.0,0.0,-372407000,-141467000,-0.049,-141467000,-372407000,-392945000,-4.05,-4.05,-4.05,5218349000,5676924500,5218349000,2297868287,-6,-16.243,-22699000,-0.221,1.0,638418000,0.22,102432000,20538000,4283981000,5064247750,463731000,842601000,607991000,234610000,1606019000,907881000,698138000,3334570287,208574000,-1707000,0,-110551000,0,-136393000,144520000,395910000,206753000,-6306000,-416112000,-416112000,-416112000,0,0,-0.143,1206569000,-568151000,148730000,0.0,0.639,-8.014,-7.923,1077743000,0,32.09,1.148,1.136,543163000,2462842000,2904563000,2904563000,124762000,-0.055,-0.073,-0.074,-0.128,28712000,261994000,1.0,103913066,102866000,102866000,28.236,6721936000,255152000,23167000,12562000,64.649,2879948000
FSLR,MRY,2017-12-31,2017-12-31,2017-12-31,2018-04-28,2259000,6864501000,6800995750,3832772000,3031729000,0.432,48.814,-514357000,2693317000,2693317000,2392377000,-165615000,5.894,0.346,393540000,13075000,380465000,393540000,81816000,115313000,0,0.0,0.0,232146000,347459000,0.118,347459000,232146000,206381000,-1.59,-1.59,-1.59,5098697000,5282552000,5098697000,4967029349,21,14.295,826320000,7.92,1.0,548947000,0.187,94689000,25765000,3819759000,4215957000,285647000,937609000,720379000,217230000,1765804000,650276000,1115528000,7051315349,914786000,1740000,0,234362000,0,192045000,-626802000,-113942000,1340677000,8866000,-165615000,-165615000,-165615000,0,0,-0.056,371096000,177851000,120220000,0.0,1.383,-42.577,-42.465,1571645000,0,67.52,2.397,2.395,455186000,2297227000,2941324000,2941324000,88573000,-0.024,-0.031,0.055,0.079,35121000,202699000,1.0,104432988,104328000,104328000,28.193,6769812000,51417000,371996000,19581000,64.813,3182496000
