ticker,dimension,calendardate,datekey,reportperiod,lastupdated,accoci,assets,assetsavg,assetsc,assetsnc,assetturnover,bvps,capex,cashneq,cashnequsd,cor,consolinc,currentratio,de,debt,debtc,debtnc,debtusd,deferredrev,depamor,deposits,divyield,dps,ebit,ebitda,ebitdamargin,ebitdausd,ebitusd,ebt,eps,epsdil,epsusd,equity,equityavg,equityusd,ev,evebit,evebitda,fcf,fcfps,fxusd,gp,grossmargin,intangibles,intexp,invcap,invcapavg,inventory,investments,investmentsc,investmentsnc,liabilities,liabilitiesc,liabilitiesnc,marketcap,ncf,ncfbus,ncfcommon,ncfdebt,ncfdiv,ncff,ncfi,ncfinv,ncfo,ncfx,netinc,netinccmn,netinccmnusd,netincdis,netincnci,netmargin,opex,opinc,payables,payoutratio,pb,pe,pe1,ppnenet,prefdivis,price,ps,ps1,receivables,retearn,revenue,revenueusd,rnd,roa,roe,roic,ros,sbcomp,sgna,sharefactor,sharesbas,shareswa,shareswadil,sps,tangibles,taxassets,taxexp,taxliabilities,tbvps,workingcapital
FXS,MRY,2011-12-31,2011-10-31,2011-10-31,2018-03-12,0,92495081,99257695,92495081,0,0.016,142.268,0,0,0,398745,1210990,1540.378,0.001,22755,22755,0,22755,0,0,0,0.01,1.575,1210990,1210990,0.752,1210990,1210990,1210990,1.86,1.86,1.86,92435034,99218626,92435034,38250000,31,31.586,1079391,1.661,1.0,1210990,0.752,0,0,92457789,99224314,0,92321060,92321060,0,60047,60047,0,38250000,32941216,0,30629459,0,-1118767,29510692,0,0,1079391,2351133,1210990,1210990,1210990,0,0,0.752,0,1210990,37292,0.847,0.414,31.586,82.258,0,0,153.0,23.762,61.754,174021,0,1609735,1609735,0,0.012,0.012,0.012,0.752,0,0,1.0,250000,649726,649726,2.478,92495081,0,0,0,142.36,92435034
FXS,MRY,2012-12-31,2012-10-31,2012-10-31,2018-03-12,0,67529520,72025052,67529520,0,0.015,150.142,0,0,0,295723,757133,2953.272,0.0,0,0,0,0,0,0,0,0.009,1.581,757133,757133,0.719,757133,757133,757133,1.51,1.51,1.51,67506654,71999594,67506654,112567500,148,148.676,856074,1.705,1.0,757133,0.719,0,0,67506654,72000570,0,67474140,67474140,0,22866,22866,0,112567500,-24824165,0,-21970127,0,-820297,-22790424,0,0,856074,-2889815,757133,757133,757133,0,0,0.719,0,757133,22866,0.922,1.668,148.676,99.397,0,0,150.09,106.916,71.589,55380,0,1052856,1052856,0,0.011,0.011,0.011,0.719,0,0,1.0,750000,502186,502186,2.097,67529520,0,0,0,150.192,67506654
FXS,MRY,2013-12-31,2013-10-31,2013-10-31,2018-03-12,0,61536920,69377213,61536920,0,0.007,153.966,0,0,0,268955,231675,2944.914,0.0,0,0,0,0,0,0,0,0.003,0.42,231675,231675,0.463,231675,231675,231675,0.52,0.52,0.52,61516024,67451238,61516024,76845000,331,331.693,249371,0.565,1.0,231675,0.463,0,0,61516024,67451238,0,61500293,61500293,0,20896,20896,0,76845000,-5973847,0,-7615168,0,-249541,-7864709,0,0,249371,1641491,231675,231675,231675,0,0,0.463,0,231675,20896,0.808,1.249,331.693,295.558,0,0,153.69,153.497,135.54,36627,0,500630,500630,0,0.003,0.003,0.003,0.463,0,0,1.0,500000,441507,441507,1.134,61536920,0,0,0,154.018,61516024
FXS,MRY,2014-12-31,2014-10-31,2014-10-31,2018-03-12,0,33581026,43959536,33581026,0,0.004,105.72,0,0,0,190351,-11316,2944.154,0.0,0,0,0,0,0,0,0,0.001,0.139,-11316,-11316,-0.063,-11316,-11316,-11316,-0.04,-0.04,-0.04,33569620,43944583,33569620,60538500,-5349,-5349.814,13514,0.043,1.0,-11316,-0.063,0,0,33569620,43944585,0,33581026,33581026,0,11406,11406,0,60538500,-27919267,0,-22257896,0,-49957,-22307853,0,0,13514,-5624928,-11316,-11316,-11316,0,0,-0.063,0,-11316,11406,-3.475,1.803,-5349.814,-3363.25,0,0,134.53,338.138,238.601,0,0,179035,179035,0,0.0,0.0,0.0,-0.063,0,0,1.0,450000,317534,317534,0.564,33581026,0,0,0,105.756,33569620
FXS,MRY,2015-12-31,2015-10-31,2015-10-31,2018-03-12,0,23216651,23506379,23216651,0,0.0,116.015,0,0,0,99773,-219565,1014.802,0.001,0,0,0,0,0,0,0,0.0,0.0,-99773,-99773,,-99773,-99773,-219565,-1.06,-1.06,-1.06,23193773,23487281,23193773,34800000,-348,-348.792,-208327,-1.006,1.0,-99773,,0,119792,23193773,23487281,0,23216651,23216651,0,22878,22878,0,34800000,-10364375,0,-6011897,0,0,-6011897,0,0,-208327,-4144151,-219565,-219565,-219565,0,0,,0,-99773,7884,0.0,1.5,-158.495,-109.434,0,0,116.0,,,0,0,0,0,0,-0.009,-0.009,-0.004,,0,0,1.0,300000,207123,207123,0.0,23216651,0,0,0,116.13,23193773
FXS,MRY,2016-12-31,2016-10-31,2016-10-31,2018-03-12,0,21550929,22945643,21550929,0,0.0,107.602,0,0,0,92486,-329638,706.657,0.001,0,0,0,0,0,0,0,0.0,0.0,-92486,-92486,,-92486,-92486,-329638,-1.65,-1.65,-1.65,21520432,22917954,21520432,21500000,-232,-232.468,-320116,-1.601,1.0,-92486,,0,237152,21520432,22917954,0,21550929,21550929,0,30497,30497,0,21500000,-1665722,0,0,0,0,0,0,0,-320116,-1345606,-329638,-329638,-329638,0,0,,0,-92486,7297,0.0,0.999,-65.223,-65.152,0,0,107.5,,,0,0,0,0,0,-0.014,-0.014,-0.004,,0,0,1.0,200000,200000,200000,0.0,21550929,0,0,0,107.755,21520432
FXS,MRY,2017-12-31,2017-10-31,2017-10-31,2018-03-12,0,22839188,22624690,22839188,0,0.0,114.034,0,0,0,88935,-370925,706.221,0.001,0,0,0,0,0,0,0,0.0,0.0,-88935,-88935,,-88935,-88935,-370925,-1.85,-1.85,-1.85,22806848,22592901,22806848,22795600,-256,-256.318,-370758,-1.854,1.0,-88935,,0,281990,22806848,22592901,0,22839188,22839188,0,32340,32340,0,22795600,1288259,0,0,0,0,0,0,0,-370758,1659017,-370925,-370925,-370925,0,0,,0,-88935,7754,0.0,1.0,-61.456,-61.61,0,0,113.978,,,0,0,0,0,0,-0.016,-0.016,-0.004,,0,0,1.0,200000,200000,200000,0.0,22839188,0,0,0,114.196,22806848
