ticker,dimension,calendardate,datekey,reportperiod,lastupdated,accoci,assets,assetsavg,assetsc,assetsnc,assetturnover,bvps,capex,cashneq,cashnequsd,cor,consolinc,currentratio,de,debt,debtc,debtnc,debtusd,deferredrev,depamor,deposits,divyield,dps,ebit,ebitda,ebitdamargin,ebitdausd,ebitusd,ebt,eps,epsdil,epsusd,equity,equityavg,equityusd,ev,evebit,evebitda,fcf,fcfps,fxusd,gp,grossmargin,intangibles,intexp,invcap,invcapavg,inventory,investments,investmentsc,investmentsnc,liabilities,liabilitiesc,liabilitiesnc,marketcap,ncf,ncfbus,ncfcommon,ncfdebt,ncfdiv,ncff,ncfi,ncfinv,ncfo,ncfx,netinc,netinccmn,netinccmnusd,netincdis,netincnci,netmargin,opex,opinc,payables,payoutratio,pb,pe,pe1,ppnenet,prefdivis,price,ps,ps1,receivables,retearn,revenue,revenueusd,rnd,roa,roe,roic,ros,sbcomp,sgna,sharefactor,sharesbas,shareswa,shareswadil,sps,tangibles,taxassets,taxexp,taxliabilities,tbvps,workingcapital
GAGA,MRY,2011-12-31,2011-03-31,2011-03-31,2017-10-12,0,1404985000,1021719500,739992000,664993000,0.398,0.558,-260505000,598722000,91427927,115315000,133375000,15.947,0.098,84835000,6000000,78835000,12954740,0,47406000,0,0.0,0.0,135238000,182644000,0.449,27890677,20651537,133476000,334.0,323.0,51.004,1279747000,929895500,195423946,405723474,19,14.547,-131046000,-0.057,6.549,291457000,0.717,0,1762000,844695000,678466000,4608000,0,0,0,125238000,46403000,78835000,419268434,472723000,0,534891000,52222000,0,603515000,-260251000,0,129459000,-13208000,133375000,133375000,20367048,0,0,0.328,150273000,141184000,36321000,0.0,2.145,20.586,0.179,599540000,0,9.14,6.75,337.487,63000000,,406772000,62116175,7298000,0.131,0.143,0.199,0.332,21678000,93927000,0.02,2293591000,2293591000,,0.027,1404985000,0,101000,4082000,0.613,693589000
GAGA,MRY,2012-12-31,2012-03-31,2012-03-31,2017-10-12,0,1568138000,1486561500,668626000,899512000,0.349,0.627,-342168000,520475000,82602662,168453000,162816000,12.476,0.09,85875000,10000000,75875000,13628903,0,65885000,0,0.0,0.0,166174000,232059000,0.447,36829225,26372861,167231000,356.0,345.5,56.499,1438671000,1359209000,228326154,126384467,4,3.432,-55519000,-0.024,6.301,350946000,0.676,0,-1057000,1079946000,962320500,11193000,0,0,0,129467000,53592000,75875000,205964471,-64017000,3737000,-7024000,4000000,0,-13545000,-337121000,0,286649000,-14230000,162816000,162816000,25839925,0,0,0.313,185551000,165395000,37055000,0.0,0.902,7.971,0.079,745738000,0,4.49,2.499,124.93,59861000,,519399000,82431894,9091000,0.11,0.12,0.173,0.32,23710000,90639000,0.02,2293591000,2293591000,,0.036,1568138000,2060000,4415000,6537000,0.684,615034000
GAGA,MRY,2013-12-31,2013-06-30,2013-06-30,2017-10-12,0,1778985000,1669295500,476319000,1302666000,0.345,0.681,-423391000,305487000,49498175,216731000,153136000,2.103,0.146,146110000,146110000,0,23674259,0,91647000,0,0.0,0.0,155931000,247578000,0.43,40115158,25265559,151296000,340.0,340.0,55.09,1552523000,1494088000,251555896,101266350,4,2.524,-164440000,-0.072,6.172,359543000,0.624,0,4635000,1393146000,1236298000,14941000,0,0,0,226462000,226462000,0,168369556,,0,-37923000,61481000,0,-34745000,-421307000,0,258951000,,153136000,153136000,24812684,0,0,0.266,204645000,154898000,75246000,0.0,0.669,6.786,0.067,1119819000,0,3.69,1.803,90.159,84558000,,576274000,93373897,13283000,0.092,0.102,0.126,0.271,7999000,87530000,0.02,2281430300,2281430300,,0.041,1778985000,2321000,-1840000,5106000,0.78,249857000
GAGA,MRY,2014-12-31,2014-06-30,2014-06-30,2017-10-12,0,1933760000,1856372500,460488000,1473272000,0.313,0.733,-264973000,200740000,32347143,220920000,56127000,1.438,0.2,117074000,117074000,0,18865245,0,124241000,0,0.0,0.0,63171000,187412000,0.323,30199476,10179343,58994000,127.5,127.5,20.545,1611091000,1581807000,259610400,127315126,12,4.216,-12350000,-0.006,6.206,359580000,0.619,0,4177000,1529794000,1461470000,17398000,0,0,0,322669000,320300000,2369000,153479429,,0,0,-28076000,0,-92949000,-264397000,0,252623000,,56127000,56127000,9044276,0,0,0.097,297280000,62300000,197042000,0.0,0.591,16.97,0.17,1172632000,0,3.49,1.641,82.038,129033000,,580500000,93541480,15926000,0.03,0.035,0.043,0.109,2470000,77759000,0.02,2198845700,2198845700,,0.043,1933760000,2894000,2867000,8553000,0.879,140188000
