ticker,dimension,calendardate,datekey,reportperiod,lastupdated,accoci,assets,assetsavg,assetsc,assetsnc,assetturnover,bvps,capex,cashneq,cashnequsd,cor,consolinc,currentratio,de,debt,debtc,debtnc,debtusd,deferredrev,depamor,deposits,divyield,dps,ebit,ebitda,ebitdamargin,ebitdausd,ebitusd,ebt,eps,epsdil,epsusd,equity,equityavg,equityusd,ev,evebit,evebitda,fcf,fcfps,fxusd,gp,grossmargin,intangibles,intexp,invcap,invcapavg,inventory,investments,investmentsc,investmentsnc,liabilities,liabilitiesc,liabilitiesnc,marketcap,ncf,ncfbus,ncfcommon,ncfdebt,ncfdiv,ncff,ncfi,ncfinv,ncfo,ncfx,netinc,netinccmn,netinccmnusd,netincdis,netincnci,netmargin,opex,opinc,payables,payoutratio,pb,pe,pe1,ppnenet,prefdivis,price,ps,ps1,receivables,retearn,revenue,revenueusd,rnd,roa,roe,roic,ros,sbcomp,sgna,sharefactor,sharesbas,shareswa,shareswadil,sps,tangibles,taxassets,taxexp,taxliabilities,tbvps,workingcapital
GAI,MRY,2011-12-31,2011-03-31,2011-03-31,2017-04-23,7395275,119936134,115511480,88740913,31195221,0.498,25.173,-4444882,40200233,40200233,50403138,-4187999,2.037,0.57,12585054,12585054,0,12585054,0,1732140,821288,0.0,0.0,-3983877,-2251737,-0.039,-2251737,-3983877,-3983877,-1.32,-1.32,-1.32,76512029,77123887,76512029,-7314662,1,3.248,-14467110,-4.76,1.0,7065728,0.123,3060555,0,45689274,45611890,10849371,3015892,6692,3009200,43598675,43571126,27549,21891535,-5603412,0,0,12263075,0,-2240106,6829669,11491579,-10022228,-170747,-4187999,-4187999,-4187999,0,0,-0.073,10180187,-3114459,11631692,0.0,0.286,-5.227,-5.136,25013340,0,6.78,0.381,0.359,35674725,-11101203,57468866,57468866,0,-0.036,-0.054,-0.087,-0.069,470109,11317767,1.0,3228840,3039454,3039454,18.908,116875579,0,204122,5345551,38.453,45169787
GAI,MRY,2012-12-31,2012-03-31,2012-03-31,2017-04-23,9697445,109040009,114488071,82922677,26117332,0.482,26.348,-318396,44338795,44338795,48384573,1417336,2.867,0.361,4000000,4000000,0,4000000,0,770132,860779,0.0,0.0,2645961,3416093,0.062,3416093,2645961,2645961,0.46,0.46,0.46,80090632,78301330,80090632,-11273453,-4,-3.3,12999988,4.277,1.0,6828206,0.124,3083128,0,36695726,41192500,5374192,3039866,2006066,1033800,28949377,28922360,27017,16341725,20587549,0,0,-8930492,0,6489782,832977,1567799,13318384,-53594,1417336,1417336,1417336,-1595997,0,0.026,6998197,-169991,8163510,0.0,0.204,11.53,11.0,21933787,0,5.06,0.296,0.279,30284860,-9690526,55212779,55212779,0,0.012,0.018,0.064,0.048,34121,7026786,1.0,3229590,3039727,3039727,18.164,105956881,0,1228625,6184902,34.857,54000317
GAI,MRY,2013-12-31,2013-03-31,2013-03-31,2017-04-23,10709740,108225843,108632926,77345279,30880564,0.615,25.082,-7056086,46977665,46977665,56854673,-2071259,2.42,0.419,4826241,4826241,0,4826241,0,2106519,1331100,0.115,1.0,-2913159,-806640,-0.012,-806640,-2913159,-2913159,-0.65,-0.65,-0.65,76258203,78174417,76258203,-12340642,4,15.299,2890027,0.951,1.0,9972396,0.149,3026537,0,31085422,33890574,5392332,1062353,17153,1045200,31967640,31962460,5180,27998152,-7407357,0,0,757941,-3040753,-12133325,-5316603,2000000,9946113,96458,-2071259,-2071259,-2071259,2589063,0,-0.031,12383973,-2411577,7134526,-1.538,0.367,-13.517,-13.338,26528681,0,8.67,0.419,0.394,19732449,-15932941,66827069,66827069,0,-0.019,-0.026,-0.086,-0.044,258128,12383973,1.0,3229314,3040310,3040310,21.98,105199306,0,-841900,4664493,34.602,45382819
GAI,MRY,2014-12-31,2014-03-31,2014-03-31,2017-04-23,10854689,99667943,103946893,70215427,29452516,0.603,21.63,-5754858,38173380,38173380,57999265,-10663601,2.073,0.515,7279629,7279629,0,7279629,0,2862237,1138500,0.0,0.0,-10919528,-8057291,-0.129,-8057291,-10919528,-10919528,-3.47,-3.47,-3.47,65790003,71024103,65790003,-24846842,2,3.084,-11438255,-3.761,1.0,4693636,0.075,2923424,0,31978011,31531716,7162867,1050500,1050500,0,33877940,33872757,5183,17304581,-9565076,0,14250,2478656,0,13231664,-17108837,-11321297,-5683397,-4505,-10663601,-10663601,-10663601,5547024,0,-0.17,13148067,-8454431,12520080,0.0,0.263,-1.623,-1.64,26316958,0,5.69,0.276,0.276,21229453,-26590366,62692901,62692901,0,-0.103,-0.15,-0.346,-0.174,36378,13148067,1.0,3041227,3041625,3041625,20.612,96744519,0,-255927,4238352,31.807,36342670
GAI,MRY,2015-12-31,2015-03-31,2015-03-31,2017-04-23,10848613,94983760,97325851,67779496,27204264,0.802,19.484,-1506086,37002408,37002408,74867109,-6475890,1.9,0.601,6780394,6780394,0,6780394,0,3767403,1251521,0.0,0.0,-6684936,-2917533,-0.037,-2917533,-6684936,-6684936,-2.11,-2.11,-2.11,59312371,62551187,59312371,-19325688,2,6.624,-1591334,-0.523,1.0,3153746,0.04,2826511,0,26263846,29120928,6418778,0,0,0,35671389,35671389,0,11568062,-8318346,0,0,-513390,0,-6346330,-1830404,-324318,-85248,-56364,-6475890,-6475890,-6475890,0,0,-0.083,12423741,-9269995,14248741,0.0,0.195,-1.786,-1.801,24175245,0,3.8,0.148,0.148,20509147,-32999298,78020855,78020855,0,-0.067,-0.104,-0.23,-0.086,4517,12423741,1.0,3044227,3044227,3044227,25.629,92157249,2815,-209046,4028708,30.273,32108107
