ticker,dimension,calendardate,datekey,reportperiod,lastupdated,accoci,assets,assetsavg,assetsc,assetsnc,assetturnover,bvps,capex,cashneq,cashnequsd,cor,consolinc,currentratio,de,debt,debtc,debtnc,debtusd,deferredrev,depamor,deposits,divyield,dps,ebit,ebitda,ebitdamargin,ebitdausd,ebitusd,ebt,eps,epsdil,epsusd,equity,equityavg,equityusd,ev,evebit,evebitda,fcf,fcfps,fxusd,gp,grossmargin,intangibles,intexp,invcap,invcapavg,inventory,investments,investmentsc,investmentsnc,liabilities,liabilitiesc,liabilitiesnc,marketcap,ncf,ncfbus,ncfcommon,ncfdebt,ncfdiv,ncff,ncfi,ncfinv,ncfo,ncfx,netinc,netinccmn,netinccmnusd,netincdis,netincnci,netmargin,opex,opinc,payables,payoutratio,pb,pe,pe1,ppnenet,prefdivis,price,ps,ps1,receivables,retearn,revenue,revenueusd,rnd,roa,roe,roic,ros,sbcomp,sgna,sharefactor,sharesbas,shareswa,shareswadil,sps,tangibles,taxassets,taxexp,taxliabilities,tbvps,workingcapital
GAIN,MRY,2011-12-31,2011-03-31,2011-03-31,2018-05-15,-43907000,241109000,255817000,,,0.102,9.005,0,85079000,85079000,6248000,16439000,,0.213,40000000,,,40000000,0,0,0,0.062,0.48,17129000,17129000,0.657,17129000,17129000,16439000,0.74,0.74,0.74,198829000,194853500,198829000,166778832,9,9.737,67076000,3.038,1.0,19816000,0.76,0,690000,196030000,226627250,0,153285000,,,42280000,,,171341832,-7137000,0,10000,-62800000,-10598000,-74213000,0,0,67076000,0,16439000,16439000,16439000,0,0,0.631,2464000,17352000,871000,0.649,0.862,10.423,10.486,0,0,7.76,6.574,6.574,859000,-14478000,26064000,26064000,0,0.064,0.084,0.076,0.657,0,2464000,1.0,22080133,22080133,22080133,1.18,241109000,0,0,0,10.92,
GAIN,MRY,2012-12-31,2012-03-31,2012-03-31,2018-05-15,-40743000,325297000,295352750,,,0.072,9.385,0,93474000,93474000,3245000,21966000,,0.57,76005000,,,76005000,0,0,0,0.081,0.615,22734000,22734000,1.07,22734000,22734000,21966000,0.99,0.99,0.99,207216000,207067750,207216000,184017606,8,8.094,-48671000,-2.204,1.0,17997000,0.847,0,768000,307828000,289335250,0,225652000,,,118081000,,,167146606,10966000,0,0,33245000,-13579000,59637000,0,0,-48671000,0,21966000,21966000,21966000,0,0,1.034,2829000,15168000,1220000,0.621,0.807,7.609,7.646,0,0,7.57,7.869,7.869,1527000,-9194000,21242000,21242000,0,0.074,0.106,0.079,1.07,0,2829000,1.0,22080133,22080133,22080133,0.962,325297000,0,0,0,14.733,
GAIN,MRY,2013-12-31,2013-03-31,2013-03-31,2018-05-15,-39939000,379803000,362391000,,,0.084,9.116,0,86530000,86530000,6669000,17279000,,0.576,94870000,,,94870000,0,0,0,0.082,0.6,18406000,18406000,0.603,18406000,18406000,17279000,0.71,0.71,0.71,240963000,217035750,240963000,211196252,11,11.474,-39734000,-1.643,1.0,23869000,0.782,0,1127000,388143000,377018250,0,286482000,,,138840000,,,193539252,-5642000,0,31015000,17624000,-14547000,34092000,0,0,-39734000,0,17279000,17279000,17279000,0,0,0.566,2613000,21256000,3357000,0.845,0.803,11.201,10.296,0,0,7.31,6.338,5.79,1677000,-6837000,30538000,30538000,0,0.048,0.08,0.049,0.603,0,2613000,1.0,26475958,24189148,24189148,1.262,379803000,0,0,0,14.368,
GAIN,MRY,2014-12-31,2014-03-31,2014-03-31,2018-05-15,-69144000,330694000,337072750,,,0.108,8.341,0,9867000,9867000,7881000,-1329000,,0.497,66701000,,,66701000,0,0,0,0.086,0.71,746000,746000,0.021,746000,746000,-1329000,-0.05,-0.05,-0.05,220837000,229353500,220837000,248247172,332,332.771,-33612000,-1.27,1.0,28383000,0.783,0,2075000,387528000,371484250,0,314393000,,,109857000,,,218956172,-81351000,0,0,-27766000,-18797000,-47739000,0,0,-33612000,0,-1329000,-1329000,-1329000,0,0,-0.037,3127000,25256000,2114000,-14.2,0.991,-164.753,-165.4,0,0,8.27,6.038,6.038,1704000,2893000,36264000,36264000,0,-0.004,-0.006,0.002,0.021,0,3127000,1.0,26475958,26475958,26475958,1.37,330694000,0,0,0,12.49,
GAIN,MRY,2015-12-31,2015-03-31,2015-03-31,2018-05-15,-39204000,483521000,398789250,,,0.104,10.039,0,5181000,5181000,9696000,50214000,,0.768,123896000,,,123896000,0,0,0,0.097,0.72,53753000,53753000,1.291,53753000,53753000,50214000,1.88,1.88,1.88,273429000,237828750,273429000,288804089,5,5.373,-97552000,-3.658,1.0,31947000,0.767,0,3539000,602236000,488014250,0,466053000,,,210092000,,,195922089,368000,0,22962000,57645000,-20584000,97920000,0,0,-97552000,0,50214000,50214000,50214000,0,0,1.206,3261000,28686000,3035000,0.383,0.717,3.902,3.936,0,0,7.4,4.705,4.739,4512000,3165000,41643000,41643000,0,0.126,0.211,0.11,1.291,0,3261000,1.0,26475958,26665821,26665821,1.562,483521000,0,0,0,17.753,
GAIN,MRY,2016-12-31,2016-03-31,2016-03-31,2018-05-15,-30469000,503075000,501083500,,,0.102,9.217,0,5588000,5588000,11978000,24854000,,0.803,100096000,,,100096000,0,0,0,0.107,0.752,29008000,29008000,0.569,29008000,29008000,24854000,0.82,0.82,0.82,279022000,273706000,279022000,300796125,10,10.369,4082000,0.135,1.0,38977000,0.765,0,4154000,597583000,594299750,0,487656000,,,224053000,,,212502125,-440000,0,3663000,-23800000,-22703000,-4522000,0,0,4082000,0,24854000,24854000,24854000,0,0,0.488,4236000,34741000,3277000,0.917,0.762,8.55,8.561,0,0,7.02,4.17,4.17,1638000,-2147000,50955000,50955000,0,0.05,0.091,0.049,0.569,0,4236000,1.0,30270958,30268253,30268253,1.683,503075000,0,0,0,16.619,
GAIN,MRY,2017-12-31,2017-03-31,2017-03-31,2018-05-15,-23590000,515195000,501826250,,,0.103,9.946,0,4099000,4099000,11169000,44763000,,0.711,74796000,,,74796000,0,0,0,0.083,0.75,48303000,48303000,0.931,48303000,48303000,44763000,1.48,1.48,1.48,301082000,297111500,301082000,318310589,6,6.59,32479000,1.073,1.0,40706000,0.785,0,3540000,585892000,565574500,0,501579000,,,214113000,,,274557589,-1613000,0,0,-25300000,-22703000,-34092000,0,0,32479000,0,44763000,44763000,44763000,0,0,0.863,4186000,36520000,2545000,0.507,0.912,6.134,6.128,0,0,9.07,5.293,5.293,2238000,14310000,51875000,51875000,0,0.089,0.151,0.085,0.931,0,4186000,1.0,30270958,30270958,30270958,1.714,515195000,0,0,0,17.019,
GAIN,MRY,2018-12-31,2018-03-31,2018-03-31,2018-05-15,13801000,610899000,555395000,,,0.105,10.885,0,3967000,3967000,17770000,60687000,,0.725,112596000,,,112596000,0,0,0,0.089,0.894,64721000,64721000,1.109,64721000,64721000,60687000,1.88,1.88,1.88,354200000,335345000,354200000,427307852,6,6.602,-28827000,-0.893,1.0,40585000,0.695,0,4034000,719528000,630085750,0,599147000,,,256699000,,,328514852,771000,0,22485000,37300000,-28930000,29598000,0,0,-28827000,0,60687000,60687000,60687000,0,0,1.04,4118000,36467000,7904000,0.476,0.927,5.413,5.372,0,0,10.1,5.63,5.585,2324000,9705000,58355000,58355000,0,0.109,0.181,0.103,1.109,0,4118000,1.0,32526223,32268776,32268776,1.808,610899000,0,0,0,18.773,
