ticker,dimension,calendardate,datekey,reportperiod,lastupdated,accoci,assets,assetsavg,assetsc,assetsnc,assetturnover,bvps,capex,cashneq,cashnequsd,cor,consolinc,currentratio,de,debt,debtc,debtnc,debtusd,deferredrev,depamor,deposits,divyield,dps,ebit,ebitda,ebitdamargin,ebitdausd,ebitusd,ebt,eps,epsdil,epsusd,equity,equityavg,equityusd,ev,evebit,evebitda,fcf,fcfps,fxusd,gp,grossmargin,intangibles,intexp,invcap,invcapavg,inventory,investments,investmentsc,investmentsnc,liabilities,liabilitiesc,liabilitiesnc,marketcap,ncf,ncfbus,ncfcommon,ncfdebt,ncfdiv,ncff,ncfi,ncfinv,ncfo,ncfx,netinc,netinccmn,netinccmnusd,netincdis,netincnci,netmargin,opex,opinc,payables,payoutratio,pb,pe,pe1,ppnenet,prefdivis,price,ps,ps1,receivables,retearn,revenue,revenueusd,rnd,roa,roe,roic,ros,sbcomp,sgna,sharefactor,sharesbas,shareswa,shareswadil,sps,tangibles,taxassets,taxexp,taxliabilities,tbvps,workingcapital
GBDC,MRY,2011-12-31,2011-09-30,2011-09-30,2018-05-07,0,559644000,506684000,,,0.077,14.549,0,69766000,69766000,6137000,21339000,,0.768,237683000,,,237683000,0,0,0,0.086,1.27,27889000,27889000,0.712,27889000,27889000,21339000,1.09,1.09,1.09,316549000,290131000,316549000,471652459,16,16.912,-118129000,-6.017,1.0,33013000,0.843,0,6550000,727561000,650658500,0,459827000,,,243095000,,,322748459,-14869000,0,59420000,63683000,-23940000,94905000,8355000,8355000,-118129000,0,21339000,21339000,21339000,0,0,0.545,3647000,29366000,2360000,1.165,1.02,15.125,13.624,0,0,14.85,8.244,7.447,0,211000,39150000,39150000,0,0.042,0.074,0.043,0.712,0,2810000,1.0,21733903,19631797,19631797,1.994,559644000,0,0,0,25.722,
GBDC,MRY,2012-12-31,2012-09-30,2012-09-30,2018-05-07,0,734096000,699732000,,,0.083,14.611,0,50927000,50927000,14723000,31760000,,0.957,352300000,,,352300000,0,0,0,0.081,1.28,42541000,42541000,0.735,42541000,42541000,31760000,1.31,1.31,1.31,375129000,360556250,375129000,674712843,15,15.86,-158266000,-6.521,1.0,43136000,0.746,0,10781000,1035469000,974506000,0,672910000,,,358967000,,,408041843,-32459000,0,57164000,114617000,-29648000,139427000,-13620000,-13620000,-158266000,0,31760000,31760000,31760000,0,0,0.549,4479000,38657000,5276000,0.977,1.088,12.848,12.137,0,0,15.9,7.052,6.67,0,-460000,57859000,57859000,0,0.045,0.088,0.044,0.735,0,2766000,1.0,25663009,24271251,24271251,2.384,734096000,0,0,0,28.593,
GBDC,MRY,2013-12-31,2013-09-30,2013-09-30,2018-05-07,0,1091656000,959898500,,,0.087,16.32,0,54717000,54717000,21593000,46520000,,0.658,420909000,,,420909000,0,0,0,0.074,1.28,58947000,58947000,0.704,58947000,58947000,46520000,1.35,1.35,1.35,658236000,544694250,658236000,1058568021,17,17.958,-297607000,-8.635,1.0,62181000,0.742,0,12427000,1457848000,1301825250,0,1024645000,,,433420000,,,689393021,2418000,0,280856000,68479000,-43322000,301397000,-1372000,-1372000,-297607000,0,46520000,46520000,46520000,0,0,0.555,5359000,56822000,11234000,0.948,1.047,14.819,12.833,0,0,17.325,8.229,7.128,0,5524000,83774000,83774000,0,0.048,0.085,0.045,0.704,0,2734000,1.0,39791805,34466923,34466923,2.431,1091656000,0,0,0,27.066,
GBDC,MRY,2014-12-31,2014-09-30,2014-09-30,2018-05-07,0,1443388000,1372993000,,,0.08,15.561,0,79943000,79943000,27181000,65388000,,0.97,697539000,,,697539000,0,0,0,0.08,1.28,85615000,85615000,0.782,85615000,85615000,65388000,1.44,1.44,1.44,732739000,710356000,732739000,1353041228,15,15.804,-255573000,-5.645,1.0,82345000,0.752,0,20227000,2060984000,1942026500,0,1347612000,,,710649000,,,750687228,-11174000,0,64170000,276487000,-54991000,280799000,-36400000,-36400000,-255573000,0,65388000,65388000,65388000,0,0,0.597,5583000,76762000,9848000,0.889,1.024,11.481,11.076,0,0,15.95,6.854,6.594,0,12213000,109526000,109526000,0,0.048,0.092,0.044,0.782,0,3056000,1.0,47065030,45277111,45277111,2.419,1443388000,0,0,0,30.653,
GBDC,MRY,2015-12-31,2015-09-30,2015-09-30,2018-05-07,0,1633426000,1560854500,,,0.077,15.811,0,97484000,97484000,30556000,70791000,,1.014,805981000,,,805981000,0,0,0,0.08,1.28,95301000,95301000,0.794,95301000,95301000,70791000,1.44,1.44,1.44,810870000,772256000,810870000,1585901755,16,16.641,-103250000,-2.106,1.0,89412000,0.745,0,24510000,2341923000,2272394750,0,1529784000,,,822556000,,,819125755,17541000,0,67602000,116066000,-60030000,120791000,0,0,-103250000,0,70791000,70791000,70791000,0,0,0.59,5905000,83507000,13796000,0.889,1.01,11.571,11.097,0,0,15.98,6.828,6.529,0,20106000,119968000,119968000,0,0.045,0.092,0.042,0.794,0,3533000,1.0,51259434,49017777,49017777,2.447,1633426000,0,0,0,31.85,
GBDC,MRY,2016-12-31,2016-09-30,2016-09-30,2018-05-07,0,1756509000,1689766750,,,0.076,16.397,0,89540000,89540000,29286000,69204000,,0.999,859548000,,,859548000,0,0,0,0.069,1.28,97261000,97261000,0.761,97261000,97261000,69537000,1.33,1.33,1.33,878825000,832854000,878825000,1779695980,18,18.298,-56078000,-1.079,1.0,98585000,0.771,0,27724000,2526517000,2454279000,0,1660612000,,,877684000,,,985264980,-7944000,0,58555000,51570000,-59509000,48134000,0,0,-56078000,0,69204000,69204000,69204000,0,0,0.541,5548000,93037000,14835000,0.962,1.121,14.237,13.962,0,0,18.57,7.705,7.544,0,22772000,127871000,127871000,0,0.041,0.083,0.04,0.761,0,3339000,1.0,53056811,51948378,51948378,2.462,1756509000,0,333000,0,32.773,
GBDC,MRY,2017-12-31,2017-09-30,2017-09-30,2018-05-07,0,1754176000,1791882000,,,0.077,16.106,0,62558000,62558000,31375000,82288000,,0.831,776827000,,,776827000,0,0,0,0.081,1.53,113839000,113839000,0.826,113839000,113839000,82305000,1.45,1.45,1.45,957946000,920654000,957946000,1952603533,17,17.152,62195000,1.093,1.0,106389000,0.772,0,31534000,2468445000,2585915750,0,1685015000,,,796230000,,,1118950533,-26982000,0,74014000,-84075000,-76781000,-89177000,0,0,62195000,0,82288000,82288000,82288000,0,0,0.597,5292000,101097000,15527000,1.055,1.168,13.598,12.979,0,0,18.82,8.122,7.775,0,18579000,137764000,137764000,0,0.046,0.089,0.044,0.826,0,2952000,1.0,59455395,56913064,56913064,2.421,1754176000,0,17000,0,29.494,
