ticker,dimension,calendardate,datekey,reportperiod,lastupdated,accoci,assets,assetsavg,assetsc,assetsnc,assetturnover,bvps,capex,cashneq,cashnequsd,cor,consolinc,currentratio,de,debt,debtc,debtnc,debtusd,deferredrev,depamor,deposits,divyield,dps,ebit,ebitda,ebitdamargin,ebitdausd,ebitusd,ebt,eps,epsdil,epsusd,equity,equityavg,equityusd,ev,evebit,evebitda,fcf,fcfps,fxusd,gp,grossmargin,intangibles,intexp,invcap,invcapavg,inventory,investments,investmentsc,investmentsnc,liabilities,liabilitiesc,liabilitiesnc,marketcap,ncf,ncfbus,ncfcommon,ncfdebt,ncfdiv,ncff,ncfi,ncfinv,ncfo,ncfx,netinc,netinccmn,netinccmnusd,netincdis,netincnci,netmargin,opex,opinc,payables,payoutratio,pb,pe,pe1,ppnenet,prefdivis,price,ps,ps1,receivables,retearn,revenue,revenueusd,rnd,roa,roe,roic,ros,sbcomp,sgna,sharefactor,sharesbas,shareswa,shareswadil,sps,tangibles,taxassets,taxexp,taxliabilities,tbvps,workingcapital
GBNK,MRY,2011-12-31,2011-12-31,2011-12-31,2018-04-30,1683000,1689668000,1740888250,,,0.04,13.166,-574000,109225000,109225000,0,6352000,,8.88,168033000,,,168033000,0,7091000,1313786000,0.0,0.0,-13454000,-6363000,-0.092,-6363000,-13454000,-13454000,-1.04,-1.04,-1.04,171011000,166528750,171011000,221887577,-16,-34.872,24773000,1.907,1.0,68839000,1.0,9963000,0,1738513000,1794030500,0,1449620000,,,1518657000,,,147301577,-32240000,0,-92000,-69230000,0,-217915000,160328000,139419000,25347000,0,-13454000,-13454000,-13454000,0,19806000,-0.195,59815000,9024000,0,0.0,0.861,-10.949,-7.067,53851000,0,7.35,2.14,1.387,0,-433016000,68839000,68839000,0,-0.008,-0.081,-0.007,-0.195,593000,50112000,1.0,20041031,12988346,12988346,5.3,1679705000,0,0,0,129.324,
GBNK,MRY,2012-12-31,2012-12-31,2012-12-31,2018-04-30,3165000,1886938000,1797224750,,,0.042,9.049,-833000,171217000,171217000,0,15059000,,9.026,218442000,,,218442000,0,5909000,1454756000,0.0,0.0,11888000,17797000,0.234,17797000,11888000,11888000,0.72,0.72,0.72,188200000,181916750,188200000,274516475,23,15.425,11688000,0.562,1.0,76002000,1.0,9348000,0,1924815000,1838431000,0,1592534000,,,1698738000,,,207200475,53992000,-1368000,-43000,50409000,0,191336000,-149865000,-158841000,12521000,0,15059000,15059000,15059000,0,0,0.198,64114000,11888000,0,0.0,1.101,13.759,13.542,46918000,0,9.75,2.726,2.667,0,-417957000,76002000,76002000,0,0.008,0.083,0.006,0.156,691000,50719000,1.0,21251330,20786806,20878251,3.656,1877590000,0,-3171000,0,90.278,
GBNK,MRY,2013-12-31,2013-12-31,2013-12-31,2018-04-30,-8954000,1911032000,1877547750,,,0.041,9.069,-3359000,28077000,28077000,0,14029000,,9.09,180058000,,,180058000,0,4915000,1528457000,0.005,0.075,20385000,25300000,0.328,25300000,20385000,20385000,0.67,0.67,0.67,189394000,188132000,189394000,484680790,23,19.157,22980000,1.101,1.0,77073000,1.0,6530000,0,2056483000,2033704000,0,1741719000,,,1721638000,,,300531790,-135140000,-452000,-275000,-39013000,-1566000,32847000,-194326000,-186441000,26339000,0,14029000,14029000,14029000,0,0,0.182,56059000,21014000,0,0.112,1.587,21.422,20.97,48080000,0,14.05,3.899,3.804,0,-405494000,77073000,77073000,0,0.007,0.075,0.01,0.264,1125000,51882000,1.0,21390163,20867064,20951237,3.694,1904502000,0,6356000,0,91.191,
GBNK,MRY,2014-12-31,2014-12-31,2014-12-31,2018-04-30,-3127000,2124778000,2050749750,,,0.042,9.869,-427000,32441000,32441000,0,13512000,,9.268,219582000,,,219582000,0,5069000,1685324000,0.014,0.2,19748000,24817000,0.29,24817000,19748000,19748000,0.64,0.64,0.64,206939000,202157250,206939000,466779239,23,18.809,27445000,1.31,1.0,85494000,1.0,7154000,0,2304765000,2235422750,0,1968426000,,,1917839000,,,313548239,4364000,-2386000,-455000,34065000,-4190000,186287000,-209795000,-199222000,27872000,0,13512000,13512000,13512000,0,0,0.158,60287000,25207000,0,0.313,1.515,23.205,22.563,45937000,0,14.44,3.667,3.54,0,-396172000,85494000,85494000,0,0.007,0.067,0.009,0.231,2454000,54873000,1.0,21713867,20957702,21086543,4.079,2117624000,0,6236000,0,100.99,
GBNK,MRY,2015-12-31,2015-12-31,2015-12-31,2018-04-30,-4805000,2368525000,2267285750,,,0.041,10.515,-5136000,26711000,26711000,0,22454000,,9.686,333098000,,,333098000,0,4728000,1801845000,0.024,0.4,33724000,38452000,0.409,38452000,33724000,33724000,1.07,1.06,1.07,221639000,216354500,221639000,542836933,16,14.117,28297000,1.343,1.0,94063000,1.0,5173000,0,2669739000,2487244000,0,2216228000,,,2146886000,,,359361933,-5730000,-1457000,-616000,113516000,-8429000,220992000,-260155000,-251282000,33433000,0,22454000,22454000,22454000,0,0,0.239,60339000,33724000,0,0.374,1.621,16.004,15.458,48308000,0,16.54,3.82,3.704,0,-382147000,94063000,94063000,0,0.01,0.104,0.014,0.359,2739000,55758000,1.0,21726840,21065590,21272336,4.465,2363352000,0,11270000,0,112.124,
GBNK,MRY,2016-12-31,2016-12-31,2016-12-31,2018-04-30,-6726000,3366427000,2867480750,,,0.038,12.667,-1464000,50365000,50365000,0,24727000,,8.553,299097000,,,299097000,0,4270000,2699084000,0.019,0.46,36715000,40985000,0.374,40985000,36715000,36715000,1.06,1.05,1.06,352378000,289803750,352378000,745066389,20,18.179,27286000,1.173,1.0,109502000,1.0,71721000,0,3543438000,3029588000,0,3086744000,,,3014049000,,,686048389,23400000,-23915000,-1307000,-58579000,-10524000,56317000,-61667000,-23537000,28750000,0,24727000,24727000,24727000,0,0,0.226,72787000,36715000,0,0.434,1.947,27.745,22.83,67390000,0,24.2,6.265,5.142,0,-367944000,109502000,109502000,0,0.009,0.085,0.012,0.335,3121000,68700000,1.0,28349107,23267108,23559947,4.706,3294706000,0,11988000,0,118.438,
GBNK,MRY,2017-12-31,2017-12-31,2017-12-31,2018-04-30,-4694000,3698890000,3503109750,,,0.041,14.195,-1549000,51807000,51807000,0,38624000,,8.135,337255000,,,337255000,0,5716000,2941627000,0.018,0.5,58456000,64172000,0.442,64172000,58456000,58456000,1.38,1.36,1.38,404899000,376604500,404899000,968046733,16,15.085,50295000,1.793,1.0,145251000,1.0,79547000,0,3904791000,3649638750,0,3398450000,,,3293991000,,,808519733,1442000,21717000,-1515000,38142000,-14063000,136724000,-187126000,-201771000,51844000,0,38624000,38624000,38624000,0,0,0.266,86795000,58456000,0,0.362,1.997,20.933,20.036,65874000,0,27.65,5.566,5.341,0,-343383000,145251000,145251000,0,0.011,0.103,0.016,0.402,3023000,80816000,1.0,29241220,28056588,28343687,5.177,3619343000,0,19832000,0,126.886,
