ticker,dimension,calendardate,datekey,reportperiod,lastupdated,accoci,assets,assetsavg,assetsc,assetsnc,assetturnover,bvps,capex,cashneq,cashnequsd,cor,consolinc,currentratio,de,debt,debtc,debtnc,debtusd,deferredrev,depamor,deposits,divyield,dps,ebit,ebitda,ebitdamargin,ebitdausd,ebitusd,ebt,eps,epsdil,epsusd,equity,equityavg,equityusd,ev,evebit,evebitda,fcf,fcfps,fxusd,gp,grossmargin,intangibles,intexp,invcap,invcapavg,inventory,investments,investmentsc,investmentsnc,liabilities,liabilitiesc,liabilitiesnc,marketcap,ncf,ncfbus,ncfcommon,ncfdebt,ncfdiv,ncff,ncfi,ncfinv,ncfo,ncfx,netinc,netinccmn,netinccmnusd,netincdis,netincnci,netmargin,opex,opinc,payables,payoutratio,pb,pe,pe1,ppnenet,prefdivis,price,ps,ps1,receivables,retearn,revenue,revenueusd,rnd,roa,roe,roic,ros,sbcomp,sgna,sharefactor,sharesbas,shareswa,shareswadil,sps,tangibles,taxassets,taxexp,taxliabilities,tbvps,workingcapital
GENC,MRY,2011-12-31,2011-09-30,2011-09-30,2018-05-03,0,104375000,111277250,95424000,8951000,0.536,6.92,-1466000,1715000,1715000,50278000,224000,17.113,0.056,0,0,0,0,0,890000,756000,0.0,0.0,-2534000,-1644000,-0.028,-1644000,-2534000,-2534000,0.013,0.013,0.013,98799000,100923000,98799000,66580605,-26,-40.499,-1289000,-0.09,1.0,9414000,0.158,0,0,97084000,98948750,12878000,72486000,72486000,0,5576000,5576000,0,69003605,-1289000,0,0,0,0,0,-1466000,0,177000,0,224000,224000,224000,0,0,0.004,11157000,-1743000,1978000,0.0,0.698,308.052,371.79,8349000,0,4.833,1.156,1.156,6023000,87987000,59692000,59692000,2211000,0.002,0.002,-0.026,-0.042,47000,8946000,1.0,14276805,14276805,,4.181,104375000,690000,-2758000,0,7.311,89848000
GENC,MRY,2012-12-31,2012-09-30,2012-09-30,2018-05-03,0,110312000,112287250,102090000,8222000,0.563,7.247,-871000,3361000,3361000,51152000,4472000,17.368,0.066,0,0,0,0,0,1075000,480000,0.0,0.0,6852000,7927000,0.125,7927000,6852000,6852000,0.313,0.313,0.313,103460000,102371500,103460000,59672238,8,7.528,1646000,0.115,1.0,12030000,0.19,0,0,101073000,94808750,11918000,81375000,81375000,0,6852000,5878000,974000,70432238,1646000,0,0,0,0,0,-871000,0,2517000,0,4472000,4472000,4472000,0,0,0.071,11637000,393000,1881000,0.0,0.681,15.75,15.761,8127000,0,4.933,1.115,1.115,4654000,92459000,63182000,63182000,2339000,0.04,0.044,0.072,0.108,189000,9298000,1.0,14276805,14276805,,4.425,110312000,0,2380000,974000,7.727,96212000
GENC,MRY,2013-12-31,2013-09-30,2013-09-30,2018-05-03,0,116948000,115259000,108791000,8157000,0.425,7.735,-1198000,9557000,9557000,37940000,6725000,18.024,0.059,0,0,0,0,0,1232000,1943000,0.0,0.0,6333000,7565000,0.155,7565000,6333000,6333000,0.473,0.473,0.473,110428000,106674000,110428000,73172324,11,9.672,6196000,0.434,1.0,11003000,0.225,0,0,101355000,100717000,14126000,83113000,83113000,0,6520000,6036000,484000,81663324,6196000,0,0,0,0,0,-1198000,0,7394000,0,6725000,6725000,6725000,0,0,0.137,8425000,2578000,1283000,0.0,0.74,12.143,12.093,8079000,0,5.72,1.669,1.669,1200000,99184000,48943000,48943000,1713000,0.058,0.063,0.063,0.129,243000,6712000,1.0,14276805,14276805,,3.428,116948000,0,-392000,484000,8.191,102755000
GENC,MRY,2014-12-31,2014-09-30,2014-09-30,2018-05-03,0,117828000,118126750,110619000,7209000,0.339,7.997,-11000,7193000,7193000,32194000,3473000,37.371,0.032,0,0,0,0,0,1372000,324000,0.0,0.0,4413000,5785000,0.145,5785000,4413000,4413000,0.24,0.24,0.24,114175000,113164750,114175000,83728483,18,14.473,-2375000,-0.166,1.0,7823000,0.195,0,0,107675000,107220250,13673000,87112000,87112000,0,3653000,2960000,693000,93465483,-2364000,0,11000,0,0,11000,-11000,0,-2364000,0,3473000,3473000,3473000,0,0,0.087,7849000,-26000,947000,0.0,0.819,26.912,27.278,7141000,0,6.547,2.336,2.336,1792000,102657000,40017000,40017000,1422000,0.029,0.031,0.041,0.11,263000,6427000,1.0,14276805,14276805,,2.803,117828000,0,940000,693000,8.253,107659000
GENC,MRY,2015-12-31,2015-09-30,2015-09-30,2018-05-03,0,120144000,119857250,112366000,7778000,0.327,7.893,-689000,11152000,11152000,31724000,-1819000,15.187,0.066,0,0,0,0,0,1385000,4418000,0.0,0.0,-3546000,-2161000,-0.055,-2161000,-3546000,-3546000,-0.13,-0.13,-0.13,112745000,113757250,112745000,76521004,-21,-35.41,3823000,0.268,1.0,7506000,0.191,0,0,101593000,104914750,12770000,84357000,84357000,0,7399000,7399000,0,86089004,3959000,0,136000,0,0,136000,-689000,0,4512000,0,-1819000,-1819000,-1819000,0,0,-0.046,8300000,-794000,1529000,0.0,0.764,-47.328,-46.359,6388000,0,6.027,2.194,2.194,3270000,100838000,39230000,39230000,1422000,-0.015,-0.016,-0.034,-0.09,253000,6878000,1.0,14284680,14284680,,2.746,120144000,1331000,-1727000,0,8.411,104967000
GENC,MRY,2016-12-31,2016-09-30,2016-09-30,2018-05-03,0,128712000,126406250,123420000,5292000,0.554,8.385,-306000,18219000,18219000,52466000,7043000,15.068,0.071,0,0,0,0,0,1397000,4484000,0.0,0.0,9400000,10797000,0.154,10797000,9400000,9400000,0.49,0.48,0.49,120205000,117212500,120205000,160857938,17,14.898,6687000,0.466,1.0,17525000,0.25,0,0,102302000,103139500,11634000,85938000,85938000,0,8507000,8191000,316000,171745938,7067000,0,380000,0,0,380000,-306000,0,6993000,0,7043000,7043000,7043000,0,0,0.101,9709000,7816000,1443000,0.0,1.429,24.385,24.449,5239000,0,11.98,2.454,2.454,6031000,107881000,69991000,69991000,1567000,0.056,0.06,0.091,0.134,37000,8142000,1.0,14336055,14336055,,4.882,128712000,0,2357000,316000,8.978,115229000
GENC,MRY,2017-12-31,2017-09-30,2017-09-30,2018-05-03,0,142893000,139045500,137118000,5775000,0.58,8.952,-1617000,22933000,22933000,59449000,8418000,11.081,0.108,0,0,0,0,0,1128000,8628000,0.0,0.0,12178000,13306000,0.165,13306000,12178000,12178000,0.58,0.57,0.58,128918000,125871250,128918000,228970757,18,17.208,4491000,0.312,1.0,21159000,0.262,0,0,107586000,102611000,16687000,87886000,87886000,0,13975000,12374000,1601000,254189757,4714000,0,223000,0,0,223000,-1617000,0,6108000,0,8418000,8418000,8418000,0,0,0.104,10923000,10236000,1320000,0.0,1.972,30.196,30.431,5722000,0,17.65,3.153,3.153,7952000,116299000,80608000,80608000,2147000,0.061,0.067,0.119,0.151,71000,8776000,1.0,14401686,14401686,,5.597,142893000,0,3760000,1601000,9.922,124744000
