ticker,dimension,calendardate,datekey,reportperiod,lastupdated,accoci,assets,assetsavg,assetsc,assetsnc,assetturnover,bvps,capex,cashneq,cashnequsd,cor,consolinc,currentratio,de,debt,debtc,debtnc,debtusd,deferredrev,depamor,deposits,divyield,dps,ebit,ebitda,ebitdamargin,ebitdausd,ebitusd,ebt,eps,epsdil,epsusd,equity,equityavg,equityusd,ev,evebit,evebitda,fcf,fcfps,fxusd,gp,grossmargin,intangibles,intexp,invcap,invcapavg,inventory,investments,investmentsc,investmentsnc,liabilities,liabilitiesc,liabilitiesnc,marketcap,ncf,ncfbus,ncfcommon,ncfdebt,ncfdiv,ncff,ncfi,ncfinv,ncfo,ncfx,netinc,netinccmn,netinccmnusd,netincdis,netincnci,netmargin,opex,opinc,payables,payoutratio,pb,pe,pe1,ppnenet,prefdivis,price,ps,ps1,receivables,retearn,revenue,revenueusd,rnd,roa,roe,roic,ros,sbcomp,sgna,sharefactor,sharesbas,shareswa,shareswadil,sps,tangibles,taxassets,taxexp,taxliabilities,tbvps,workingcapital
GEO,MRY,2011-12-31,2012-01-01,2012-01-01,2018-04-30,1930000,3049923000,2994735250,459329000,2590594000,0.47,11.236,-220550000,142837000,142837000,1036010000,77463000,1.59,1.937,1594317000,53653000,1540664000,1594317000,0,81548000,0,0.0,0.0,197175000,278723000,0.198,278723000,197175000,121797000,0.827,0.82,0.827,1038521000,1054788750,1038521000,2447861998,12,8.782,-31438000,-0.33,1.0,371162000,0.264,686012000,75378000,3526573000,3351092500,0,32146000,0,32146000,2011402000,288818000,1722584000,1048753998,5290000,-402486000,-72536000,545563000,0,454018000,-635541000,-9503000,189112000,-2299000,78625000,78625000,78625000,-7819000,-1162000,0.056,191563000,179599000,68033000,0.0,1.01,13.339,13.503,1688356000,0,11.167,0.745,0.755,265250000,507170000,1407172000,1407172000,0,0.026,0.075,0.059,0.14,5648000,110015000,1.0,93918268,95137500,95610000,14.791,2363911000,30017000,43172000,125516000,25.577,170511000
GEO,MRY,2012-12-31,2012-12-31,2012-12-31,2018-04-30,2670000,2839194000,2972552250,337183000,2502011000,0.498,11.404,-107484000,80165000,80165000,1089232000,133898000,1.298,1.711,1488173000,53882000,1434291000,1488173000,0,91685000,0,0.216,4.053,176377000,268062000,0.181,268062000,176377000,94188000,1.473,1.467,1.473,1047304000,1055489500,1047304000,3106097463,17,11.587,156756000,1.715,1.0,389830000,0.264,668626000,82189000,3318705000,3418713000,0,26757000,0,26757000,1791890000,259871000,1532019000,1736926463,-11623000,3740000,34000,-98485000,-102435000,-222282000,-55316000,51189000,264240000,1735000,134750000,134750000,134750000,10660000,-852000,0.091,205477000,184353000,50110000,2.752,1.658,12.89,12.763,1687159000,0,18.8,1.174,1.162,246635000,264667000,1479062000,1479062000,0,0.045,0.128,0.052,0.119,5922000,113792000,1.0,92389705,91401000,91897500,16.182,2170568000,20822000,-40562000,15703000,23.636,77312000
GEO,MRY,2013-12-31,2013-12-31,2013-12-31,2018-04-30,-4429000,2889364000,2890263250,384345000,2505019000,0.527,9.571,-117361000,81992000,81992000,1124865000,115197000,1.723,1.822,1584776000,22163000,1562613000,1584776000,0,94664000,0,0.064,1.367,172089000,266753000,0.175,266753000,172089000,89085000,1.08,1.073,1.08,1023976000,1033502750,1023976000,3791851757,22,14.215,74828000,0.701,1.0,397209000,0.261,653596000,83004000,3515427000,3462244000,0,16944000,0,16944000,1865388000,223125000,1642263000,2321574757,20370000,973000,5744000,103456000,-147156000,-69040000,-98976000,17412000,192189000,-3803000,115135000,115135000,115135000,2265000,62000,0.076,211725000,185484000,47286000,1.266,2.267,20.164,19.889,1727798000,0,21.48,1.525,1.505,250530000,232646000,1522074000,1522074000,0,0.04,0.111,0.05,0.113,5692000,117061000,1.0,108080761,106674000,107407500,14.268,2235768000,25757000,-26050000,14689000,20.897,161220000
GEO,MRY,2014-12-31,2014-12-31,2014-12-31,2018-04-30,-27461000,3002208000,2951586500,377406000,2624802000,0.573,9.488,-113525000,65256000,65256000,1245700000,143840000,1.485,1.87,1621395000,16752000,1604643000,1621395000,0,96171000,0,0.058,1.553,245391000,341562000,0.202,341562000,245391000,158023000,1.327,1.32,1.327,1045993000,1037771750,1045993000,4505311300,18,13.19,89016000,0.821,1.0,445920000,0.264,649165000,87368000,3655107000,3563989750,0,9256000,0,9256000,1956215000,254075000,1702140000,2992566300,-10788000,-13025000,62393000,18750000,-170234000,-88900000,-121170000,5380000,202541000,-3259000,143930000,143930000,143930000,0,-90000,0.085,211189000,234731000,58155000,1.17,2.861,20.792,20.276,1772166000,0,26.907,1.769,1.724,335267000,206342000,1691620000,1691620000,0,0.049,0.139,0.069,0.145,6874000,115018000,1.0,111220254,108405000,108820500,15.605,2353043000,31757000,14093000,10068000,21.345,123331000
GEO,MRY,2015-12-31,2015-12-31,2015-12-31,2018-04-30,-32404000,3462227000,3416553750,438346000,3023881000,0.54,9.094,-117539000,88363000,88363000,1363782000,139315000,1.573,2.439,2094742000,17141000,2077601000,2094742000,0,106756000,0,0.087,1.673,252963000,359719000,0.195,359719000,252963000,146827000,1.26,1.25,1.26,1006837000,1013826000,1006837000,4161906817,16,11.57,24618000,0.223,1.0,479525000,0.26,839586000,106136000,4350396000,4275460750,0,1826000,0,1826000,2455390000,278624000,2176766000,2158292817,18301000,-331806000,3215000,517396000,-186984000,332250000,-452880000,-4805000,142157000,-3226000,139438000,139438000,139438000,0,-123000,0.076,243796000,235729000,77523000,1.328,2.144,15.479,15.296,1916386000,0,19.273,1.171,1.156,488238000,158796000,1843307000,1843307000,0,0.041,0.138,0.059,0.137,10300000,137040000,1.0,111983370,110544000,110993000,16.675,2622641000,35313000,7389000,11471000,23.688,159722000
GEO,MRY,2016-12-31,2016-12-31,2016-12-31,2018-04-30,-30825000,3749409000,3658819250,697669000,3051740000,0.596,8.766,-79535000,106019000,106019000,1650281000,148498000,1.384,2.846,2419803000,238065000,2181738000,2419803000,0,114916000,0,0.072,1.733,285337000,400253000,0.184,400253000,285337000,156619000,1.34,1.33,1.34,974957000,975145500,974957000,4948659569,17,12.364,-107563000,-0.968,1.0,529209000,0.243,819317000,128718000,4739818000,4695980000,0,0,0,0,2774452000,504058000,2270394000,2695219569,8400000,0,3783000,314595000,-194748000,119668000,-84360000,-9558000,-28028000,1120000,148715000,148715000,148715000,0,-217000,0.068,263625000,265584000,79637000,1.293,2.764,18.123,17.876,1897241000,0,23.953,1.237,1.221,800071000,112763000,2179490000,2179490000,0,0.041,0.153,0.061,0.131,14399000,148709000,1.0,112519603,111065000,111485000,19.624,2930092000,30039000,7904000,0,26.346,193611000
GEO,MRY,2017-12-31,2017-12-31,2017-12-31,2018-04-30,-24446000,4226908000,4264258000,579709000,3647199000,0.531,9.802,-144946000,154308000,154308000,1700495000,146024000,1.569,2.526,2581887000,28920000,2552967000,2581887000,0,124297000,0,0.08,1.877,312223000,436520000,0.193,436520000,312223000,164199000,1.22,1.21,1.22,1198919000,1221339500,1198919000,5580781177,17,12.785,236096000,1.966,1.0,562925000,0.249,1034290000,148024000,5250634000,5203156000,0,0,0,0,3027989000,369563000,2658426000,2928064177,13339000,-353556000,283326000,112998000,-227463000,164719000,-529409000,-33661000,381042000,-3013000,146241000,146241000,146241000,0,-217000,0.065,314640000,248285000,92587000,1.539,2.442,20.022,19.344,2078123000,0,23.6,1.294,1.252,812367000,31541000,2263420000,2263420000,0,0.034,0.12,0.06,0.138,19844000,190343000,1.0,124070516,120095000,120814000,18.847,3192618000,26277000,17958000,8757000,26.102,210146000
