ticker,dimension,calendardate,datekey,reportperiod,lastupdated,accoci,assets,assetsavg,assetsc,assetsnc,assetturnover,bvps,capex,cashneq,cashnequsd,cor,consolinc,currentratio,de,debt,debtc,debtnc,debtusd,deferredrev,depamor,deposits,divyield,dps,ebit,ebitda,ebitdamargin,ebitdausd,ebitusd,ebt,eps,epsdil,epsusd,equity,equityavg,equityusd,ev,evebit,evebitda,fcf,fcfps,fxusd,gp,grossmargin,intangibles,intexp,invcap,invcapavg,inventory,investments,investmentsc,investmentsnc,liabilities,liabilitiesc,liabilitiesnc,marketcap,ncf,ncfbus,ncfcommon,ncfdebt,ncfdiv,ncff,ncfi,ncfinv,ncfo,ncfx,netinc,netinccmn,netinccmnusd,netincdis,netincnci,netmargin,opex,opinc,payables,payoutratio,pb,pe,pe1,ppnenet,prefdivis,price,ps,ps1,receivables,retearn,revenue,revenueusd,rnd,roa,roe,roic,ros,sbcomp,sgna,sharefactor,sharesbas,shareswa,shareswadil,sps,tangibles,taxassets,taxexp,taxliabilities,tbvps,workingcapital
GES,MRY,2011-12-31,2012-01-28,2012-01-28,2018-03-29,-23197000,1844475000,1821298250,1261482000,582993000,1.476,12.972,-123531000,491805000,491805000,1531823000,270650000,3.003,0.553,12236000,2030000,10206000,12236000,0,79286000,0,0.027,0.8,396193000,475479000,0.177,475479000,396193000,394191000,2.88,2.86,2.88,1175630000,1172429250,1175630000,2301424768,5,4.84,240963000,2.633,1.0,1156225000,0.43,39767000,2002000,905103000,922443000,328602000,4060000,4060000,0,650210000,420036000,230174000,2714646768,64768000,0,-87868000,-2741000,-74371000,-162988000,-132096000,-9399000,364494000,-4642000,265500000,265500000,265500000,0,5150000,0.099,758990000,397235000,224859000,0.278,2.309,10.225,10.16,348885000,0,29.26,1.01,0.996,340602000,1155696000,2688048000,2688048000,0,0.146,0.226,0.43,0.147,28100000,738285000,1.0,92776718,91533000,91948000,29.367,1804708000,73615000,128691000,0,19.914,841446000
GES,MRY,2012-12-31,2013-02-02,2013-02-02,2018-03-29,-2461000,1713506000,1744360000,1107225000,606281000,1.524,12.867,-99591000,329021000,329021000,1591482000,181486000,2.876,0.564,10215000,1901000,8314000,10215000,0,89698000,0,0.073,2.0,279512000,369210000,0.139,369210000,279512000,277872000,2.06,2.05,2.06,1086992000,1106349000,1086992000,2046118596,7,5.542,169313000,1.963,1.0,1067123000,0.401,55319000,1640000,954415000,973915000,369712000,6906000,6906000,0,612638000,384966000,227672000,2322891596,-162784000,-15980000,-135895000,-2679000,-172798000,-318283000,-120262000,2951000,268904000,6857000,178744000,178744000,178744000,0,2742000,0.067,792598000,274525000,191143000,0.971,2.137,12.996,13.238,355729000,0,27.27,0.874,0.885,316863000,1162982000,2658605000,2658605000,0,0.102,0.162,0.287,0.105,16285000,792598000,1.0,85181210,86262000,86540000,30.82,1658187000,64116000,99128000,0,19.629,722259000
GES,MRY,2013-12-31,2014-02-01,2014-02-01,2018-03-29,-13801000,1764431000,1690933250,1216086000,548345000,1.52,13.7,-75438000,502945000,502945000,1593652000,157711000,3.286,0.515,11740000,4160000,7580000,11740000,0,88369000,0,0.029,0.8,230605000,318974000,0.124,318974000,230605000,228682000,1.81,1.8,1.81,1154514000,1093783250,1154514000,2042347596,8,6.403,252504000,2.996,1.0,976134000,0.38,52135000,1923000,851066000,910383750,350899000,5123000,5123000,0,594445000,370025000,224420000,2380942596,173924000,-1648000,-18238000,1629000,-68218000,-84807000,-63076000,8249000,327942000,-6135000,153434000,153434000,153434000,0,4277000,0.06,753547000,222587000,191532000,0.442,2.062,15.518,15.497,324606000,0,28.05,0.927,0.92,276565000,1247180000,2569786000,2569786000,0,0.091,0.14,0.253,0.09,13949000,741105000,1.0,84882089,84271000,84522000,30.494,1712296000,79373000,75248000,0,20.318,846061000
GES,MRY,2014-12-31,2015-01-31,2015-01-31,2018-03-29,-127065000,1601405000,1677417750,1092299000,509106000,1.441,12.675,-71498000,483483000,483483000,1549788000,97184000,3.617,0.477,7713000,1548000,6165000,7713000,0,85060000,0,0.048,0.91,142764000,227824000,0.094,227824000,142764000,140394000,1.11,1.11,1.11,1073856000,1122492250,1073856000,1234180629,8,5.417,82328000,0.973,1.0,867885000,0.359,43878000,2370000,779791000,864225750,319078000,0,0,0,511959000,301966000,209993000,1600610629,-19462000,-887000,87000,-2854000,-77005000,-79687000,-57831000,9256000,153826000,-35770000,94570000,94570000,94570000,0,2614000,0.039,741973000,125912000,159924000,0.82,1.491,16.925,16.919,259524000,0,18.78,0.662,0.657,216205000,1265524000,2417673000,2417673000,0,0.056,0.084,0.165,0.059,15342000,717207000,1.0,85229533,84604000,84837000,28.576,1557527000,87807000,45824000,0,18.384,790333000
GES,MRY,2015-12-31,2016-01-30,2016-01-30,2018-03-29,-158054000,1538748000,1545017750,1036252000,502496000,1.414,12.256,-83844000,445480000,445480000,1397065000,84815000,3.168,0.498,6342000,4024000,2318000,6342000,0,70684000,0,0.049,0.9,126268000,196952000,0.09,196952000,126268000,124315000,0.97,0.96,0.97,1018475000,1031355000,1018475000,1157365003,9,5.876,95824000,1.137,1.0,787430000,0.36,40681000,1953000,731870000,751204000,311704000,0,0,0,507455000,327059000,180396000,1553112003,-37821000,-1330000,-46273000,-1642000,-76860000,-127979000,-73546000,9014000,179668000,-15964000,81851000,81851000,81851000,0,2964000,0.037,666080000,121350000,177505000,0.928,1.525,18.975,19.113,255344000,0,18.54,0.711,0.715,222359000,1269775000,2184495000,2184495000,0,0.053,0.079,0.168,0.058,18880000,666130000,1.0,83770874,84264000,84525000,25.924,1498067000,83613000,42464000,0,18.027,709193000
GES,MRY,2016-12-31,2017-01-28,2017-01-28,2018-03-29,-161389000,1534485000,1560510000,1044012000,490473000,1.404,11.57,-90581000,397650000,397650000,1445413000,25398000,3.022,0.571,24048000,566000,23482000,24048000,0,69319000,0,0.073,0.9,52870000,122189000,0.056,122189000,52870000,50973000,0.27,0.27,0.27,969222000,997705000,969222000,712640063,13,5.832,-18841000,-0.225,1.0,745040000,0.34,40604000,1897000,774826000,805204250,367381000,0,0,0,553491000,345453000,208038000,1037644063,-48349000,-2068000,-4126000,16642000,-76503000,-69034000,-48984000,266000,71740000,-2071000,22761000,22761000,22761000,0,2637000,0.01,722332000,22708000,209616000,3.333,1.071,45.589,45.556,243005000,0,12.3,0.474,0.47,225537000,1215079000,2190453000,2190453000,0,0.015,0.023,0.066,0.024,16908000,682559000,1.0,84361306,83666000,83829000,26.181,1493881000,82793000,28212000,0,17.833,698559000
GES,MRY,2017-12-31,2018-02-03,2018-02-03,2018-03-29,-93062000,1655634000,1564619250,1108705000,546929000,1.511,11.324,-84655000,367682000,367682000,1534906000,-3901000,2.37,0.788,42041000,2845000,39196000,42041000,0,63588000,0,0.062,0.9,68709000,132297000,0.056,132297000,68709000,66278000,-0.11,-0.11,-0.11,916819000,931272750,916819000,1009612674,14,7.631,63715000,0.775,1.0,828848000,0.351,44458000,2431000,817690000,860068000,428304000,0,0,0,722159000,467845000,254314000,1202024674,-29968000,-4850000,-50817000,-1467000,-76057000,-128737000,-90347000,-2647000,148370000,40746000,-7894000,-7894000,-7894000,0,3993000,-0.003,763675000,65173000,264438000,-8.182,1.311,-152.271,-132.818,294254000,0,14.61,0.509,0.508,259996000,1132173000,2363754000,2363754000,0,-0.005,-0.008,0.08,0.029,18852000,743823000,1.0,82274105,82189000,82189000,28.76,1611176000,68386000,74172000,0,19.901,640860000
