ticker,dimension,calendardate,datekey,reportperiod,lastupdated,accoci,assets,assetsavg,assetsc,assetsnc,assetturnover,bvps,capex,cashneq,cashnequsd,cor,consolinc,currentratio,de,debt,debtc,debtnc,debtusd,deferredrev,depamor,deposits,divyield,dps,ebit,ebitda,ebitdamargin,ebitdausd,ebitusd,ebt,eps,epsdil,epsusd,equity,equityavg,equityusd,ev,evebit,evebitda,fcf,fcfps,fxusd,gp,grossmargin,intangibles,intexp,invcap,invcapavg,inventory,investments,investmentsc,investmentsnc,liabilities,liabilitiesc,liabilitiesnc,marketcap,ncf,ncfbus,ncfcommon,ncfdebt,ncfdiv,ncff,ncfi,ncfinv,ncfo,ncfx,netinc,netinccmn,netinccmnusd,netincdis,netincnci,netmargin,opex,opinc,payables,payoutratio,pb,pe,pe1,ppnenet,prefdivis,price,ps,ps1,receivables,retearn,revenue,revenueusd,rnd,roa,roe,roic,ros,sbcomp,sgna,sharefactor,sharesbas,shareswa,shareswadil,sps,tangibles,taxassets,taxexp,taxliabilities,tbvps,workingcapital
GFF,MRY,2011-12-31,2011-09-30,2011-09-30,2018-05-04,-7724000,1865254000,1829893250,899255000,965999000,1.0,11.335,-87617000,243029000,243029000,1437341000,-7431000,2.856,1.861,713411000,25164000,688247000,713411000,0,60712000,0,0.0,0.0,33497000,94209000,0.051,94209000,33497000,-14349000,-0.13,-0.13,-0.13,651908000,697439000,651908000,964969547,28,10.243,-52232000,-0.887,1.0,393461000,0.215,581077000,47846000,1439680000,1396064750,263809000,0,0,0,1213346000,314879000,898467000,517686547,73227000,-855000,-35806000,179217000,0,122110000,-82333000,0,35385000,-973000,-7431000,-7431000,-7431000,0,0,-0.004,337912000,55549000,186290000,0.0,0.794,-69.666,-62.923,350050000,0,8.18,0.283,0.263,342208000,424153000,1830802000,1830802000,0,-0.004,-0.011,0.024,0.018,8956000,330369000,1.0,63286864,58919000,58919000,31.073,1284177000,0,-6918000,0,22.328,584376000
GFF,MRY,2012-12-31,2012-09-30,2012-09-30,2018-05-04,-19559000,1806192000,1822119750,826215000,979977000,1.021,11.774,-68542000,209654000,209654000,1442340000,17011000,3.022,1.761,699610000,17703000,681907000,699610000,0,66264000,0,0.008,0.08,73948000,140212000,0.075,140212000,73948000,21941000,0.3,0.3,0.3,654152000,654938500,654152000,1162745886,15,8.293,21588000,0.386,1.0,418805000,0.225,588845000,52007000,1433920000,1472051500,257868000,0,0,0,1152040000,273383000,878657000,631721886,-33375000,-22432000,-10382000,-16405000,-4743000,-30693000,-90974000,0,90130000,963000,17011000,17011000,17011000,0,0,0.009,346385000,72420000,141704000,0.267,0.966,37.136,34.333,356879000,0,10.3,0.339,0.309,310634000,436421000,1861145000,1861145000,0,0.009,0.026,0.05,0.04,10439000,341696000,1.0,61332222,55914000,57329000,33.286,1217347000,0,4930000,0,21.91,552832000
GFF,MRY,2013-12-31,2013-09-30,2013-09-30,2018-05-04,-3339000,1777608000,1769722250,816510000,961098000,1.057,12.057,-62868000,178130000,178130000,1453742000,3767000,2.871,1.733,689255000,10768000,678487000,689255000,0,70748000,0,0.009,0.11,63830000,134578000,0.072,134578000,63830000,11310000,0.07,0.07,0.07,650464000,644209000,650464000,1313621098,20,9.761,22815000,0.419,1.0,417585000,0.223,575850000,52520000,1428474000,1474846250,230120000,0,0,0,1127144000,284409000,842735000,748034098,-31524000,0,-32521000,-13614000,-5825000,-52249000,-62868000,0,85683000,0,3767000,3767000,3767000,3023000,0,0.002,353731000,63854000,163610000,1.571,1.15,198.576,179.143,353593000,0,12.54,0.4,0.365,366043000,434363000,1871327000,1871327000,0,0.002,0.006,0.043,0.034,12495000,340469000,1.0,59651842,54428000,56563000,34.382,1201758000,0,7543000,0,22.276,532101000
GFF,MRY,2014-12-31,2014-09-30,2014-09-30,2018-05-04,-30064000,1808826000,1793608750,815099000,993727000,1.111,11.235,-76542000,92405000,92405000,1532412000,-177000,2.445,2.4,799187000,7886000,791301000,799187000,0,67396000,0,0.011,0.12,42731000,110127000,0.055,110127000,42731000,-5716000,0.0,0.0,0.0,532027000,563303250,532027000,1333370979,31,12.108,16759000,0.339,1.0,459399000,0.231,607734000,48447000,1574446000,1590056750,290135000,0,0,0,1276799000,333428000,943371000,611741979,-85725000,-62306000,-99030000,88100000,-6273000,-27930000,-147250000,-8402000,93301000,-2318000,-177000,-177000,-177000,0,0,0.0,381235000,78164000,218703000,,1.15,-3456.169,,370565000,0,11.39,0.307,0.282,368366000,427913000,1991811000,1991811000,0,0.0,0.0,0.027,0.021,11473000,375099000,1.0,53708690,49367000,49367000,40.347,1201092000,0,-5539000,0,25.364,481671000
GFF,MRY,2015-12-31,2015-09-30,2015-09-30,2018-05-04,-91188000,1712813000,1734370250,740954000,971859000,0.855,10.071,-46105000,52001000,52001000,1090944000,34289000,2.317,2.978,843569000,16593000,826976000,843569000,0,45834000,0,0.01,0.16,88837000,134671000,0.091,134671000,88837000,41061000,0.77,0.73,0.77,430525000,467317500,430525000,1580446130,17,11.736,29113000,0.653,1.0,392347000,0.265,570078000,47776000,1614466000,1650812250,325809000,0,0,0,1282288000,319837000,962451000,785931130,-40404000,-2225000,-81972000,15481000,-7654000,29490000,-66619000,8891000,75218000,-4152000,34289000,34289000,34289000,-21995000,0,0.023,325435000,66912000,199811000,0.208,1.826,22.921,20.481,379972000,0,15.77,0.53,0.474,322650000,454548000,1483291000,1483291000,0,0.02,0.073,0.054,0.06,11110000,325435000,1.0,49837104,44608000,46939000,33.252,1142735000,0,6772000,0,26.732,421117000
GFF,MRY,2016-12-31,2016-09-30,2016-09-30,2018-05-04,-81241000,1782096000,1770860000,780957000,1001139000,0.834,10.187,-58506000,72553000,72553000,1076342000,30010000,2.454,3.337,910878000,13932000,896946000,910878000,0,46342000,0,0.012,0.2,92385000,138727000,0.094,138727000,92385000,42442000,0.73,0.68,0.73,410947000,421183500,410947000,1646331854,17,11.867,45876000,1.117,1.0,400693000,0.271,504112000,49943000,1798046000,1783533250,261317000,0,0,0,1371149000,318263000,1052886000,783333854,20552000,-4470000,-65307000,93848000,-8798000,-6526000,-93604000,715000,104382000,886000,30010000,30010000,30010000,-10229000,0,0.02,318353000,82340000,148130000,0.274,1.906,26.102,23.301,236905000,0,17.01,0.53,0.473,311300000,475760000,1477035000,1477035000,0,0.017,0.071,0.052,0.063,10136000,318353000,1.0,46051373,41074000,44109000,35.96,1277984000,0,12432000,0,31.679,462694000
GFF,MRY,2017-12-31,2017-09-30,2017-09-30,2018-05-04,0,1873541000,1799524500,1098129000,775412000,0.847,9.558,-34794000,47681000,47681000,1116881000,14912000,2.959,3.698,979158000,11078000,968080000,979158000,0,47878000,0,0.011,0.24,65340000,113218000,0.074,113218000,65340000,13827000,0.36,0.35,0.36,398808000,389960500,398808000,1977025829,30,17.462,61550000,1.501,1.0,408116000,0.268,524266000,51513000,1909673000,1868450500,299437000,0,0,0,1474733000,371079000,1103654000,1049097829,-24872000,-34719000,-26749000,62989000,-10325000,-4268000,-116412000,-1824000,96344000,164000,14912000,14912000,14912000,2871000,0,0.01,339089000,69027000,183951000,0.667,2.631,70.353,61.667,232135000,0,22.2,0.688,0.597,339891000,480347000,1524997000,1524997000,0,0.008,0.038,0.035,0.043,8090000,339089000,1.0,47256659,41005000,43011000,37.191,1349275000,0,-1085000,0,32.337,727050000
