ticker,dimension,calendardate,datekey,reportperiod,lastupdated,accoci,assets,assetsavg,assetsc,assetsnc,assetturnover,bvps,capex,cashneq,cashnequsd,cor,consolinc,currentratio,de,debt,debtc,debtnc,debtusd,deferredrev,depamor,deposits,divyield,dps,ebit,ebitda,ebitdamargin,ebitdausd,ebitusd,ebt,eps,epsdil,epsusd,equity,equityavg,equityusd,ev,evebit,evebitda,fcf,fcfps,fxusd,gp,grossmargin,intangibles,intexp,invcap,invcapavg,inventory,investments,investmentsc,investmentsnc,liabilities,liabilitiesc,liabilitiesnc,marketcap,ncf,ncfbus,ncfcommon,ncfdebt,ncfdiv,ncff,ncfi,ncfinv,ncfo,ncfx,netinc,netinccmn,netinccmnusd,netincdis,netincnci,netmargin,opex,opinc,payables,payoutratio,pb,pe,pe1,ppnenet,prefdivis,price,ps,ps1,receivables,retearn,revenue,revenueusd,rnd,roa,roe,roic,ros,sbcomp,sgna,sharefactor,sharesbas,shareswa,shareswadil,sps,tangibles,taxassets,taxexp,taxliabilities,tbvps,workingcapital
GGG,MRY,2011-12-31,2011-12-30,2011-12-30,2018-04-25,-76481000,874309000,765402250,582970000,291339000,1.17,1.802,-23854000,303150000,303150000,395078000,142328000,4.441,1.709,308658000,8658000,300000000,308658000,0,32483000,0,0.021,0.28,218859000,251342000,0.281,251342000,218859000,209728000,0.787,0.773,0.787,322740000,326315250,322740000,2473775650,11,9.842,138190000,0.772,1.0,500205000,0.559,111518000,9131000,637017000,560373750,105347000,0,0,0,551569000,131282000,420287000,2440519650,293559000,-2139000,-21019000,229111000,-50646000,159641000,-27997000,0,162044000,-129000,142328000,142328000,142328000,0,0,0.159,280691000,219514000,27402000,0.356,7.562,17.147,17.319,138248000,0,13.63,2.726,2.726,150912000,97467000,895283000,895283000,41554000,0.186,0.436,0.391,0.244,8799000,239137000,1.0,179055000,179055000,,5.0,762791000,47426000,67400000,0,4.26,451688000
GGG,MRY,2012-12-31,2012-12-28,2012-12-28,2018-04-25,-83745000,1321734000,1216779250,776996000,544738000,0.832,2.495,-18234000,31120000,31120000,461926000,149126000,5.123,1.911,564613000,8133000,556480000,564613000,0,38762000,0,0.018,0.3,236599000,275361000,0.272,275361000,236599000,217326000,0.823,0.807,0.823,454114000,411001250,454114000,3655138050,15,13.274,171448000,0.942,1.0,550530000,0.544,333001000,19273000,1370555000,1222308500,121549000,426813000,426813000,0,867620000,151671000,715949000,3085222050,-272030000,-666881000,28816000,253940000,-54302000,232671000,-694520000,0,189682000,137000,149126000,149126000,149126000,0,0,0.147,325853000,224677000,28938000,0.365,6.794,20.689,20.595,151544000,0,16.95,3.047,3.047,172143000,189297000,1012456000,1012456000,48921000,0.123,0.363,0.194,0.234,8192000,276932000,1.0,182019000,182019000,,5.562,988733000,56292000,68200000,21690000,5.432,625325000
GGG,MRY,2013-12-31,2013-12-27,2013-12-27,2018-04-25,-46349000,1327228000,1333220000,792593000,534635000,0.828,3.453,-23319000,19756000,19756000,496569000,210822000,4.694,1.092,417954000,9584000,408370000,417954000,0,37316000,0,0.013,0.333,306969000,344285000,0.312,344285000,306969000,288822000,1.147,1.12,1.147,634365000,575673500,634365000,5161663060,16,14.992,219736000,1.196,1.0,607455000,0.55,337907000,18147000,1218666000,1281561750,133787000,422297000,422297000,0,692863000,168853000,524010000,4765152060,-11364000,-7044000,-26163000,-146937000,-61139000,-225892000,-31238000,0,243055000,2711000,210822000,210822000,210822000,0,0,0.191,327686000,279769000,34282000,0.29,7.512,22.603,22.616,151717000,0,25.94,4.316,4.316,183293000,272653000,1104024000,1104024000,51428000,0.158,0.366,0.24,0.278,8198000,276258000,1.0,183699000,183699000,,6.01,989321000,39193000,78000000,20935000,5.386,623740000
GGG,MRY,2014-12-31,2014-12-26,2014-12-26,2018-04-25,-100736000,1544778000,1465012500,839538000,705240000,0.834,3.341,-30636000,23656000,23656000,554394000,225573000,4.86,1.592,620016000,5016000,615000000,620016000,0,35515000,0,0.014,0.367,333806000,369321000,0.302,369321000,333806000,315073000,1.25,1.217,1.25,596032000,634509750,596032000,5328734670,15,14.428,210619000,1.181,1.0,666736000,0.546,468852000,18733000,1499549000,1411138500,159797000,421767000,421767000,0,948746000,172737000,776009000,4842560670,3900000,-184932000,-165127000,201281000,-66362000,-23574000,-216731000,0,241255000,2950000,225573000,225573000,225573000,0,0,0.185,357811000,308925000,39306000,0.294,8.125,21.468,21.715,161230000,0,27.143,3.966,3.966,214944000,252865000,1221130000,1221130000,54246000,0.154,0.356,0.237,0.273,10615000,303565000,1.0,178407000,178407000,,6.845,1075926000,48951000,89500000,24197000,6.031,666801000
GGG,MRY,2015-12-31,2015-12-25,2015-12-25,2018-04-25,-104497000,1391352000,1491366000,509017000,882335000,0.863,3.789,-41749000,52295000,52295000,601785000,345713000,2.615,1.189,408596000,15901000,392695000,408596000,0,44607000,0,0.016,0.4,492356000,536963000,0.417,536963000,492356000,474713000,2.0,1.95,2.0,635551000,650333500,635551000,4428516380,8,8.247,149665000,0.892,1.0,684700000,0.532,622475000,17643000,930562000,1080758250,202136000,0,0,0,755801000,194616000,561185000,4096186380,28639000,-189017000,-254338000,-211089000,-69429000,-536186000,369939000,0,191414000,3472000,345713000,345713000,345713000,0,0,0.269,382575000,302125000,40505000,0.2,6.445,11.849,12.21,178437000,0,24.42,3.184,3.184,225509000,285508000,1286485000,1286485000,58559000,0.232,0.532,0.456,0.383,19224000,324016000,1.0,167739000,167739000,,7.67,768877000,56976000,129000000,22303000,4.584,314401000
GGG,MRY,2016-12-31,2016-12-30,2016-12-30,2018-04-25,-142228000,1243109000,1386549500,503362000,739747000,0.959,3.435,-42113000,52365000,52365000,621054000,40674000,2.828,1.166,314598000,8913000,305685000,314598000,0,48290000,0,0.016,0.44,114245000,162535000,0.122,162535000,114245000,96655000,0.24,0.24,0.24,573820000,649656250,573820000,4937621560,43,30.379,233893000,1.4,1.0,708239000,0.533,438185000,17590000,889172000,964629750,201609000,0,0,0,669289000,177985000,491304000,4626783560,70000,-48946000,-14701000,-93865000,-73434000,-185165000,-90935000,0,276006000,164000,40674000,40674000,40674000,0,0,0.031,594360000,113879000,39988000,1.833,8.063,113.753,115.403,189596000,0,27.697,3.481,3.481,218365000,206820000,1329293000,1329293000,60606000,0.029,0.063,0.118,0.086,21134000,341734000,1.0,167052000,167052000,,7.957,804924000,86653000,55981000,17672000,4.818,325377000
GGG,MRY,2017-12-31,2017-12-29,2017-12-29,2018-04-25,-127789000,1390617000,1362616750,643338000,747279000,1.082,4.294,-40194000,103662000,103662000,681695000,252412000,2.617,0.923,232613000,6578000,226035000,232613000,0,45583000,0,0.011,0.48,363296000,408879000,0.277,408879000,363296000,347094000,1.5,1.45,1.5,723063000,665406250,723063000,7780810800,21,19.03,297670000,1.768,1.0,793049000,0.538,461845000,16202000,811885000,856466000,239349000,0,0,0,667554000,245838000,421716000,7614595800,51297000,-27905000,-29475000,-82676000,-80477000,-217076000,-68459000,0,337864000,-1032000,252412000,252412000,252412000,0,0,0.171,432602000,360447000,48748000,0.32,10.531,30.167,30.147,204298000,0,45.22,5.163,5.163,266080000,181599000,1474744000,1474744000,60106000,0.185,0.379,0.424,0.246,23652000,372496000,1.0,168390000,168390000,,8.758,928772000,50916000,94682000,17253000,5.516,397500000
