ticker,dimension,calendardate,datekey,reportperiod,lastupdated,accoci,assets,assetsavg,assetsc,assetsnc,assetturnover,bvps,capex,cashneq,cashnequsd,cor,consolinc,currentratio,de,debt,debtc,debtnc,debtusd,deferredrev,depamor,deposits,divyield,dps,ebit,ebitda,ebitdamargin,ebitdausd,ebitusd,ebt,eps,epsdil,epsusd,equity,equityavg,equityusd,ev,evebit,evebitda,fcf,fcfps,fxusd,gp,grossmargin,intangibles,intexp,invcap,invcapavg,inventory,investments,investmentsc,investmentsnc,liabilities,liabilitiesc,liabilitiesnc,marketcap,ncf,ncfbus,ncfcommon,ncfdebt,ncfdiv,ncff,ncfi,ncfinv,ncfo,ncfx,netinc,netinccmn,netinccmnusd,netincdis,netincnci,netmargin,opex,opinc,payables,payoutratio,pb,pe,pe1,ppnenet,prefdivis,price,ps,ps1,receivables,retearn,revenue,revenueusd,rnd,roa,roe,roic,ros,sbcomp,sgna,sharefactor,sharesbas,shareswa,shareswadil,sps,tangibles,taxassets,taxexp,taxliabilities,tbvps,workingcapital
GIGA,MRY,2011-12-31,2011-03-26,2011-03-26,2018-02-12,0,13392000,23175250,12846000,546000,0.907,2.061,-368000,1408000,1408000,12100000,816000,4.751,0.305,103000,93000,10000,103000,586000,149000,0,0.0,0.0,843000,992000,0.047,992000,843000,847000,0.17,0.16,0.17,10265000,19617750,10265000,9631229,11,9.709,-1871000,-0.379,1.0,8929000,0.425,0,-4000,9383000,17232750,5386000,0,0,0,3127000,2704000,423000,12286229,-1666000,0,195000,10000,0,205000,-368000,0,-1503000,0,816000,816000,816000,0,0,0.039,8086000,843000,972000,0.0,1.197,15.057,14.529,530000,0,2.47,0.584,0.58,5632000,-4220000,21029000,21029000,2159000,0.035,0.042,0.049,0.04,311000,5927000,1.0,4974182,4935000,5040000,4.261,13392000,0,31000,30000,2.689,10142000
GIGA,MRY,2012-12-31,2012-03-31,2012-03-31,2018-02-12,0,9290000,10890750,8663000,627000,1.204,1.343,-183000,2365000,2365000,9986000,-5852000,4.135,0.377,35000,20000,15000,35000,7000,133000,0,0.0,0.0,-5848000,-5715000,-0.436,-5715000,-5848000,-5850000,-1.17,-1.17,-1.17,6747000,8511500,6747000,2605538,0,-0.456,-989000,-0.197,1.0,3130000,0.239,0,2000,4865000,5909500,4700000,0,0,0,2543000,2095000,448000,6028538,957000,0,48000,-99000,0,1946000,-183000,0,-806000,0,-5852000,-5852000,-5852000,0,0,-0.446,8978000,-5848000,613000,0.0,0.894,-1.03,-1.026,611000,0,1.2,0.46,0.459,1270000,-10072000,13116000,13116000,2893000,-0.537,-0.688,-0.99,-0.446,289000,6054000,1.0,5023782,5012000,5012000,2.617,9290000,0,2000,0,1.849,6568000
GIGA,MRY,2013-12-31,2013-03-30,2013-03-30,2018-02-12,0,9360000,9730500,8550000,810000,1.458,0.657,-179000,1882000,1882000,8710000,-4206000,1.601,1.83,1012000,643000,369000,1012000,2278000,209000,0,0.0,0.0,-4188000,-3979000,-0.28,-3979000,-4188000,-4204000,-0.84,-0.84,-0.84,3308000,4713500,3308000,7073380,-1,-1.778,-1747000,-0.347,1.0,5477000,0.386,0,16000,3148000,3881000,4560000,0,0,0,6052000,5342000,710000,8349380,-483000,0,0,807000,0,1264000,-179000,0,-1568000,0,-4206000,-4206000,-4206000,0,0,-0.296,9676000,-4199000,788000,0.0,2.524,-1.985,-1.976,751000,0,1.66,0.589,0.589,1666000,-14278000,14187000,14187000,4282000,-0.432,-0.892,-1.079,-0.295,310000,4976000,1.0,5029747,5030000,5030000,2.82,9360000,0,2000,0,1.86,3208000
GIGA,MRY,2014-12-31,2014-03-29,2014-03-29,2018-02-12,0,7593000,7614250,6575000,1018000,1.748,0.173,-228000,1059000,1059000,8811000,-3742000,1.174,7.658,2389000,1512000,877000,2389000,1329000,284000,0,0.0,0.0,-3634000,-3350000,-0.252,-3350000,-3634000,-3740000,-0.74,-0.74,-0.74,877000,2099500,877000,6136434,-1,-1.832,-2763000,-0.546,1.0,4498000,0.338,0,106000,3321000,3561250,3321000,0,0,0,6716000,5602000,1114000,5958434,-823000,0,0,1123000,0,1940000,-228000,0,-2535000,0,-3742000,-3742000,-3742000,0,0,-0.281,9037000,-4539000,1430000,0.0,6.794,-1.592,-1.554,949000,0,1.15,0.448,0.437,1846000,-18258000,13309000,13309000,3897000,-0.491,-1.782,-1.02,-0.273,494000,4809000,1.0,5181247,5058000,5058000,2.631,7593000,0,2000,0,1.5,973000
GIGA,MRY,2015-12-31,2015-03-28,2015-03-28,2018-02-12,0,8054000,8439500,7262000,792000,2.186,0.526,-16000,1170000,1170000,10445000,-1673000,1.694,1.726,1330000,880000,450000,1330000,1127000,311000,0,0.0,0.0,-1220000,-909000,-0.049,-909000,-1220000,-1626000,-0.32,-0.32,-0.32,2955000,1440500,2955000,10304357,-8,-11.336,-558000,-0.106,1.0,8007000,0.434,0,406000,3928000,3480750,3365000,0,0,0,5099000,4286000,813000,8439357,111000,0,1692000,-1023000,0,669000,-16000,0,-542000,0,-1673000,-1673000,-1673000,0,0,-0.091,7993000,14000,973000,0.0,2.856,-5.044,-4.844,718000,0,1.55,0.457,0.443,2354000,-19931000,18452000,18452000,3210000,-0.198,-1.161,-0.35,-0.066,827000,4783000,1.0,5444747,5279000,5279000,3.495,8054000,0,47000,0,1.434,2976000
GIGA,MRY,2016-12-31,2016-03-26,2016-03-26,2018-02-12,0,11193000,9157500,9472000,1721000,1.594,0.429,-192000,1331000,1331000,9975000,-4104000,1.231,2.756,1379000,1214000,165000,1379000,2804000,321000,0,0.0,0.0,-3719000,-3398000,-0.233,-3398000,-3719000,-4102000,-0.59,-0.59,-0.59,2980000,2081250,2980000,13822277,-3,-4.068,-3237000,-0.466,1.0,4621000,0.317,876000,383000,2670000,3262750,5694000,0,0,0,8213000,7695000,518000,12605277,161000,375000,3204000,-181000,0,3023000,183000,0,-3045000,0,-4104000,-4104000,-4104000,0,0,-0.281,8328000,-3707000,1924000,0.0,4.23,-3.071,-2.237,837000,0,1.32,0.864,0.628,2129000,-24035000,14596000,14596000,2806000,-0.448,-1.972,-1.14,-0.255,925000,5522000,1.0,9549453,6941000,6941000,2.103,10317000,0,2000,0,1.486,1777000
GIGA,MRY,2017-12-31,2017-03-25,2017-03-25,2018-02-12,0,9074000,11294750,7638000,1436000,1.44,0.18,-41000,1421000,1421000,11716000,-1546000,1.088,4.276,746000,632000,114000,746000,3614000,827000,0,0.0,0.0,-1411000,-584000,-0.036,-584000,-1411000,-1544000,-0.16,-0.16,-0.16,1720000,2357000,1720000,7368247,-5,-12.617,-97000,-0.01,1.0,4551000,0.28,733000,133000,648000,872250,4811000,0,0,0,7354000,7018000,336000,8117247,90000,850000,0,-663000,0,-663000,809000,0,-56000,0,-1546000,-1546000,-1546000,0,0,-0.095,6895000,-2344000,1107000,0.0,4.719,-5.25,-5.313,528000,0,0.85,0.499,0.499,954000,-25581000,16267000,16267000,2254000,-0.137,-0.656,-1.618,-0.087,286000,4641000,1.0,9549703,9550000,9550000,1.703,8341000,0,2000,0,0.873,620000
