ticker,dimension,calendardate,datekey,reportperiod,lastupdated,accoci,assets,assetsavg,assetsc,assetsnc,assetturnover,bvps,capex,cashneq,cashnequsd,cor,consolinc,currentratio,de,debt,debtc,debtnc,debtusd,deferredrev,depamor,deposits,divyield,dps,ebit,ebitda,ebitdamargin,ebitdausd,ebitusd,ebt,eps,epsdil,epsusd,equity,equityavg,equityusd,ev,evebit,evebitda,fcf,fcfps,fxusd,gp,grossmargin,intangibles,intexp,invcap,invcapavg,inventory,investments,investmentsc,investmentsnc,liabilities,liabilitiesc,liabilitiesnc,marketcap,ncf,ncfbus,ncfcommon,ncfdebt,ncfdiv,ncff,ncfi,ncfinv,ncfo,ncfx,netinc,netinccmn,netinccmnusd,netincdis,netincnci,netmargin,opex,opinc,payables,payoutratio,pb,pe,pe1,ppnenet,prefdivis,price,ps,ps1,receivables,retearn,revenue,revenueusd,rnd,roa,roe,roic,ros,sbcomp,sgna,sharefactor,sharesbas,shareswa,shareswadil,sps,tangibles,taxassets,taxexp,taxliabilities,tbvps,workingcapital
GLDC,MRY,2011-12-31,2011-06-03,2011-06-03,2017-05-25,0,48120906,45855533,21240151,26880755,2.858,2.016,-5462267,2721638,2721638,67429666,3014768,1.494,1.034,9185727,3120744,6064983,9185727,0,3174956,0,0.041,0.13,5480851,8655807,0.066,8655807,5480851,5109267,0.26,0.26,0.26,23657654,23131318,23657654,43274099,7,4.999,292268,0.025,1.0,63618184,0.485,0,371584,40368538,36057351,4995629,934844,0,934844,24463252,14216457,10246795,37198783,1277837,0,-36960,2490036,-1467507,985569,-5462267,0,5754535,0,3014768,3014768,3014768,0,0,0.023,58402401,5215783,6323448,0.5,1.572,12.339,12.192,24646418,0,3.17,0.284,0.284,10360220,18866264,131047850,131047850,0,0.066,0.13,0.152,0.042,0,58402401,1.0,11734632,11734632,,11.168,48120906,1498837,2094499,2969917,4.101,7023694
GLDC,MRY,2012-12-31,2012-06-01,2012-06-01,2017-05-25,0,48753626,48807701,20046637,28706989,2.79,2.079,-4991653,1893816,1893816,70642277,2207623,1.428,0.998,9069098,3362036,5707062,9069098,0,3303353,0,0.037,0.13,4228633,7531986,0.055,7531986,4228633,3945849,0.19,0.19,0.19,24398446,24191748,24398446,48929269,11,6.496,755637,0.064,1.0,65543380,0.481,0,282784,41887750,41760570,5156798,758667,0,758667,24355180,14041158,10314022,40836519,-827822,0,0,-116628,-1466831,-1583459,-4991653,0,5747290,0,2207623,2207623,2207623,0,0,0.016,61591496,3951884,6025465,0.684,1.674,18.498,18.316,26497590,0,3.48,0.3,0.3,10706073,19607056,136185657,136185657,0,0.045,0.091,0.101,0.031,0,61591496,1.0,11734632,11734632,,11.605,48753626,675076,1738226,3509305,4.155,6005479
GLDC,MRY,2013-12-31,2013-05-31,2013-05-31,2017-05-25,0,47756479,47979961,18323634,29432845,2.863,2.05,-4075164,757111,757111,70787427,1134037,1.304,0.985,8875267,3561054,5314213,8875267,0,3538740,0,0.037,0.13,2487653,6026393,0.044,6026393,2487653,2176555,0.1,0.1,0.1,24057744,24601475,24057744,50029010,20,8.302,531865,0.045,1.0,66557289,0.485,0,311098,41827374,42249239,4955813,695761,0,695761,23698735,14047261,9651474,41650843,-1136705,0,-6860,-193831,-1467879,-1668570,-4075164,0,4607029,0,1134037,1134037,1134037,0,0,0.008,64233593,2323696,4809066,1.3,1.731,36.728,35.5,27095054,0,3.55,0.303,0.303,10599706,19273214,137344716,137344716,0,0.024,0.046,0.059,0.018,0,64233593,1.0,11732632,11732632,,11.706,47756479,596267,1042518,3357926,4.07,4276373
GLDC,MRY,2014-12-31,2014-05-30,2014-05-30,2017-05-25,0,48316098,48867055,20834658,27481440,2.781,2.004,-2332162,1160630,1160630,69664620,921829,1.377,1.055,9813799,4869566,4944233,9813799,0,3778563,0,0.029,0.13,1930480,5709043,0.042,5709043,1930480,1593888,0.08,0.08,0.08,23512992,23823118,23512992,60744677,31,10.64,931566,0.079,1.0,66232275,0.487,0,336592,41835799,41475533,5659639,602353,0,602353,24803106,15133468,9669638,52210212,403519,0,0,938534,-1466581,-528047,-2332162,0,3263728,0,921829,921829,921829,0,0,0.007,64423360,1808915,3719102,1.625,2.22,56.638,55.625,25671344,0,4.45,0.384,0.384,11481024,18728462,135896895,135896895,0,0.019,0.039,0.047,0.014,0,63396380,1.0,11732632,11732632,,11.583,48316098,1395504,672059,4183880,4.118,5701190
GLDC,MRY,2015-12-31,2015-05-29,2015-05-29,2017-05-25,0,45405622,46253770,19313690,26091932,2.848,1.92,-2440644,1159449,1159449,66154484,1773841,1.393,1.094,10904939,4691426,6213513,10904939,0,0,0,0.032,0.13,3524614,3524614,0.027,3524614,3524614,3066430,0.15,0.15,0.15,21684674,22618764,21684674,56587661,16,16.055,1662526,0.147,1.0,65570237,0.498,0,458184,41282919,41008287,5242197,630259,0,630259,23720948,13868193,9852755,45844533,-1181,0,-2204375,1993471,-1452803,-1663707,-2440644,0,4103170,0,1773841,1773841,1773841,0,0,0.013,62440136,3130101,4049333,0.867,2.114,25.845,27.067,24488478,0,4.06,0.348,0.348,11225689,19049500,131724721,131724721,0,0.038,0.078,0.086,0.027,0,62489402,1.0,11291757,11291757,,11.666,45405622,476154,1292589,2717360,4.021,5445497
GLDC,MRY,2016-12-31,2016-06-03,2016-06-03,2017-05-25,0,43084906,44324398,19694341,23390565,3.065,2.092,-1126408,1993854,1993854,67595536,3184803,1.893,0.824,6396694,893428,5503266,6396694,0,0,0,0.023,0.13,5029639,5029639,0.037,5029639,5029639,4694077,0.28,0.28,0.28,23626328,22884086,23626328,71283399,14,14.173,6009447,0.532,1.0,68275044,0.503,0,335562,37085636,39523396,5735110,438429,0,438429,19458578,10402110,9056468,63233839,834405,0,0,-3678882,-1496160,-5175042,-1126408,0,7135855,0,3184803,3184803,3184803,0,0,0.023,63398959,4876085,4235488,0.464,2.676,19.855,20.0,22034603,0,5.6,0.465,0.465,10986986,20738143,135870580,135870580,0,0.072,0.139,0.127,0.037,0,63398959,1.0,11291757,11291757,,12.033,43084906,22473,1509274,2632762,3.816,9292231
