ticker,dimension,calendardate,datekey,reportperiod,lastupdated,accoci,assets,assetsavg,assetsc,assetsnc,assetturnover,bvps,capex,cashneq,cashnequsd,cor,consolinc,currentratio,de,debt,debtc,debtnc,debtusd,deferredrev,depamor,deposits,divyield,dps,ebit,ebitda,ebitdamargin,ebitdausd,ebitusd,ebt,eps,epsdil,epsusd,equity,equityavg,equityusd,ev,evebit,evebitda,fcf,fcfps,fxusd,gp,grossmargin,intangibles,intexp,invcap,invcapavg,inventory,investments,investmentsc,investmentsnc,liabilities,liabilitiesc,liabilitiesnc,marketcap,ncf,ncfbus,ncfcommon,ncfdebt,ncfdiv,ncff,ncfi,ncfinv,ncfo,ncfx,netinc,netinccmn,netinccmnusd,netincdis,netincnci,netmargin,opex,opinc,payables,payoutratio,pb,pe,pe1,ppnenet,prefdivis,price,ps,ps1,receivables,retearn,revenue,revenueusd,rnd,roa,roe,roic,ros,sbcomp,sgna,sharefactor,sharesbas,shareswa,shareswadil,sps,tangibles,taxassets,taxexp,taxliabilities,tbvps,workingcapital
GNE,MRY,2011-12-31,2011-07-31,2011-07-31,2018-05-10,,,,,,,,-151000,,,142171000,-2555000,,,,,,,,24000,,,0.0,10636000,10660000,0.054,10660000,10636000,8575000,0.08,0.07,0.08,,,,,,,5325000,0.261,1.0,53847000,0.275,,2061000,,,,,,,,,,,10734000,0,0,0,0,9043000,-3785000,-3943000,5476000,0,1630000,1630000,1630000,0,-4185000,0.008,42250000,11597000,,0.0,,,,,0,,,,,,196018000,196018000,7843000,,,,0.054,751000,33792000,1.0,,20365000,22342000,9.625,,,6945000,,,
GNE,MRY,2012-12-31,2012-12-31,2012-12-31,2018-05-10,270000,150306000,147400250,141201000,9105000,1.557,6.226,-91000,82455000,82455000,159872000,-2535000,4.384,0.263,0,0,0,0,1472000,124000,0,0.019,0.133,2562000,2686000,0.012,2686000,2562000,-351000,-0.17,-0.17,-0.17,122490000,123325000,122490000,79104316,30,29.451,-1099000,-0.053,1.0,69587000,0.303,3663000,2913000,31979000,24525500,2644000,10487000,10485000,2000,32209000,32209000,0,163149316,-32811000,0,-199000,0,-4205000,-14421000,-17741000,-17475000,-1008000,359000,-3281000,-3492000,-3492000,0,746000,-0.015,63508000,6079000,21241000,-0.782,1.332,-46.721,-41.765,409000,211000,7.1,0.711,0.64,40932000,28375000,229459000,229459000,9365000,-0.024,-0.028,0.104,0.011,3429000,54000000,1.0,22978777,20687000,20687000,11.092,146643000,599000,2930000,1244000,7.454,108992000
GNE,MRY,2013-12-31,2013-12-31,2013-12-31,2018-05-10,745000,158843000,149394000,146092000,12751000,1.869,5.928,-313000,92657000,92657000,213416000,-5341000,3.622,0.351,0,0,0,0,1103000,110000,0,0.0,0.0,69000,179000,0.001,179000,69000,-3148000,-0.36,-0.36,-0.36,121132000,120330250,121132000,128799797,1866,719.552,907000,0.046,1.0,65758000,0.236,7349000,3217000,18503000,24572750,3822000,1127000,0,1127000,42503000,40334000,2169000,216454797,4476000,-772000,-176000,0,-1131000,-927000,3771000,4856000,1220000,412000,-5903000,-7126000,-7126000,0,562000,-0.026,62382000,3376000,25843000,0.0,1.787,-30.375,-28.361,561000,1223000,10.21,0.775,0.719,42926000,21552000,279174000,279174000,11389000,-0.048,-0.059,0.003,0.0,4180000,49749000,1.0,21200274,19668000,19668000,14.194,151494000,840000,2755000,2075000,7.414,105758000
GNE,MRY,2014-12-31,2014-12-31,2014-12-31,2018-05-10,10000,152928000,150984250,140909000,12019000,1.861,5.827,-1437000,87173000,87173000,231586000,-27407000,4.392,0.269,0,0,0,0,403000,132000,0,0.01,0.06,-26391000,-26259000,-0.093,-26259000,-26391000,-26391000,-1.31,-1.31,-1.31,125021000,122184000,125021000,49967967,-1,-1.903,-20539000,-0.966,1.0,49377000,0.176,3663000,0,30010000,30408750,11166000,1023000,0,1023000,33585000,32082000,1503000,151866967,-1990000,0,23510000,0,-2825000,19547000,-1840000,-403000,-19102000,-595000,-26486000,-27902000,-27902000,0,-921000,-0.099,77364000,-27987000,15423000,-0.046,1.215,-5.443,-4.718,1902000,1416000,6.18,0.541,0.468,31427000,-7759000,280963000,280963000,12509000,-0.185,-0.228,-0.868,-0.094,10758000,61682000,1.0,24573943,21256000,21256000,13.218,149265000,1463000,95000,543000,6.956,108827000
GNE,MRY,2015-12-31,2015-12-31,2015-12-31,2018-05-10,154000,155815000,151815750,114624000,41191000,1.403,5.567,-27293000,58530000,58530000,146409000,-8636000,3.052,0.333,2000000,0,2000000,2000000,1055000,428000,0,0.011,0.12,-6922000,-6494000,-0.03,-6494000,-6922000,-6932000,-0.4,-0.4,-0.4,123377000,123661500,123377000,206731197,-29,-31.834,-30374000,-1.372,1.0,66647000,0.313,3813000,10000,57920000,46253500,11440000,1802000,0,1802000,41118000,37552000,3566000,274477197,-33109000,0,2059000,2000000,-4431000,1595000,-31625000,-4332000,-3081000,2000,-7457000,-8938000,-8938000,0,-1179000,-0.042,74762000,-8115000,13080000,-0.3,2.225,-30.709,-27.875,28225000,1481000,11.15,1.288,1.158,27222000,-19647000,213056000,213056000,8568000,-0.059,-0.072,-0.15,-0.032,5229000,66011000,1.0,24616789,22135000,22135000,9.625,152002000,1642000,525000,923000,6.859,77072000
GNE,MRY,2016-12-31,2016-12-31,2016-12-31,2018-05-10,1465000,121813000,141084250,97810000,24003000,1.503,4.231,-13443000,46005000,46005000,135172000,-32192000,2.377,0.435,711000,711000,0,711000,0,581000,0,0.042,0.24,-22288000,-21707000,-0.102,-21707000,-22288000,-22307000,-1.14,-1.14,-1.14,96534000,114150500,96534000,89104060,-3,-4.105,2107000,0.092,1.0,76940000,0.363,13005000,19000,22369000,44531750,5989000,1047000,0,1047000,41948000,41145000,803000,141720060,-3594000,-4998000,-29000,-3040000,-7395000,-9691000,-9528000,8913000,15550000,75000,-24525000,-26006000,-26006000,0,-7667000,-0.123,108267000,-31327000,17415000,-0.211,1.468,-5.45,-5.044,1617000,1481000,5.75,0.668,0.618,36858000,-51567000,212112000,212112000,5819000,-0.184,-0.228,-0.5,-0.105,4813000,61569000,1.0,24646967,22804000,22804000,9.302,108808000,1781000,2218000,2426000,4.769,56665000
GNE,MRY,2017-12-31,2017-12-31,2017-12-31,2018-05-10,3045000,125778000,122891500,90162000,35616000,2.15,3.554,-8823000,29913000,29913000,178693000,-8648000,1.647,0.698,2513000,0,2513000,2513000,0,2140000,0,0.069,0.3,-4958000,-2818000,-0.011,-2818000,-4958000,-5268000,-0.36,-0.36,-0.36,84013000,89218000,84013000,81237645,-16,-28.828,464000,0.02,1.0,85509000,0.324,14857000,310000,28780000,28528750,3986000,4946000,0,4946000,58650000,54741000,3909000,108321645,-5279000,-8150000,-721000,1795000,-8908000,1854000,-16528000,445000,9287000,108000,-6994000,-8475000,-8475000,0,-1654000,-0.032,91851000,-6342000,21296000,-0.833,1.289,-12.781,-12.111,4020000,1481000,4.36,0.41,0.388,44629000,-67469000,264202000,264202000,4879000,-0.069,-0.095,-0.174,-0.019,5213000,80122000,1.0,24844414,23531000,23531000,11.228,110921000,2141000,1726000,2204000,4.692,35421000
