ticker,dimension,calendardate,datekey,reportperiod,lastupdated,accoci,assets,assetsavg,assetsc,assetsnc,assetturnover,bvps,capex,cashneq,cashnequsd,cor,consolinc,currentratio,de,debt,debtc,debtnc,debtusd,deferredrev,depamor,deposits,divyield,dps,ebit,ebitda,ebitdamargin,ebitdausd,ebitusd,ebt,eps,epsdil,epsusd,equity,equityavg,equityusd,ev,evebit,evebitda,fcf,fcfps,fxusd,gp,grossmargin,intangibles,intexp,invcap,invcapavg,inventory,investments,investmentsc,investmentsnc,liabilities,liabilitiesc,liabilitiesnc,marketcap,ncf,ncfbus,ncfcommon,ncfdebt,ncfdiv,ncff,ncfi,ncfinv,ncfo,ncfx,netinc,netinccmn,netinccmnusd,netincdis,netincnci,netmargin,opex,opinc,payables,payoutratio,pb,pe,pe1,ppnenet,prefdivis,price,ps,ps1,receivables,retearn,revenue,revenueusd,rnd,roa,roe,roic,ros,sbcomp,sgna,sharefactor,sharesbas,shareswa,shareswadil,sps,tangibles,taxassets,taxexp,taxliabilities,tbvps,workingcapital
GRVY,MRY,2011-12-31,2011-12-31,2011-12-31,2018-04-28,3042000000,132878000000,129184000000,71833000000,61045000000,0.445,14654.694,-6309000000,42430000000,36608617,24243000000,12757000000,5.955,0.218,0,0,0,0,12120000000,4088000000,0,0.0,0.0,7024000000,11112000000,0.193,9587437,6060309,6966000000,1074.0,1074.0,0.927,101834000000,94625000000,87862407,120167171,19,12.534,-5130000000,-738.246,1159.017,33234000000,0.578,42163000000,58000000,36223000000,30847500000,0,16444000000,15000000000,1444000000,22219000000,12062000000,10157000000,161214480,-1692000000,-515000000,0,-168000000,0,-168000000,-2793000000,2798000000,1179000000,90000000,14928000000,14928000000,12879883,0,-2171000000,0.26,30621000000,2613000000,5552000000,0.0,1.835,12.517,12.518,2731000000,0,11.6,3.251,1.625,6436000000,19923000000,57477000000,49591173,4136000000,0.116,0.158,0.228,0.122,0,22759000000,2.0,6948900,6948900,6948900,7.137,90715000000,11370000000,-7962000000,1517000000,13054.584,59771000000
GRVY,MRY,2012-12-31,2012-12-31,2012-12-31,2018-04-28,3001000000,110555000000,121716500000,67929000000,42626000000,0.475,12889.666,-4168000000,36455000000,34245501,34906000000,-20540000000,6.547,0.229,0,0,0,0,12178000000,8339000000,0,0.0,0.0,-9585000000,-1246000000,-0.022,-1170481,-9004063,-9640000000,-879.5,-879.5,-0.826,89569000000,95701500000,84140317,110412700,-12,-94.331,-4894000000,-704.284,1064.519,22875000000,0.396,24270000000,55000000,39455000000,37839000000,0,18147000000,17500000000,647000000,20477000000,10375000000,10102000000,147872592,-5975000000,-23000000,0,125000000,0,125000000,-5192000000,-1411000000,-726000000,-182000000,-12224000000,-12224000000,-11483116,0,-8316000000,-0.212,41897000000,-19022000000,5115000000,0.0,1.757,-12.877,-12.878,3524000000,0,10.64,2.724,1.362,7116000000,7699000000,57781000000,54278954,7018000000,-0.1,-0.128,-0.253,-0.166,0,20310000000,2.0,6948900,6948900,6948900,7.811,86285000000,11092000000,2584000000,0,12417.073,57554000000
GRVY,MRY,2013-12-31,2013-12-31,2013-12-31,2018-04-28,1674000000,87765000000,99160000000,58651000000,29114000000,0.481,9977.838,-1467000000,31222000000,29656154,35399000000,-19751000000,5.145,0.271,0,0,0,0,12657000000,7832000000,0,0.0,0.0,-13439000000,-5607000000,-0.118,-5325797,-12765007,-13480000000,-1337.5,-1337.5,-1.27,69335000000,79452000000,65857711,69653197,-5,-13.078,-4711000000,-677.949,1052.8,12286000000,0.258,13919000000,41000000,31224000000,35339500000,0,18000000000,18000000000,0,18765000000,11400000000,7365000000,102398990,-5233000000,0,0,-619000000,0,-619000000,-1234000000,150000000,-3244000000,-136000000,-18588000000,-18588000000,-17655774,0,-1163000000,-0.39,29016000000,-16730000000,4374000000,0.0,1.555,-5.8,-5.8,2315000000,0,7.368,2.261,1.13,5333000000,-10889000000,47685000000,45293502,6131000000,-0.187,-0.234,-0.38,-0.282,0,17063000000,2.0,6948900,6948900,6948900,6.518,73846000000,8606000000,5108000000,0,10627.006,47251000000
GRVY,MRY,2014-12-31,2014-12-31,2014-12-31,2018-04-28,1521000000,63096000000,75430500000,50692000000,12404000000,0.529,6947.143,3000000,28382000000,25936531,34188000000,-20999000000,5.253,0.316,0,0,0,0,10995000000,5617000000,0,0.0,0.0,-10749000000,-5132000000,-0.129,-4689813,-9822837,-10760000000,-1504.5,-1504.5,-1.375,48275000000,58805000000,44115497,36467685,-3,-7.776,-6144000000,-884.169,1094.287,5701000000,0.143,9973000000,11000000,15090000000,23157000000,0,14500000000,14500000000,0,15248000000,9651000000,5597000000,66698321,-2840000000,0,0,-144000000,0,-144000000,3483000000,3541000000,-6147000000,-32000000,-20907000000,-20907000000,-19105597,0,-92000000,-0.524,17530000000,-11829000000,2713000000,0.0,1.512,-3.491,-3.491,1213000000,0,4.799,1.83,0.915,5159000000,-31796000000,39889000000,36452057,4847000000,-0.277,-0.356,-0.464,-0.269,0,12682000000,2.0,6948900,6948900,6948900,5.246,53123000000,0,10147000000,0,7644.807,41041000000
GRVY,MRY,2015-12-31,2015-12-31,2015-12-31,2018-04-28,0,45875000000,54485500000,43458000000,2417000000,0.654,4407.028,-412000000,24909000000,21198217,30282000000,-17029000000,4.936,0.514,0,0,0,0,11598000000,4763000000,0,0.0,0.0,-15610000000,-10847000000,-0.304,-9231083,-13284522,-15614000000,-1220.5,-1220.5,-1.039,30624000000,39449500000,26061833,17478460,-1,-1.893,-6390000000,-919.57,1175.052,5378000000,0.151,392000000,4000000,11769000000,13429500000,0,11500000000,11500000000,0,15738000000,8805000000,6933000000,43917048,-3473000000,0,0,-117000000,0,-117000000,2595000000,3007000000,-5978000000,27000000,-16965000000,-16965000000,-14437663,0,-64000000,-0.476,22607000000,-17229000000,2535000000,0.0,1.685,-3.042,-3.042,650000000,0,3.16,1.447,0.724,5449000000,-16477000000,35660000000,30347602,5277000000,-0.311,-0.43,-1.162,-0.438,0,11481000000,2.0,6948900,6948900,6948900,4.367,45483000000,0,1351000000,120000000,6545.353,34653000000
GRVY,MRY,2016-12-31,2016-12-31,2016-12-31,2018-04-28,0,55744000000,50809500000,53593000000,2151000000,1.012,4490.495,-165000000,16720000000,13858899,29587000000,587000000,2.591,0.804,0,0,0,0,13785000000,0,0,0.0,0.0,5500000000,5500000000,0.107,4558848,4558848,3827000000,47.5,47.5,0.039,31204000000,30914000000,25864419,124638929,27,27.34,2329000000,335.161,1206.445,21809000000,0.424,234000000,1673000000,18104000000,14936500000,0,22000000000,22000000000,0,25097000000,20686000000,4411000000,146620400,-8189000000,0,0,0,0,0,-10667000000,-10494000000,2494000000,-16000000,587000000,587000000,486553,0,0,0.011,17950000000,3859000000,9723000000,0.0,5.669,301.345,267.955,478000000,0,10.55,3.442,1.721,12529000000,-94000000,51396000000,42601196,1973000000,0.012,0.019,0.368,0.107,0,15977000000,2.0,6948900,6948900,6948900,6.131,55510000000,0,3240000000,208000000,7988.315,32907000000
GRVY,MRY,2017-12-31,2017-12-31,2017-12-31,2018-04-28,0,115883000000,85813500000,108871000000,7012000000,1.65,6412.526,-2062000000,39095000000,36677924,94234000000,13314000000,1.682,1.613,0,0,0,0,22681000000,0,0,0.0,0.0,15910000000,15910000000,0.112,14926353,14926353,14458000000,958.5,958.5,0.899,44560000000,37882000000,41805047,1298519930,86,86.995,24074000000,3464.433,1065.9,47389000000,0.335,1036000000,1452000000,11008000000,14556000000,0,22500000000,22500000000,0,71885000000,64744000000,7141000000,1313342100,22375000000,0,0,0,0,0,-2982000000,-497000000,26136000000,-779000000,13314000000,13314000000,12490852,0,0,0.094,33251000000,14138000000,44410000000,0.0,31.416,105.144,105.089,946000000,0,94.5,9.885,4.942,42866000000,13962000000,141623000000,132867060,5239000000,0.155,0.351,1.093,0.112,0,28012000000,2.0,6948900,6948900,,19.121,114847000000,3036000000,1144000000,1628000000,16527.364,44127000000
