ticker,dimension,calendardate,datekey,reportperiod,lastupdated,accoci,assets,assetsavg,assetsc,assetsnc,assetturnover,bvps,capex,cashneq,cashnequsd,cor,consolinc,currentratio,de,debt,debtc,debtnc,debtusd,deferredrev,depamor,deposits,divyield,dps,ebit,ebitda,ebitdamargin,ebitdausd,ebitusd,ebt,eps,epsdil,epsusd,equity,equityavg,equityusd,ev,evebit,evebitda,fcf,fcfps,fxusd,gp,grossmargin,intangibles,intexp,invcap,invcapavg,inventory,investments,investmentsc,investmentsnc,liabilities,liabilitiesc,liabilitiesnc,marketcap,ncf,ncfbus,ncfcommon,ncfdebt,ncfdiv,ncff,ncfi,ncfinv,ncfo,ncfx,netinc,netinccmn,netinccmnusd,netincdis,netincnci,netmargin,opex,opinc,payables,payoutratio,pb,pe,pe1,ppnenet,prefdivis,price,ps,ps1,receivables,retearn,revenue,revenueusd,rnd,roa,roe,roic,ros,sbcomp,sgna,sharefactor,sharesbas,shareswa,shareswadil,sps,tangibles,taxassets,taxexp,taxliabilities,tbvps,workingcapital
GSIT,MRY,2011-12-31,2011-03-31,2011-03-31,2018-02-02,83000,141917000,133594500,95711000,46206000,0.732,4.378,-4300000,25952000,25952000,53009000,18876000,6.106,0.138,0,0,0,0,5248000,2794000,0,0.0,0.0,23861000,26655000,0.273,26655000,23861000,23861000,0.67,0.64,0.67,124680000,114398750,124680000,233584407,9,8.763,9047000,0.323,1.0,44754000,0.458,0,0,100289000,92606000,21380000,56971000,26033000,30938000,17237000,15676000,1561000,257803407,1294000,0,4598000,0,0,5480000,-17533000,-13233000,13347000,0,18876000,18876000,18876000,0,0,0.193,21354000,23400000,5638000,0.0,2.068,13.658,13.567,13545000,0,9.09,2.637,2.605,15042000,67505000,97763000,97763000,10632000,0.141,0.165,0.258,0.244,830000,10722000,1.0,28361211,28013000,29685000,3.49,141917000,1729000,4985000,1561000,4.983,80035000
GSIT,MRY,2012-12-31,2012-03-31,2012-03-31,2018-02-02,88000,143117000,145587000,95187000,47930000,0.567,4.624,-1679000,31634000,31634000,45891000,6756000,7.613,0.111,0,0,0,0,2670000,2611000,0,0.0,0.0,7181000,9792000,0.119,9792000,7181000,7181000,0.24,0.23,0.24,128779000,129879250,128779000,89018302,12,9.091,15279000,0.536,1.0,36649000,0.444,0,0,98980000,101935250,16725000,60541000,27044000,33497000,14338000,12503000,1835000,118391302,5682000,0,-4833000,0,0,-4758000,-6518000,-4839000,16958000,0,6756000,6756000,6756000,0,0,0.082,29993000,6656000,5490000,0.0,0.919,17.524,17.667,12806000,0,4.24,1.434,1.464,10579000,74261000,82540000,82540000,10637000,0.046,0.052,0.07,0.087,2021000,19356000,1.0,27922477,28497000,29496000,2.896,143117000,1097000,425000,1835000,5.139,82684000
GSIT,MRY,2013-12-31,2013-03-31,2013-03-31,2018-02-02,45000,145845000,142215000,97478000,48367000,0.464,4.888,-385000,41120000,41120000,37426000,3846000,8.977,0.103,0,0,0,0,3077000,2375000,0,0.0,0.0,3884000,6259000,0.095,6259000,3884000,3884000,0.14,0.14,0.14,132183000,130085500,132183000,145444217,37,23.238,14326000,0.528,1.0,28588000,0.433,0,0,93866000,97595250,13809000,61634000,26139000,35495000,13662000,10859000,2803000,178040217,9486000,0,-2769000,0,0,-2677000,-2548000,-2163000,14711000,0,3846000,3846000,3846000,0,0,0.058,25168000,3420000,3804000,0.0,1.347,46.292,47.071,10774000,0,6.59,2.697,2.708,10241000,78107000,66014000,66014000,11472000,0.027,0.03,0.04,0.059,2186000,13696000,1.0,27016725,27124000,28077000,2.434,145845000,1224000,38000,2803000,5.394,86619000
GSIT,MRY,2014-12-31,2014-03-31,2014-03-31,2018-02-02,33000,141677000,145239000,102507000,39170000,0.403,4.662,-761000,41520000,41520000,32469000,-6189000,8.66,0.104,0,0,0,0,2523000,1981000,0,0.0,0.0,-5476000,-3495000,-0.06,-3495000,-5476000,-5476000,-0.23,-0.23,-0.23,128378000,132668750,128378000,148081871,-27,-42.37,7686000,0.279,1.0,26110000,0.446,0,0,88320000,91098000,8185000,68231000,39412000,28819000,13299000,11837000,1462000,190121871,400000,0,201000,0,0,168000,-8215000,-7454000,8447000,0,-6189000,-6189000,-6189000,0,0,-0.106,31924000,-5814000,4870000,0.0,1.481,-30.719,-30.043,9683000,0,6.91,3.246,3.244,8238000,71918000,58579000,58579000,13110000,-0.043,-0.047,-0.06,-0.093,2261000,18814000,1.0,27514019,27505000,27505000,2.13,141677000,0,713000,1462000,5.145,90670000
GSIT,MRY,2015-12-31,2015-03-31,2015-03-31,2018-02-02,26000,108889000,118463500,77943000,30946000,0.452,4.13,-481000,36776000,36776000,28375000,-4978000,6.654,0.13,0,0,0,0,2815000,1633000,0,0.0,0.0,-5653000,-4020000,-0.075,-4020000,-5653000,-5653000,-0.2,-0.2,-0.2,96396000,106503250,96396000,97127822,-17,-24.161,640000,0.026,1.0,25123000,0.47,393000,0,60007000,68601500,8412000,43941000,22201000,21740000,12493000,11713000,780000,137980822,-4744000,0,-29074000,0,0,-29074000,23209000,23690000,1121000,0,-4978000,-4978000,-4978000,0,0,-0.093,31164000,-6041000,2961000,0.0,1.431,-27.718,-29.5,8708000,0,5.9,2.579,2.76,8257000,66940000,53498000,53498000,11917000,-0.042,-0.047,-0.082,-0.106,2077000,19247000,1.0,23386580,25029000,25029000,2.137,108496000,0,-675000,780000,4.648,66230000
GSIT,MRY,2016-12-31,2016-03-31,2016-03-31,2018-02-02,27000,106530000,106158000,71962000,34568000,0.497,4.059,-1158000,31963000,31963000,25999000,-2170000,7.786,0.185,0,0,0,0,2330000,1459000,0,0.0,0.0,-2811000,-1352000,-0.026,-1352000,-2811000,-2811000,-0.1,-0.1,-0.1,89869000,92405000,89869000,60885818,-21,-45.034,-698000,-0.031,1.0,26737000,0.507,11681000,0,53644000,56234000,7174000,34297000,23149000,11148000,16661000,9242000,7419000,91610818,-4813000,-4359000,-6208000,0,0,-6208000,935000,9436000,460000,0,-2170000,-2170000,-2170000,0,0,-0.041,29758000,-3021000,2514000,0.0,1.019,-42.217,-41.0,8653000,0,4.1,1.737,1.757,7478000,64770000,52736000,52736000,12095000,-0.02,-0.023,-0.05,-0.053,1850000,17663000,1.0,22344102,22593000,22593000,2.334,94849000,0,-641000,927000,4.283,62720000
GSIT,MRY,2017-12-31,2017-03-31,2017-03-31,2018-02-02,-62000,102595000,102492250,68272000,34323000,0.47,4.219,-219000,33736000,33736000,21764000,-115000,6.518,0.187,0,0,0,0,1796000,1532000,0,0.0,0.0,-49000,1483000,0.031,1483000,-49000,-49000,-0.01,-0.01,-0.01,86444000,86301500,86444000,146843416,-2996,99.018,1834000,0.089,1.0,26416000,0.548,11280000,0,47105000,50575000,9211000,29097000,16199000,12898000,16151000,10474000,5677000,177338416,1773000,0,-5098000,0,0,-5098000,4818000,5037000,2053000,0,-115000,-115000,-115000,0,0,-0.002,26943000,-527000,1627000,0.0,2.051,-1542.073,-870.0,7689000,0,8.7,3.681,3.729,6349000,64655000,48180000,48180000,15803000,-0.001,-0.001,-0.001,-0.001,1877000,11140000,1.0,20383726,20652000,20652000,2.333,91315000,0,66000,259000,4.457,57798000
