ticker,dimension,calendardate,datekey,reportperiod,lastupdated,accoci,assets,assetsavg,assetsc,assetsnc,assetturnover,bvps,capex,cashneq,cashnequsd,cor,consolinc,currentratio,de,debt,debtc,debtnc,debtusd,deferredrev,depamor,deposits,divyield,dps,ebit,ebitda,ebitdamargin,ebitdausd,ebitusd,ebt,eps,epsdil,epsusd,equity,equityavg,equityusd,ev,evebit,evebitda,fcf,fcfps,fxusd,gp,grossmargin,intangibles,intexp,invcap,invcapavg,inventory,investments,investmentsc,investmentsnc,liabilities,liabilitiesc,liabilitiesnc,marketcap,ncf,ncfbus,ncfcommon,ncfdebt,ncfdiv,ncff,ncfi,ncfinv,ncfo,ncfx,netinc,netinccmn,netinccmnusd,netincdis,netincnci,netmargin,opex,opinc,payables,payoutratio,pb,pe,pe1,ppnenet,prefdivis,price,ps,ps1,receivables,retearn,revenue,revenueusd,rnd,roa,roe,roic,ros,sbcomp,sgna,sharefactor,sharesbas,shareswa,shareswadil,sps,tangibles,taxassets,taxexp,taxliabilities,tbvps,workingcapital
GSL,MRY,2011-12-31,2011-12-31,2011-12-31,2018-03-29,0,939535000,960278500,45504000,894031000,0.163,6.113,-7861000,28841000,28841000,45517000,9071000,0.647,1.811,528927000,61920000,467007000,528927000,0,40131000,0,0.0,0.0,29709000,69840000,0.447,69840000,29709000,9145000,0.19,0.19,0.19,334200000,329382000,334200000,644527925,21,9.229,67011000,1.226,1.0,110751000,0.709,92000,20564000,1369251000,1405518000,0,0,0,0,605335000,70278000,535057000,98710925,-2546000,0,0,-49157000,0,-50164000,-27254000,0,74872000,0,9071000,9071000,9071000,0,0,0.058,60824000,49927000,1286000,0.0,0.295,10.882,9.526,890303000,0,1.81,0.632,0.633,14750000,-18205000,156268000,156268000,0,0.009,0.028,0.021,0.19,565000,7384000,1.0,54536423,54668505,54853968,2.858,939443000,29000,74000,0,17.184,-24774000
GSL,MRY,2012-12-31,2012-12-31,2012-12-31,2018-03-29,0,903680000,921607500,44018000,859662000,0.166,6.677,-5914000,26148000,26148000,45588000,31928000,0.582,1.465,461267000,62797000,398470000,461267000,0,40343000,0,0.0,0.0,53234000,93577000,0.611,93577000,53234000,32056000,0.67,0.67,0.67,366588000,350394000,366588000,661403605,12,7.068,77784000,1.417,1.0,107617000,0.702,73000,21178000,1263038000,1316144500,0,0,0,0,537092000,75688000,461404000,161317605,331000,0,0,-57936000,0,-59051000,-24316000,-18402000,83698000,0,31928000,31928000,31928000,0,0,0.208,45785000,61832000,5353000,0.0,0.44,5.053,4.388,856423000,0,2.94,1.053,1.054,15582000,13723000,153205000,153205000,0,0.035,0.091,0.04,0.347,460000,5784000,1.0,54869934,54906626,55017613,2.79,903607000,0,128000,0,16.457,-31670000
GSL,MRY,2013-12-31,2013-12-31,2013-12-31,2018-03-29,0,858247000,880963500,38388000,819859000,0.163,7.261,-2596000,24539000,24539000,46048000,32518000,0.555,1.148,387655000,58886000,328769000,387655000,0,40385000,0,0.0,0.0,51461000,91846000,0.641,91846000,51461000,32615000,0.68,0.68,0.68,399466000,383027000,399466000,764994798,14,8.329,71748000,1.304,1.0,97164000,0.678,95000,18846000,1152087000,1207562500,0,0,0,0,458781000,69181000,389600000,329875798,-1609000,0,0,-59310000,0,-59310000,-16643000,-14045000,74344000,0,32518000,32518000,32518000,0,0,0.227,46004000,51160000,1289000,0.0,0.826,10.144,8.838,817882000,0,6.01,2.303,2.309,7121000,46241000,143212000,143212000,0,0.037,0.085,0.043,0.359,360000,6030000,1.0,54887820,55013706,55173222,2.603,858152000,0,97000,0,15.599,-30793000
GSL,MRY,2014-12-31,2014-12-31,2014-12-31,2018-03-29,0,873714000,865980500,36697000,837017000,0.16,7.949,-57927000,33295000,33295000,48770000,6110000,1.837,0.994,401869000,0,401869000,401869000,462000,41059000,0,0.0,0.0,50057000,91116000,0.657,91116000,50057000,6185000,0.1,0.1,0.1,438136000,418801000,438136000,610255505,12,6.698,2976000,0.054,1.0,89845000,0.648,67000,43872000,1222239000,1187163000,553000,0,0,0,435578000,19982000,415596000,247139505,8759000,0,0,47334000,0,27936000,-80080000,-22146000,60903000,0,6110000,4996000,4996000,0,0,0.036,47571000,42274000,2123000,0.0,0.564,49.467,45.0,836543000,1114000,4.5,1.783,1.789,2240000,51237000,138615000,138615000,0,0.006,0.012,0.042,0.361,177000,7022000,1.0,54919890,55116269,55229692,2.515,873647000,0,75000,0,15.851,16715000
GSL,MRY,2015-12-31,2015-12-31,2015-12-31,2018-03-29,0,904920000,889317000,57631000,847289000,0.185,7.189,-101222000,53591000,53591000,50104000,-28875000,1.075,1.281,478073000,35160000,442913000,478073000,796000,44859000,0,0.077,0.2,19315000,64174000,0.389,64174000,19315000,-28837000,-0.67,-0.67,-0.67,396766000,417451000,396766000,524386744,27,8.171,-38885000,-0.705,1.0,114815000,0.696,39000,48152000,1275731000,1248985000,610000,0,0,0,508154000,53632000,454522000,142899744,20296000,0,0,72725000,-9508000,59184000,-101225000,0,62337000,0,-28875000,-31937000,-31937000,0,0,-0.194,95562000,19253000,1878000,-0.299,0.36,-4.474,-3.881,846944000,3062000,2.6,0.866,0.87,2329000,9792000,164919000,164919000,0,-0.036,-0.077,0.015,0.117,75000,6478000,1.0,54961440,55191344,55191344,2.988,904881000,0,38000,0,16.395,3999000
GSL,MRY,2016-12-31,2016-12-31,2016-12-31,2018-03-29,0,776257000,840588500,56929000,719328000,0.198,5.952,-6935000,54243000,54243000,45695000,-65095000,1.169,1.36,419873000,31026000,388847000,419873000,1940000,42805000,0,0.0,0.0,-20282000,22523000,0.135,22523000,-20282000,-65049000,-1.42,-1.42,-1.42,328893000,362829500,328893000,506924160,-24,22.507,64217000,1.162,1.0,120828000,0.726,16000,44767000,1093156000,1184443500,553000,0,0,0,447364000,48715000,398649000,82442160,652000,0,0,-60497000,0,-63559000,-6941000,0,71152000,0,-65095000,-68157000,-68157000,0,0,-0.409,141308000,-20480000,2278000,0.0,0.251,-1.21,-1.056,719117000,3062000,1.5,0.495,0.498,987000,-58365000,166523000,166523000,0,-0.081,-0.188,-0.017,-0.122,283000,6297000,1.0,54961440,55260307,55260307,3.013,776241000,0,46000,0,14.047,8214000
GSL,MRY,2017-12-31,2017-12-31,2017-12-31,2018-03-29,0,675184000,725720500,77388000,597796000,0.219,4.543,-4887000,73266000,73266000,43457000,-74266000,1.357,1.684,398515000,40000000,358515000,398515000,2178000,37981000,0,0.0,0.0,-14835000,23146000,0.146,23146000,-14835000,-74226000,-1.61,-1.61,-1.61,251605000,290249000,251605000,429424855,-28,18.553,52931000,0.956,1.0,115531000,0.727,7000,59391000,943390000,1018273000,742000,0,0,0,423579000,57036000,366543000,63794855,19023000,0,0,-18163000,0,-33900000,-4895000,0,57818000,0,-74266000,-77328000,-77328000,0,0,-0.486,130855000,-15324000,4299000,0.0,0.254,-0.825,-0.72,597789000,3062000,1.16,0.401,0.404,2462000,-135693000,158988000,158988000,0,-0.107,-0.266,-0.015,-0.093,272000,5301000,1.0,54995565,55381845,55381845,2.871,675177000,0,40000,0,12.191,20352000
