ticker,dimension,calendardate,datekey,reportperiod,lastupdated,accoci,assets,assetsavg,assetsc,assetsnc,assetturnover,bvps,capex,cashneq,cashnequsd,cor,consolinc,currentratio,de,debt,debtc,debtnc,debtusd,deferredrev,depamor,deposits,divyield,dps,ebit,ebitda,ebitdamargin,ebitdausd,ebitusd,ebt,eps,epsdil,epsusd,equity,equityavg,equityusd,ev,evebit,evebitda,fcf,fcfps,fxusd,gp,grossmargin,intangibles,intexp,invcap,invcapavg,inventory,investments,investmentsc,investmentsnc,liabilities,liabilitiesc,liabilitiesnc,marketcap,ncf,ncfbus,ncfcommon,ncfdebt,ncfdiv,ncff,ncfi,ncfinv,ncfo,ncfx,netinc,netinccmn,netinccmnusd,netincdis,netincnci,netmargin,opex,opinc,payables,payoutratio,pb,pe,pe1,ppnenet,prefdivis,price,ps,ps1,receivables,retearn,revenue,revenueusd,rnd,roa,roe,roic,ros,sbcomp,sgna,sharefactor,sharesbas,shareswa,shareswadil,sps,tangibles,taxassets,taxexp,taxliabilities,tbvps,workingcapital
GWW,MRY,2011-12-31,2011-12-31,2011-12-31,2018-04-28,-28738000,4716062000,4350141500,2694900000,2021162000,1.857,38.975,-189664000,335491000,335491000,4567393000,666412000,1.942,0.731,516564000,341509000,175055000,516564000,0,149200000,0,0.013,2.52,1052629000,1201829000,0.149,1201829000,1052629000,1043538000,9.26,9.07,9.26,2724279000,2582454750,2724279000,13302814184,12,11.069,556444000,7.984,1.0,3510792000,0.435,860037000,9091000,2649173000,2605015500,1268647000,0,0,0,1991783000,1387925000,603858000,13056051184,22037000,-359296000,-66745000,17728000,-180527000,-177446000,-535068000,0,746108000,-11557000,658423000,658423000,658423000,0,7989000,0.082,2458363000,1052429000,477648000,0.272,4.792,19.829,20.215,1060295000,0,187.19,1.616,1.615,888697000,4806110000,8078185000,8078185000,0,0.151,0.255,0.404,0.13,54020000,2458363000,1.0,69747589,69690854,71176158,115.915,3856025000,202814000,385115000,123374000,55.166,1306975000
GWW,MRY,2012-12-31,2012-12-31,2012-12-31,2018-04-28,53578000,5014598000,4877715000,2900640000,2113958000,1.835,44.817,-249860000,452063000,452063000,5033885000,698849000,2.686,0.609,564644000,97596000,467048000,564644000,0,159049000,0,0.015,3.06,1124899000,1283948000,0.143,1283948000,1124899000,1108821000,9.71,9.52,9.71,3117366000,2963357500,3117366000,14204902738,12,11.063,566335000,8.112,1.0,3916160000,0.438,917849000,16078000,3129327000,3083388750,1301935000,0,0,0,1897232000,1080003000,817229000,14063616738,116572000,-64808000,-268448000,36204000,-220077000,-394436000,-305656000,0,816195000,469000,689881000,689881000,689881000,0,8968000,0.077,2785035000,1131125000,428782000,0.315,4.511,20.386,20.841,1144573000,0,202.37,1.571,1.579,940020000,5278577000,8950045000,8950045000,0,0.141,0.233,0.365,0.126,55500000,2785035000,1.0,69494573,69811881,71181733,128.202,4096749000,147744000,418940000,132221000,58.898,1820637000
GWW,MRY,2013-12-31,2013-12-31,2013-12-31,2018-04-28,28914000,5266328000,5140435000,3044285000,2222043000,1.836,48.121,-272145000,430644000,430644000,5301275000,807749000,2.546,0.583,542799000,97286000,445513000,542799000,0,180613000,0,0.014,3.59,1290111000,1470724000,0.156,1470724000,1290111000,1276886000,11.31,11.13,11.31,3326836000,3289090000,3326836000,17737794968,13,12.061,714353000,10.285,1.0,4136483000,0.438,997272000,13225000,3185421000,3189433500,1305520000,0,0,0,1939492000,1195790000,743702000,17729138968,-21419000,-153915000,-369061000,-26326000,-255466000,-590869000,-399427000,0,986498000,-17621000,797036000,797036000,797036000,0,10713000,0.084,2839629000,1296854000,510634000,0.317,5.329,22.244,22.584,1208562000,0,255.42,1.879,1.88,1101656000,5822612000,9437758000,9437758000,0,0.155,0.242,0.404,0.137,55590000,2839629000,1.0,69411710,69455507,70576432,135.882,4269056000,107343000,479850000,119915000,61.749,1848495000
GWW,MRY,2014-12-31,2014-12-31,2014-12-31,2018-04-28,-96673000,5283049000,5288751500,2967549000,2315500000,1.884,48.372,-387390000,226644000,226644000,5650711000,812296000,2.352,0.609,483633000,80300000,403333000,483633000,0,208326000,0,0.016,4.17,1333912000,1542238000,0.155,1542238000,1333912000,1323819000,11.59,11.45,11.59,3284101000,3384280500,3284101000,17516704689,13,11.358,572424000,8.377,1.0,4314242000,0.433,770835000,10093000,3507487000,3371851750,1356396000,0,0,0,1998948000,1261716000,737232000,17379246689,-204000000,-30713000,-476541000,-23959000,-291395000,-758123000,-384058000,0,959814000,-21633000,801729000,801729000,801729000,0,10567000,0.08,2967125000,1347117000,554088000,0.36,5.292,21.677,21.992,1324346000,0,254.89,1.744,1.748,1172924000,6335990000,9964953000,9964953000,0,0.152,0.237,0.396,0.134,49032000,2967125000,1.0,68183321,68334322,69205744,145.826,4512214000,125634000,522090000,107711000,66.461,1705833000
GWW,MRY,2015-12-31,2015-12-31,2015-12-31,2018-04-28,-221091000,5857755000,5675697250,3048642000,2809113000,1.757,37.909,-373868000,290136000,290136000,5741956000,785174000,1.705,1.49,1988832000,600418000,1388414000,1988832000,0,227967000,0,0.023,4.59,1268098000,1496065000,0.15,1496065000,1268098000,1234527000,11.69,11.58,11.69,2352714000,2777118250,2352714000,14274387482,11,9.541,662241000,10.164,1.0,4231428000,0.424,1230346000,33571000,4537571000,4200519250,1414177000,0,0,0,3505041000,1788534000,1716507000,12720327482,63492000,-449574000,-1339186000,1555556000,-306474000,-108756000,-843358000,-20382000,1036109000,-20503000,768996000,768996000,768996000,0,16178000,0.077,2931108000,1300320000,583474000,0.393,5.407,16.541,17.33,1431241000,0,202.59,1.275,1.324,1209641000,6802130000,9973384000,9973384000,0,0.135,0.277,0.302,0.127,46861000,2931108000,1.0,62788526,65156864,65765121,153.067,4627409000,133014000,465531000,171038000,74.56,1260108000
GWW,MRY,2016-12-31,2016-12-31,2016-12-31,2018-04-28,-272294000,5694307000,5877364750,3020229000,2674078000,1.725,32.214,-284249000,274146000,274146000,6022647000,632838000,1.854,1.988,2247052000,406106000,1840946000,2247052000,0,248857000,0,0.021,4.83,1058480000,1307337000,0.129,1307337000,1058480000,992148000,9.94,9.87,9.94,1905768000,2168394500,1905768000,15827351916,14,12.107,739834000,12.243,1.0,4114557000,0.406,1113276000,66332000,4925000000,5086535000,1406470000,0,0,0,3788539000,1628937000,2159602000,13835028916,-15990000,54864000,-755648000,292182000,-302971000,-775639000,-262264000,-34103000,1024083000,-2170000,605928000,605928000,605928000,0,26910000,0.06,2995060000,1119497000,650092000,0.486,7.26,22.833,23.365,1420891000,0,232.25,1.365,1.385,1223096000,7113559000,10137204000,10137204000,0,0.103,0.279,0.208,0.104,35735000,2995060000,1.0,59569554,60430892,60839930,167.749,4581031000,99526000,386220000,141160000,77.435,1391292000
GWW,MRY,2017-12-31,2017-12-31,2017-12-31,2018-04-28,-134674000,5804254000,5818436000,3205989000,2598265000,1.792,32.253,-237283000,326876000,326876000,6327301000,622443000,2.128,2.176,2342348000,94312000,2248036000,2342348000,0,264064000,0,0.021,5.06,979069000,1243133000,0.119,1243133000,979069000,898611000,10.07,10.02,10.07,1827733000,1873384250,1827733000,15500888165,15,12.469,819274000,14.205,1.0,4097557000,0.393,1113018000,80458000,5200047000,5260814000,1429199000,0,0,0,3976521000,1506661000,2469860000,13462278165,52730000,120228000,-558013000,23222000,-304473000,-867148000,-146083000,-34754000,1056557000,9404000,585730000,585730000,585730000,0,36713000,0.056,3048895000,1048662000,731582000,0.502,7.366,22.984,23.461,1391967000,0,236.25,1.291,1.307,1325186000,7405192000,10424858000,10424858000,0,0.101,0.313,0.186,0.094,32661000,3048895000,1.0,56983188,57674977,57983167,180.752,4691236000,60423000,312881000,131469000,82.783,1699328000
