ticker,dimension,calendardate,datekey,reportperiod,lastupdated,accoci,assets,assetsavg,assetsc,assetsnc,assetturnover,bvps,capex,cashneq,cashnequsd,cor,consolinc,currentratio,de,debt,debtc,debtnc,debtusd,deferredrev,depamor,deposits,divyield,dps,ebit,ebitda,ebitdamargin,ebitdausd,ebitusd,ebt,eps,epsdil,epsusd,equity,equityavg,equityusd,ev,evebit,evebitda,fcf,fcfps,fxusd,gp,grossmargin,intangibles,intexp,invcap,invcapavg,inventory,investments,investmentsc,investmentsnc,liabilities,liabilitiesc,liabilitiesnc,marketcap,ncf,ncfbus,ncfcommon,ncfdebt,ncfdiv,ncff,ncfi,ncfinv,ncfo,ncfx,netinc,netinccmn,netinccmnusd,netincdis,netincnci,netmargin,opex,opinc,payables,payoutratio,pb,pe,pe1,ppnenet,prefdivis,price,ps,ps1,receivables,retearn,revenue,revenueusd,rnd,roa,roe,roic,ros,sbcomp,sgna,sharefactor,sharesbas,shareswa,shareswadil,sps,tangibles,taxassets,taxexp,taxliabilities,tbvps,workingcapital
HAIN,MRY,2011-12-31,2011-06-30,2011-06-30,2018-05-08,7144000,1333504000,1305502500,371066000,962438000,0.849,9.915,-9873000,27517000,27517000,788709000,54982000,2.174,0.539,230173000,633000,229540000,230173000,0,24124000,0,0.0,0.0,105037000,129161000,0.117,129161000,105037000,92790000,0.635,0.615,0.635,866703000,824892500,866703000,1661414209,15,12.863,48785000,0.565,1.0,319837000,0.289,773263000,12247000,592214000,572955250,170739000,50557000,0,50557000,466801000,170683000,296118000,1449712209,10251000,-45339000,17912000,4078000,0,7134000,-55483000,-271000,58658000,-58000,54982000,54982000,54982000,3989000,0,0.05,208663000,111174000,90699000,0.0,1.673,26.367,26.268,110423000,0,16.68,1.308,1.299,139803000,295886000,1108546000,1108546000,0,0.042,0.067,0.183,0.095,11556000,204163000,1.0,86913202,86330000,89074000,12.841,560241000,13993000,37808000,54846000,6.409,200383000
HAIN,MRY,2012-12-31,2012-06-30,2012-06-30,2018-05-08,-5383000,1673593000,1585696750,448808000,1224785000,0.869,10.755,-20334000,29895000,29895000,995777000,79225000,2.213,0.735,390584000,296000,390288000,390584000,0,30459000,0,0.0,0.0,137679000,168138000,0.122,168138000,137679000,120379000,0.895,0.865,0.895,964602000,919429750,964602000,2851397671,20,16.959,101626000,1.145,1.0,382470000,0.278,1012934000,17300000,818539000,787182750,186440000,45100000,0,45100000,708991000,202809000,506182000,2461823671,2378000,-257264000,14179000,160529000,0,147423000,-270664000,6934000,121960000,3659000,79225000,79225000,79225000,14989000,0,0.057,230942000,151528000,123634000,0.0,2.552,31.074,30.749,148475000,0,27.52,1.786,1.772,166677000,375111000,1378247000,1378247000,0,0.05,0.086,0.175,0.1,9971000,229566000,1.0,89455802,88720000,91694000,15.535,660659000,15834000,41154000,112707000,7.366,245999000
HAIN,MRY,2013-12-31,2013-06-30,2013-06-30,2018-05-08,-27251000,2258494000,2061235500,575172000,1683322000,0.842,12.718,-71832000,41263000,41263000,1259823000,114656000,2.098,0.88,665941000,12477000,653464000,665941000,0,40095000,0,0.0,0.0,169470000,209565000,0.121,209565000,169470000,148980000,1.24,1.21,1.24,1201555000,1107947750,1201555000,3679391042,21,17.557,49130000,0.532,1.0,474860000,0.274,1374341000,20490000,1234701000,1098698750,250175000,46799000,0,46799000,1056939000,274130000,782809000,3071900042,11368000,-337414000,12763000,275835000,0,296137000,-406136000,3110000,120962000,405000,114656000,114656000,114656000,5137000,0,0.066,300548000,174312000,184996000,0.0,2.557,26.792,26.214,235841000,0,32.505,1.771,1.731,233641000,489767000,1734683000,1734683000,0,0.056,0.103,0.154,0.098,14047000,274750000,1.0,94505462,92352000,95144000,18.783,884153000,17716000,34324000,114395000,9.358,301042000
HAIN,MRY,2014-12-31,2014-06-30,2014-06-30,2018-05-08,60128000,2965317000,2630127000,803603000,2161714000,0.801,16.172,-41611000,123751000,123751000,1579540000,129922000,1.895,0.831,867923000,100096000,767827000,867923000,0,48222000,0,0.0,0.0,223896000,272118000,0.129,272118000,223896000,199530000,1.33,1.3,1.33,1619867000,1450171000,1619867000,5178469433,23,19.03,143157000,1.465,1.0,528282000,0.251,1785850000,24366000,1499475000,1365840750,320251000,36511000,0,36511000,1345450000,424164000,921286000,4447165433,82488000,-177290000,7320000,101098000,0,100821000,-206236000,12665000,184768000,3135000,129922000,129922000,129922000,1629000,0,0.062,311536000,216746000,239162000,0.0,2.745,34.23,33.361,310661000,0,44.37,2.11,2.058,287915000,629618000,2107822000,2107822000,0,0.049,0.09,0.164,0.106,12448000,279510000,1.0,100229106,97750000,100006000,21.563,1179467000,23780000,69608000,148439000,11.776,379439000
HAIN,MRY,2015-12-31,2015-06-30,2015-06-30,2018-05-08,-41631000,3099408000,3019284750,928795000,2170613000,0.864,16.837,-51217000,166922000,166922000,2046758000,164962000,2.373,0.794,843883000,31275000,812608000,843883000,0,57380000,0,0.0,0.0,239470000,296850000,0.114,296850000,239470000,213497000,1.62,1.6,1.62,1727667000,1645756000,1727667000,7535787712,31,25.386,134265000,1.32,1.0,562855000,0.216,1782070000,25973000,1602944000,1612381750,397319000,2305000,0,2305000,1371741000,391355000,980386000,6757139712,43171000,-104633000,18643000,-5902000,0,17167000,-151300000,0,185482000,-8178000,164962000,164962000,164962000,0,0,0.063,328993000,233862000,274447000,0.0,3.911,40.962,40.654,353664000,0,65.86,2.589,2.567,263108000,753963000,2609613000,2609613000,0,0.055,0.1,0.149,0.092,12197000,302827000,1.0,102598538,101703000,103421000,25.659,1317338000,38506000,48535000,151141000,12.838,537440000
HAIN,MRY,2016-12-31,2016-06-30,2016-06-30,2018-05-08,-172111000,3008080000,3177070500,900234000,2107846000,0.908,16.09,-77284000,127926000,127926000,2271243000,47429000,2.521,0.807,862684000,26513000,836171000,862684000,0,65622000,0,0.0,0.0,143522000,209144000,0.072,209144000,143522000,118361000,0.46,0.46,0.46,1664514000,1774757750,1664514000,5938590203,41,28.395,129291000,1.254,1.0,614131000,0.213,1665123000,25161000,1720687000,1774610500,408564000,20244000,0,20244000,1343566000,357028000,986538000,5146547203,-38996000,-157061000,0,15834000,0,69000,-234345000,0,206575000,-11295000,47429000,47429000,47429000,0,0,0.016,463771000,150360000,251712000,0.0,3.092,108.511,108.152,389841000,0,49.75,1.784,1.778,278933000,801392000,2885374000,2885374000,0,0.015,0.027,0.081,0.05,12688000,303763000,1.0,103448185,103135000,104183000,27.977,1342957000,0,70932000,131507000,12.982,543206000
HAIN,MRY,2017-12-31,2017-06-30,2017-06-30,2018-05-08,-195479000,2931104000,2937949250,874781000,2056323000,0.971,16.518,-63120000,137055000,137055000,2311739000,67430000,2.569,0.711,749761000,9626000,740135000,749761000,0,68697000,0,0.0,0.0,110546000,179243000,0.063,179243000,110546000,89272000,0.65,0.65,0.65,1712832000,1659505500,1712832000,4652209740,42,25.955,153504000,1.482,1.0,541372000,0.19,1540120000,21274000,1663196000,1648188250,341995000,18998000,0,18998000,1218272000,340494000,877778000,4025526740,19066000,-19544000,0,-110731000,0,-118199000,-76245000,0,216624000,-3114000,67430000,67430000,67430000,0,0,0.024,430567000,110805000,186193000,0.0,2.35,59.699,59.723,291866000,0,38.82,1.411,1.41,225765000,868822000,2853111000,2853111000,0,0.023,0.041,0.067,0.039,9658000,331763000,1.0,103697237,103611000,104248000,27.537,1390984000,0,21842000,98346000,13.415,534287000
