ticker,dimension,calendardate,datekey,reportperiod,lastupdated,accoci,assets,assetsavg,assetsc,assetsnc,assetturnover,bvps,capex,cashneq,cashnequsd,cor,consolinc,currentratio,de,debt,debtc,debtnc,debtusd,deferredrev,depamor,deposits,divyield,dps,ebit,ebitda,ebitdamargin,ebitdausd,ebitusd,ebt,eps,epsdil,epsusd,equity,equityavg,equityusd,ev,evebit,evebitda,fcf,fcfps,fxusd,gp,grossmargin,intangibles,intexp,invcap,invcapavg,inventory,investments,investmentsc,investmentsnc,liabilities,liabilitiesc,liabilitiesnc,marketcap,ncf,ncfbus,ncfcommon,ncfdebt,ncfdiv,ncff,ncfi,ncfinv,ncfo,ncfx,netinc,netinccmn,netinccmnusd,netincdis,netincnci,netmargin,opex,opinc,payables,payoutratio,pb,pe,pe1,ppnenet,prefdivis,price,ps,ps1,receivables,retearn,revenue,revenueusd,rnd,roa,roe,roic,ros,sbcomp,sgna,sharefactor,sharesbas,shareswa,shareswadil,sps,tangibles,taxassets,taxexp,taxliabilities,tbvps,workingcapital
HD,MRY,2011-12-31,2012-01-29,2012-01-29,2018-03-22,293000000,40518000000,41772750000,14520000000,25998000000,1.685,11.683,-1165000000,1987000000,1987000000,46133000000,3883000000,1.549,1.264,10788000000,30000000,10758000000,10788000000,1147000000,1682000000,0,0.023,1.04,6661000000,8343000000,0.119,8343000000,6661000000,6068000000,2.49,2.47,2.49,17898000000,18024500000,17898000000,77719174870,11,9.315,5486000000,3.512,1.0,24262000000,0.345,1120000000,593000000,38823000000,38669250000,10325000000,135000000,0,135000000,22620000000,9376000000,13244000000,69170174870,1474000000,36000000,-3164000000,966000000,-1632000000,-4048000000,-1129000000,0,6651000000,-32000000,3883000000,3883000000,3883000000,0,0,0.055,17601000000,6661000000,4856000000,0.418,3.865,17.814,18.02,24448000000,0,44.87,0.983,0.996,1245000000,17246000000,70395000000,70395000000,0,0.093,0.215,0.172,0.095,215000000,16028000000,1.0,1541568417,1562000000,1570000000,45.067,39398000000,0,2185000000,754000000,25.717,5144000000
HD,MRY,2012-12-31,2013-02-03,2013-02-03,2018-03-22,397000000,41084000000,42007000000,15372000000,25712000000,1.78,12.003,-1262000000,2494000000,2494000000,48912000000,4535000000,1.341,1.311,10796000000,1321000000,9475000000,10796000000,1270000000,1684000000,0,0.017,1.16,7766000000,9450000000,0.126,9450000000,7766000000,7221000000,3.03,3.0,3.03,17777000000,17781000000,17777000000,108884580014,14,11.522,5713000000,3.811,1.0,25842000000,0.346,1170000000,545000000,36754000000,37537500000,10710000000,0,0,0,23307000000,11462000000,11845000000,100625580014,509000000,-170000000,-3200000000,-32000000,-1743000000,-5034000000,-1432000000,0,6975000000,-2000000,4535000000,4535000000,4535000000,0,0,0.061,18076000000,7766000000,5376000000,0.383,5.66,22.189,22.211,24069000000,0,67.3,1.346,1.35,1395000000,20038000000,74754000000,74754000000,0,0.108,0.255,0.207,0.104,218000000,16508000000,1.0,1495179495,1499000000,1511000000,49.869,39914000000,0,2686000000,813000000,26.951,3910000000
HD,MRY,2013-12-31,2014-02-02,2014-02-02,2018-03-22,46000000,40518000000,42679750000,15279000000,25239000000,1.847,9.035,-1301000000,1929000000,1929000000,51897000000,5385000000,1.421,2.236,14724000000,33000000,14691000000,14724000000,1337000000,1757000000,0,0.02,1.56,9166000000,10923000000,0.139,10923000000,9166000000,8467000000,3.78,3.76,3.78,12522000000,14651750000,12522000000,119378247102,13,10.929,6327000000,4.44,1.0,26915000000,0.342,1289000000,699000000,41275000000,39338750000,11057000000,0,0,0,27996000000,10749000000,17247000000,108222247102,-531000000,-206000000,-8305000000,3933000000,-2243000000,-6652000000,-1507000000,0,7628000000,-34000000,5385000000,5385000000,5385000000,0,0,0.068,17749000000,9166000000,5797000000,0.413,8.643,20.097,20.331,23348000000,0,76.85,1.373,1.39,1398000000,23180000000,78812000000,78812000000,0,0.126,0.368,0.233,0.116,228000000,16122000000,1.0,1408227028,1425000000,1434000000,55.307,39229000000,0,3082000000,922000000,28.304,4530000000
HD,MRY,2014-12-31,2015-02-01,2015-02-01,2018-03-22,-452000000,39946000000,41891500000,15302000000,24644000000,1.986,7.127,-1394000000,1723000000,1723000000,54787000000,6345000000,1.358,3.285,17197000000,328000000,16869000000,17197000000,1468000000,1786000000,0,0.018,1.88,10469000000,12255000000,0.147,12255000000,10469000000,9976000000,4.74,4.71,4.74,9322000000,10758750000,9322000000,152153531887,14,12.416,6848000000,5.118,1.0,28389000000,0.341,1353000000,493000000,42798000000,41869750000,11079000000,0,0,0,30624000000,11269000000,19355000000,137607531887,-100000000,-200000000,-6748000000,2232000000,-2530000000,-7071000000,-1271000000,323000000,8242000000,-106000000,6345000000,6345000000,6345000000,0,0,0.076,17920000000,10469000000,5807000000,0.397,14.762,21.688,22.03,22720000000,0,104.42,1.654,1.68,1484000000,26995000000,83176000000,83176000000,0,0.151,0.59,0.25,0.126,225000000,16280000000,1.0,1317827350,1338000000,1346000000,62.164,38593000000,0,3631000000,1111000000,29.505,4033000000
HD,MRY,2015-12-31,2016-01-31,2016-01-31,2018-03-22,-898000000,41973000000,43108250000,16484000000,25489000000,2.053,5.029,-1460000000,2216000000,2216000000,58254000000,7009000000,1.316,5.646,21216000000,427000000,20789000000,21216000000,1566000000,1863000000,0,0.019,2.36,11774000000,13637000000,0.154,13637000000,11774000000,11021000000,5.49,5.46,5.49,6316000000,7944000000,6316000000,177270747635,15,12.999,7913000000,6.197,1.0,30265000000,0.342,2102000000,753000000,46347000000,42230750000,11809000000,0,0,0,35657000000,12524000000,23133000000,159448747635,604000000,-1666000000,-6772000000,4012000000,-3031000000,-5787000000,-2982000000,144000000,9373000000,-111000000,7009000000,7009000000,7009000000,0,0,0.079,18491000000,11774000000,6565000000,0.43,25.245,22.749,22.907,22191000000,0,125.76,1.801,1.814,1890000000,30973000000,88519000000,88519000000,0,0.163,0.882,0.279,0.133,244000000,16801000000,1.0,1267881263,1277000000,1283000000,69.318,39871000000,0,4012000000,889000000,31.744,3960000000
HD,MRY,2016-12-31,2017-01-29,2017-01-29,2018-03-22,-867000000,42966000000,44072750000,17724000000,25242000000,2.146,3.587,-1583000000,2538000000,2538000000,62282000000,7957000000,1.254,8.916,23601000000,1252000000,22349000000,23601000000,1669000000,1973000000,0,0.02,2.76,13427000000,15400000000,0.163,15400000000,13427000000,12491000000,6.47,6.45,6.47,4333000000,5736750000,4333000000,187800206980,13,12.195,8200000000,6.672,1.0,32313000000,0.342,2093000000,936000000,47803000000,46151750000,12549000000,0,0,0,38633000000,14133000000,24500000000,168508206980,330000000,0,-6662000000,2274000000,-3404000000,-7870000000,-1583000000,0,9783000000,-8000000,7957000000,7957000000,7957000000,0,0,0.084,18886000000,13427000000,7000000000,0.427,38.89,21.177,21.38,21914000000,0,138.33,1.781,1.797,2029000000,35519000000,94595000000,94595000000,0,0.181,1.387,0.291,0.142,267000000,17132000000,1.0,1218160970,1229000000,1234000000,76.969,40873000000,0,4534000000,829000000,33.835,3591000000
HD,MRY,2017-12-31,2018-01-28,2018-01-28,2018-03-22,-566000000,44529000000,45113750000,18933000000,25596000000,2.237,1.253,-1850000000,3595000000,3595000000,66548000000,8630000000,1.169,29.625,27028000000,2761000000,24267000000,27028000000,1805000000,2062000000,0,0.017,3.56,14681000000,16743000000,0.166,16743000000,14681000000,13698000000,7.33,7.29,7.33,1454000000,2878250000,1454000000,264032546315,17,15.77,10181000000,8.643,1.0,34356000000,0.34,2275000000,983000000,49493000000,48039500000,12748000000,0,0,0,43075000000,16194000000,26881000000,241992546315,933000000,-374000000,-7745000000,3298000000,-4212000000,-8870000000,-2228000000,0,12031000000,124000000,8630000000,8630000000,8630000000,0,0,0.086,19675000000,14681000000,7244000000,0.486,166.432,28.041,28.271,22075000000,0,207.23,2.398,2.419,1952000000,39935000000,100904000000,100904000000,0,0.191,2.998,0.306,0.145,273000000,17864000000,1.0,1167748619,1178000000,1184000000,85.657,42254000000,0,5068000000,1014000000,36.426,2739000000
