ticker,dimension,calendardate,datekey,reportperiod,lastupdated,accoci,assets,assetsavg,assetsc,assetsnc,assetturnover,bvps,capex,cashneq,cashnequsd,cor,consolinc,currentratio,de,debt,debtc,debtnc,debtusd,deferredrev,depamor,deposits,divyield,dps,ebit,ebitda,ebitdamargin,ebitdausd,ebitusd,ebt,eps,epsdil,epsusd,equity,equityavg,equityusd,ev,evebit,evebitda,fcf,fcfps,fxusd,gp,grossmargin,intangibles,intexp,invcap,invcapavg,inventory,investments,investmentsc,investmentsnc,liabilities,liabilitiesc,liabilitiesnc,marketcap,ncf,ncfbus,ncfcommon,ncfdebt,ncfdiv,ncff,ncfi,ncfinv,ncfo,ncfx,netinc,netinccmn,netinccmnusd,netincdis,netincnci,netmargin,opex,opinc,payables,payoutratio,pb,pe,pe1,ppnenet,prefdivis,price,ps,ps1,receivables,retearn,revenue,revenueusd,rnd,roa,roe,roic,ros,sbcomp,sgna,sharefactor,sharesbas,shareswa,shareswadil,sps,tangibles,taxassets,taxexp,taxliabilities,tbvps,workingcapital
HEES,MRY,2011-12-31,2011-12-31,2011-12-31,2018-04-28,0,753305000,734674750,,,0.981,7.591,-80928000,24215000,24215000,527848000,8926000,,1.851,326978000,,,326978000,0,99398000,0,0.0,0.0,40868000,140266000,0.195,140266000,40868000,12141000,0.26,0.26,0.26,264207000,254739750,264207000,795101286,19,5.669,-20543000,-0.591,1.0,192703000,0.267,34085000,28727000,1021983000,1018744750,65151000,0,,,489098000,,,470861286,-4934000,0,-554000,15906000,0,15609000,-80928000,0,60385000,0,8926000,8926000,8926000,0,0,0.012,152561000,40142000,63006000,0.0,1.782,52.752,51.615,513652000,0,13.42,0.653,0.647,105339000,110009000,720551000,720551000,0,0.012,0.035,0.04,0.057,1327000,153354000,1.0,35086534,34759000,34887000,20.73,719220000,0,3215000,58616000,20.663,
HEES,MRY,2012-12-31,2012-12-31,2012-12-31,2018-04-28,0,942399000,882079000,,,0.949,1.391,-212990000,8894000,8894000,580013000,28836000,,18.377,732070000,,,732070000,0,116513000,0,0.464,7.0,79989000,196502000,0.235,196502000,79989000,44448000,0.83,0.82,0.83,48636000,158461250,48636000,1246505362,15,6.343,-171967000,-4.929,1.0,257302000,0.307,32074000,35541000,1633501000,1388318000,79970000,0,,,893763000,,,529618362,-15321000,0,-694000,401428000,-244381000,156646000,-212990000,0,41023000,0,28836000,28836000,28836000,0,0,0.034,168061000,89241000,36119000,8.434,10.889,18.367,18.157,669538000,0,15.07,0.633,0.628,141667000,-107024000,837315000,837315000,0,0.033,0.182,0.058,0.096,1862000,169653000,1.0,35143886,34890000,34978000,23.999,910325000,0,15612000,71589000,26.04,
HEES,MRY,2013-12-31,2013-12-31,2013-12-31,2018-04-28,0,1090340000,1061226750,,,0.931,2.701,-179590000,17607000,17607000,685920000,44140000,,10.5,782346000,,,782346000,0,138903000,0,0.0,0.0,116551000,255454000,0.259,255454000,116551000,65147000,1.26,1.26,1.26,94812000,73647000,94812000,1852045838,15,7.25,-40938000,-1.168,1.0,301836000,0.306,31197000,51404000,1823882000,1806338750,111640000,0,,,995528000,,,1043097838,8713000,0,-890000,51089000,-855000,49651000,-179590000,0,138652000,0,44140000,44140000,44140000,0,0,0.045,186513000,115323000,67779000,0.0,11.002,23.632,23.516,787213000,0,29.63,1.056,1.051,131970000,-62884000,987756000,987756000,0,0.042,0.599,0.065,0.118,2311000,189062000,1.0,35204112,35041000,35146000,28.189,1059143000,0,21007000,88291000,30.177,
HEES,MRY,2014-12-31,2014-12-31,2014-12-31,2018-04-28,0,1358804000,1267177000,,,0.861,3.788,-296643000,15861000,15861000,742474000,55139000,,9.188,984332000,,,984332000,0,166514000,0,0.018,0.5,145037000,311551000,0.286,311551000,145037000,92684000,1.57,1.56,1.57,133367000,120397750,133367000,1928139503,13,6.189,-138325000,-3.934,1.0,347938000,0.319,31197000,52353000,2296078000,2126649250,133987000,0,,,1225437000,,,989710503,-1746000,0,-1467000,156371000,-18325000,136579000,-296643000,0,158318000,0,55139000,55139000,55139000,0,0,0.051,204194000,143744000,53341000,0.318,7.421,17.949,17.892,999614000,0,28.09,0.908,0.906,164335000,-25437000,1090412000,1090412000,0,0.044,0.458,0.068,0.133,2598000,206480000,1.0,35233553,35159000,35249000,31.014,1327607000,0,37545000,125110000,37.705,
HEES,MRY,2015-12-31,2015-12-31,2015-12-31,2018-04-28,0,1299511000,1333846750,,,0.78,4.038,-101759000,7159000,7159000,694099000,44305000,,8.114,876503000,,,876503000,0,186457000,0,0.06,1.05,129706000,316163000,0.304,316163000,129706000,75676000,1.26,1.25,1.26,142588000,137201500,142588000,1550440648,11,4.904,104861000,2.973,1.0,345732000,0.332,31197000,54030000,2137658000,2230839000,96818000,0,,,1156923000,,,619339648,-8702000,0,-470000,-75979000,-37114000,-113563000,-101759000,0,206620000,0,44305000,44305000,44305000,0,0,0.043,217489000,128243000,66777000,0.833,4.344,13.979,13.873,1004178000,0,17.48,0.596,0.593,147328000,-18278000,1039831000,1039831000,0,0.033,0.323,0.058,0.125,2655000,220226000,1.0,35431330,35272000,35343000,29.48,1268314000,0,31371000,155886000,35.915,
HEES,MRY,2016-12-31,2016-12-31,2016-12-31,2018-04-28,0,1241611000,1277944750,,,0.765,4.027,-114410000,7683000,7683000,642526000,37172000,,7.697,822837000,,,822837000,0,189697000,0,0.047,1.1,112634000,302331000,0.309,302331000,112634000,59030000,1.05,1.05,1.05,142765000,139734250,142765000,1697037501,15,5.613,62569000,1.768,1.0,335611000,0.343,31197000,53604000,2025568000,2092898750,53909000,0,,,1098846000,,,826718501,524000,0,-561000,-22418000,-39066000,-62045000,-114410000,0,176979000,0,37172000,37172000,37172000,0,0,0.038,224844000,110767000,39432000,1.048,5.791,22.24,22.143,999308000,0,23.25,0.845,0.841,140037000,-20207000,978137000,978137000,0,0.029,0.266,0.054,0.115,3037000,228129000,1.0,35557785,35393000,35480000,27.636,1210414000,0,21858000,177835000,34.141,
HEES,MRY,2017-12-31,2017-12-31,2017-12-31,2018-04-28,0,1467717000,1331169250,,,0.774,6.093,-153075000,165878000,165878000,670111000,109658000,,5.77,967576000,,,967576000,0,193245000,0,0.027,1.1,114302000,307547000,0.299,307547000,114302000,59344000,3.09,3.07,3.09,216793000,159563000,216793000,2283151273,19,7.424,73124000,2.059,1.0,359908000,0.349,31197000,54958000,2238218000,2115641250,75004000,0,,,1250924000,,,1449088273,158195000,0,-783000,148362000,-39172000,85071000,-153075000,0,226199000,0,109658000,109658000,109658000,0,0,0.106,221993000,137915000,89781000,0.356,6.684,13.215,13.155,1006613000,0,40.65,1.407,1.402,176081000,51077000,1030019000,1030019000,0,0.082,0.687,0.054,0.111,3526000,232784000,1.0,35647928,35516000,35699000,29.002,1436520000,0,-50314000,126419000,40.372,
