ticker,dimension,calendardate,datekey,reportperiod,lastupdated,accoci,assets,assetsavg,assetsc,assetsnc,assetturnover,bvps,capex,cashneq,cashnequsd,cor,consolinc,currentratio,de,debt,debtc,debtnc,debtusd,deferredrev,depamor,deposits,divyield,dps,ebit,ebitda,ebitdamargin,ebitdausd,ebitusd,ebt,eps,epsdil,epsusd,equity,equityavg,equityusd,ev,evebit,evebitda,fcf,fcfps,fxusd,gp,grossmargin,intangibles,intexp,invcap,invcapavg,inventory,investments,investmentsc,investmentsnc,liabilities,liabilitiesc,liabilitiesnc,marketcap,ncf,ncfbus,ncfcommon,ncfdebt,ncfdiv,ncff,ncfi,ncfinv,ncfo,ncfx,netinc,netinccmn,netinccmnusd,netincdis,netincnci,netmargin,opex,opinc,payables,payoutratio,pb,pe,pe1,ppnenet,prefdivis,price,ps,ps1,receivables,retearn,revenue,revenueusd,rnd,roa,roe,roic,ros,sbcomp,sgna,sharefactor,sharesbas,shareswa,shareswadil,sps,tangibles,taxassets,taxexp,taxliabilities,tbvps,workingcapital
HEI,MRY,2011-12-31,2011-10-31,2011-10-31,2018-03-01,3033000,941069000,864054500,316638000,624431000,0.885,6.075,-9446000,17500000,17500000,490450000,95453000,2.566,0.412,40158000,335000,39823000,40158000,0,18543000,0,0.002,0.044,115862000,134405000,0.176,134405000,115862000,115720000,0.717,0.704,0.717,620154000,604755500,620154000,2353511839,20,17.511,116072000,1.142,1.0,274441000,0.359,521559000,142000,318778000,298409000,164967000,0,0,0,255485000,123390000,132095000,2380999839,10957000,-94655000,-12131000,22000000,-4494000,-10669000,-103900000,0,125518000,8000,72820000,72820000,72820000,0,22633000,0.095,136010000,138431000,43547000,0.061,3.839,32.697,32.574,67074000,0,23.355,3.113,3.104,106414000,299497000,764891000,764891000,0,0.084,0.12,0.388,0.151,4004000,136010000,1.0,101946473,101640625,103762500,7.525,419510000,24660000,42900000,62031000,4.11,193248000
HEI,MRY,2012-12-31,2012-10-31,2012-10-31,2018-03-01,-3572000,1192846000,1164014750,367911000,824935000,0.771,6.979,-15262000,21451000,21451000,569911000,106675000,2.798,0.564,131820000,626000,131194000,131820000,0,30656000,0,0.003,0.055,142079000,172735000,0.192,172735000,142079000,139647000,0.826,0.819,0.826,719759000,682340000,719759000,2175178627,15,12.593,123323000,1.198,1.0,327436000,0.365,696438000,2432000,475263000,507285000,189704000,0,0,0,405921000,131514000,274407000,2036224627,3951000,-197285000,526000,87972000,-5689000,78427000,-212708000,0,138585000,-353000,85147000,85147000,85147000,0,21528000,0.095,164142000,163294000,50083000,0.067,2.829,23.914,23.945,80518000,0,19.779,2.269,2.268,122214000,375085000,897347000,897347000,0,0.073,0.125,0.28,0.158,5002000,164142000,1.0,102951106,102907813,104100000,8.72,496408000,30037000,54500000,95000000,4.813,236397000
HEI,MRY,2013-12-31,2013-10-31,2013-10-31,2018-03-01,144000,1533015000,1330354000,441472000,1091543000,0.758,6.974,-18328000,15499000,15499000,637576000,124561000,2.737,1.038,377515000,697000,376818000,377515000,0,36790000,0,0.02,0.675,162313000,199103000,0.197,199103000,162313000,158596000,0.986,0.979,0.986,723235000,676328250,723235000,3862539358,23,19.4,113508000,1.096,1.0,371181000,0.368,930047000,3717000,803698000,693539500,218893000,0,0,0,750562000,161286000,589276000,3555771358,-5952000,-222638000,-1901000,245430000,-120361000,103208000,-241308000,0,131836000,312000,102396000,102396000,102396000,0,22165000,0.102,187591000,183590000,54855000,0.685,4.916,34.726,34.778,97737000,0,34.291,3.525,3.521,157022000,349649000,1008757000,1008757000,0,0.077,0.151,0.234,0.161,5182000,187591000,1.0,103693407,103590625,104659375,9.738,602968000,34827000,56200000,128482000,5.815,280186000
HEI,MRY,2014-12-31,2014-10-31,2014-10-31,2018-03-01,-8289000,1489214000,1516836250,431293000,1057921000,0.746,7.452,-16410000,20229000,20229000,733999000,138772000,2.833,0.871,329109000,418000,328691000,329109000,0,47757000,0,0.008,0.262,186534000,234291000,0.207,234291000,186534000,181093000,1.165,1.152,1.165,774619000,741217750,774619000,3973499998,21,16.96,174279000,1.678,1.0,398312000,0.352,887081000,5441000,758793000,831012000,218042000,0,0,0,674629000,152220000,522409000,3608110998,4730000,-8737000,708000,-47767000,-31215000,-160115000,-25187000,0,190689000,-657000,121293000,121293000,121293000,0,17479000,0.107,194924000,203388000,57157000,0.225,4.658,29.747,29.797,93865000,0,34.714,3.187,3.184,149669000,437757000,1132311000,1132311000,0,0.08,0.164,0.224,0.165,6426000,194924000,1.0,103939407,103848438,105395313,10.903,602133000,35548000,59800000,113496000,5.793,279073000
HEI,MRY,2015-12-31,2015-10-31,2015-10-31,2018-03-01,-25080000,1736387000,1620163750,503612000,1232775000,0.734,8.553,-18249000,33603000,33603000,754469000,153564000,2.991,0.842,367598000,357000,367241000,367598000,0,47907000,0,0.003,0.09,209390000,257297000,0.216,257297000,209390000,204764000,1.28,1.256,1.28,893271000,840547750,893271000,3638916761,17,14.143,154614000,1.483,1.0,434179000,0.365,1039232000,4626000,862763000,817906500,243517000,0,0,0,751834000,168387000,583447000,3371144761,13374000,-166784000,3673000,41696000,-9343000,27336000,-186006000,0,172863000,-819000,133364000,133364000,133364000,0,20200000,0.112,204523000,229656000,64682000,0.07,3.774,25.278,25.22,105670000,0,32.282,2.836,2.832,181593000,548054000,1188648000,1188648000,0,0.082,0.159,0.256,0.176,6048000,204523000,1.0,104429296,104281250,105955000,11.398,697155000,36377000,71400000,113781000,6.675,335225000
HEI,MRY,2016-12-31,2016-10-31,2016-10-31,2018-03-01,-25326000,1998412000,2003586000,543158000,1455254000,0.687,9.969,-30863000,42955000,42955000,860766000,176150000,2.533,0.812,458225000,411000,457814000,458225000,0,60277000,0,0.002,0.102,245364000,305641000,0.222,305641000,245364000,237092000,1.488,1.464,1.488,1047705000,990158500,1047705000,5026311914,20,16.445,218321000,2.084,1.0,515492000,0.375,1232580000,8272000,966681000,1074891000,286302000,0,0,0,851195000,214421000,636774000,4543597914,9352000,-263811000,5924000,90000000,-10724000,56772000,-297616000,0,249184000,1012000,156192000,156192000,156192000,0,19958000,0.113,250147000,265345000,73335000,0.069,4.337,29.09,29.058,121611000,0,43.238,3.301,3.291,202227000,681704000,1376258000,1376258000,0,0.078,0.158,0.228,0.178,6421000,250147000,1.0,105082471,104758750,106516250,13.137,765832000,407000,80900000,69521000,7.287,328737000
HEI,MRY,2017-12-31,2017-10-31,2017-10-31,2018-03-01,-10556000,2512431000,2236228750,631892000,1880539000,0.682,11.824,-25998000,52066000,52066000,950088000,207660000,2.533,0.908,673979000,451000,673528000,673979000,0,64823000,0,0.002,0.122,286075000,350898000,0.23,350898000,286075000,276285000,1.768,1.712,1.768,1248292000,1168021000,1248292000,8043729804,28,22.923,248887000,2.362,1.0,574725000,0.377,1619387000,9790000,1265520000,1101862750,343628000,0,0,0,1133016000,249437000,883579000,7658456804,9111000,-418265000,5659000,212853000,-12807000,175872000,-444815000,0,274885000,3169000,185985000,185985000,185985000,0,21675000,0.122,268067000,306658000,89724000,0.069,6.135,41.178,41.032,129883000,0,72.544,5.023,5.013,222456000,844247000,1524813000,1524813000,0,0.083,0.159,0.26,0.188,7415000,268067000,1.0,105569817,105362500,108470000,14.472,893044000,0,90300000,70676000,8.459,382455000
