ticker,dimension,calendardate,datekey,reportperiod,lastupdated,accoci,assets,assetsavg,assetsc,assetsnc,assetturnover,bvps,capex,cashneq,cashnequsd,cor,consolinc,currentratio,de,debt,debtc,debtnc,debtusd,deferredrev,depamor,deposits,divyield,dps,ebit,ebitda,ebitdamargin,ebitdausd,ebitusd,ebt,eps,epsdil,epsusd,equity,equityavg,equityusd,ev,evebit,evebitda,fcf,fcfps,fxusd,gp,grossmargin,intangibles,intexp,invcap,invcapavg,inventory,investments,investmentsc,investmentsnc,liabilities,liabilitiesc,liabilitiesnc,marketcap,ncf,ncfbus,ncfcommon,ncfdebt,ncfdiv,ncff,ncfi,ncfinv,ncfo,ncfx,netinc,netinccmn,netinccmnusd,netincdis,netincnci,netmargin,opex,opinc,payables,payoutratio,pb,pe,pe1,ppnenet,prefdivis,price,ps,ps1,receivables,retearn,revenue,revenueusd,rnd,roa,roe,roic,ros,sbcomp,sgna,sharefactor,sharesbas,shareswa,shareswadil,sps,tangibles,taxassets,taxexp,taxliabilities,tbvps,workingcapital
HFFC,MRY,2011-12-31,2011-06-30,2011-06-30,2017-05-30,-1418000,1193513000,1221828250,,,0.031,13.534,-1912000,55617000,55617000,0,679000,,11.637,186819000,,,186819000,0,1916000,893157000,0.041,0.45,448000,2364000,0.063,2364000,448000,448000,0.1,0.1,0.1,94446000,94438750,94446000,254377457,567,107.605,31555000,4.522,1.0,37592000,1.0,4366000,0,1320349000,1395370000,0,1066094000,,,1099067000,,,76345457,34812000,0,140000,-43197000,-3136000,-67300000,68645000,70358000,33467000,0,679000,679000,679000,0,0,0.018,37144000,448000,0,4.5,0.808,112.438,109.4,14969000,0,10.94,2.031,2.031,0,81554000,37592000,37592000,0,0.001,0.007,0.0,0.012,481000,30051000,1.0,6978561,6978561,,5.387,1189147000,0,-231000,0,170.4,
HFFC,MRY,2012-12-31,2012-06-30,2012-06-30,2017-05-30,-1622000,1192591000,1201627000,,,0.037,13.747,-2093000,50334000,50334000,0,5165000,,11.318,182939000,,,182939000,0,1801000,893859000,0.037,0.45,7658000,9459000,0.211,9459000,7658000,7658000,0.74,0.74,0.74,96816000,95818000,96816000,209448597,27,22.143,7978000,1.133,1.0,44773000,1.0,4366000,0,1320830000,1325533500,0,1070434000,,,1095775000,,,85495597,-5283000,0,174000,-3880000,-3148000,-6152000,-9202000,-5612000,10071000,0,5165000,5165000,5165000,0,0,0.115,37115000,7658000,0,0.608,0.883,16.553,16.405,14760000,0,12.14,1.91,1.91,0,83571000,44773000,44773000,0,0.004,0.054,0.006,0.171,383000,30043000,1.0,7042471,7042471,,6.358,1188225000,0,2493000,0,168.723,
HFFC,MRY,2013-12-31,2013-06-30,2013-06-30,2017-05-30,-4285000,1217512000,1197133250,,,0.036,13.787,-1080000,21352000,21352000,0,5870000,,11.517,204595000,,,204595000,0,1802000,898761000,0.035,0.45,8904000,10706000,0.248,10706000,8904000,8904000,0.83,0.83,0.83,97271000,98672750,97271000,250042810,28,23.355,20002000,2.835,1.0,43236000,1.0,4938000,0,1395817000,1325395000,0,1127614000,,,1120241000,,,91785810,-28982000,0,42000,22526000,-3175000,24295000,-74359000,-74422000,21082000,0,5870000,5870000,5870000,0,0,0.136,34332000,8904000,0,0.542,0.944,15.636,15.675,13853000,0,13.01,2.123,2.123,0,86266000,43236000,43236000,0,0.005,0.059,0.007,0.206,381000,27416000,1.0,7055020,7055020,,6.128,1212574000,0,3034000,0,171.874,
HFFC,MRY,2014-12-31,2014-06-30,2014-06-30,2017-05-30,-3454000,1274729000,1259484000,,,0.036,14.408,-1682000,24256000,24256000,0,6602000,,11.54,159163000,,,159163000,0,1829000,999174000,0.032,0.45,9469000,11298000,0.249,11298000,9469000,9469000,0.94,0.94,0.94,101652000,98728000,101652000,262883061,27,23.268,13874000,1.966,1.0,45461000,1.0,4830000,0,1404806000,1409542250,0,1182369000,,,1173077000,,,98000061,2904000,0,0,-45432000,-3174000,51807000,-64459000,-63630000,15556000,0,6602000,6602000,6602000,0,0,0.145,35992000,9469000,0,0.479,0.964,14.844,14.777,13805000,0,13.89,2.156,2.156,0,89694000,45461000,45461000,0,0.005,0.067,0.007,0.208,122000,28989000,1.0,7055440,7055440,,6.443,1269899000,0,2867000,0,179.989,
HFFC,MRY,2015-12-31,2015-06-30,2015-06-30,2017-05-30,-1682000,1185195000,1210968000,,,0.038,14.739,-3351000,21476000,21476000,0,3626000,,10.399,104410000,,,104410000,0,1739000,963229000,0.03,0.45,4745000,6484000,0.14,6484000,4745000,4745000,0.51,0.51,0.51,103977000,102872000,103977000,173539021,36,26.764,5161000,0.732,1.0,46386000,1.0,4737000,0,1263392000,1330139500,0,1095366000,,,1081218000,,,107016021,-2780000,0,0,-54571000,-3175000,-93691000,82399000,85546000,8512000,0,3626000,3626000,3626000,0,0,0.078,37576000,8810000,0,0.882,1.029,29.514,29.745,15493000,0,15.17,2.307,2.307,0,90145000,46386000,46386000,0,0.003,0.035,0.004,0.102,102000,30392000,1.0,7054451,7054451,,6.575,1180458000,0,1119000,0,167.335,
