ticker,dimension,calendardate,datekey,reportperiod,lastupdated,accoci,assets,assetsavg,assetsc,assetsnc,assetturnover,bvps,capex,cashneq,cashnequsd,cor,consolinc,currentratio,de,debt,debtc,debtnc,debtusd,deferredrev,depamor,deposits,divyield,dps,ebit,ebitda,ebitdamargin,ebitdausd,ebitusd,ebt,eps,epsdil,epsusd,equity,equityavg,equityusd,ev,evebit,evebitda,fcf,fcfps,fxusd,gp,grossmargin,intangibles,intexp,invcap,invcapavg,inventory,investments,investmentsc,investmentsnc,liabilities,liabilitiesc,liabilitiesnc,marketcap,ncf,ncfbus,ncfcommon,ncfdebt,ncfdiv,ncff,ncfi,ncfinv,ncfo,ncfx,netinc,netinccmn,netinccmnusd,netincdis,netincnci,netmargin,opex,opinc,payables,payoutratio,pb,pe,pe1,ppnenet,prefdivis,price,ps,ps1,receivables,retearn,revenue,revenueusd,rnd,roa,roe,roic,ros,sbcomp,sgna,sharefactor,sharesbas,shareswa,shareswadil,sps,tangibles,taxassets,taxexp,taxliabilities,tbvps,workingcapital
HGSH,MRY,2011-12-31,2011-09-30,2011-09-30,2018-05-15,5612273,108283425,95783165,53905604,54377821,0.594,1.546,-490755,9723473,9723473,35022033,18719938,1.951,0.555,1810000,1810000,0,1810000,0,83901,23032025,0.0,0.0,19826094,19909995,0.35,19909995,19826094,19828222,0.42,0.42,0.42,69648898,61920667,69648898,63703783,3,3.2,-6077202,-0.135,1.0,21849376,0.384,0,-2128,72733498,58766664,0,2571651,2571651,0,38634527,27636454,10998073,60817500,-3784050,0,0,1810000,0,1810000,-490755,0,-5586447,483152,18719938,18719938,18719938,0,0,0.329,2029434,19819942,7764891,0.0,0.873,3.249,3.214,83717038,0,1.35,1.069,1.069,0,40322106,56871409,56871409,0,0.195,0.302,0.337,0.349,53158,2029434,1.0,45050000,45050000,45050000,1.262,108283425,0,1108284,4023698,2.404,26269150
HGSH,MRY,2012-12-31,2012-09-30,2012-09-30,2018-05-15,6474874,119714654,115114609,33069276,86645378,0.164,1.681,0,2185671,2185671,10770446,5176093,1.302,0.581,1810000,1810000,0,1810000,0,89363,30506992,0.0,0.0,5532778,5622141,0.298,5622141,5532778,5459170,0.11,0.11,0.11,75713844,73260248,75713844,10580968,1,1.882,-7654086,-0.17,1.0,8086532,0.429,0,73608,93946425,87747121,0,20957,20957,0,44000810,25392558,18608252,11713000,-7733109,0,0,0,0,-184604,0,0,-7654086,105581,5176093,5176093,5176093,0,0,0.274,2566413,5520119,5042274,0.0,0.155,2.263,2.364,91875043,0,0.26,0.621,0.621,0,44894229,18856978,18856978,0,0.045,0.071,0.063,0.293,26252,2566413,1.0,45050000,45050000,45050000,0.419,119714654,0,283077,4336458,2.657,7676718
HGSH,MRY,2013-12-31,2013-09-30,2013-09-30,2018-05-15,9109617,177827914,148487641,23054523,154773391,0.457,2.201,0,7210908,7210908,41528732,20791565,0.442,0.794,18106200,6698860,11407340,18106200,5109758,88818,20911871,0.0,0.0,22288088,22376906,0.33,22376906,22288088,22189783,0.46,0.46,0.46,99149164,89883112,99149164,344111188,15,15.378,-11162107,-0.248,1.0,26280341,0.388,0,98305,136525821,116658538,0,0,0,0,78678750,52197385,26481365,346434500,4773415,0,0,16046213,0,15829927,0,0,-11162107,105595,20791565,20791565,20791565,0,0,0.307,4002651,22277690,24391608,0.0,3.494,16.662,16.717,164701985,0,7.69,5.109,5.109,2178270,63257918,67809073,67809073,0,0.14,0.231,0.191,0.329,9012,4002651,1.0,45050000,45050000,45124474,1.505,177827914,0,1398218,7262774,3.947,-29142862
HGSH,MRY,2014-12-31,2014-09-30,2014-09-30,2018-05-15,8744489,301213564,249210293,162820585,138392979,0.499,2.913,0,2715432,2715432,85485308,32444757,1.046,1.295,40253791,33754693,6499098,40253791,2960452,85504,36301701,0.0,0.0,35313168,35398672,0.285,35398672,35313168,35255716,0.72,0.72,0.72,131228793,118093277,131228793,270418624,7,7.639,-26723054,-0.593,1.0,38810620,0.312,0,57452,183092943,184036776,0,0,0,0,169984771,155658980,14325791,229304500,-4752556,0,0,22240131,0,21978570,0,0,-26723054,-8072,32444757,32444757,32444757,0,0,0.261,3497452,35313168,71095730,0.0,1.747,7.068,7.069,278341176,0,5.09,1.845,1.845,15498040,91834708,124295928,124295928,0,0.13,0.275,0.192,0.284,0,3497452,1.0,45050000,45050000,45124233,2.759,301213564,0,2810959,15571530,6.686,7161605
HGSH,MRY,2015-12-31,2015-09-30,2015-09-30,2018-05-15,3558247,298440438,297479604,145648111,152792327,0.273,3.496,0,3049187,3049187,44453173,31427626,1.309,0.895,29507899,13776713,15731186,29507899,3315302,83701,28566111,0.0,0.0,33440271,33523972,0.413,33523972,33440271,33378852,0.7,0.7,0.7,157475144,147585759,157475144,101269809,3,3.021,10252609,0.228,1.0,36662321,0.452,0,61419,213594639,197473145,0,0,0,0,140965294,111304511,29660783,76747180,208374,0,0,-9819473,0,-10000865,0,0,10252609,-43370,31427626,31427626,31427626,0,0,0.387,3222050,33440271,54178044,0.0,0.487,2.442,2.434,277126755,0,1.704,0.946,0.946,14890036,119668198,81115494,81115494,0,0.106,0.213,0.169,0.412,4967,3222050,1.0,45050000,45050000,45052252,1.801,298440438,0,1951226,20542047,6.625,34343600
HGSH,MRY,2016-12-31,2016-09-30,2016-09-30,2018-05-15,-4046496,356388816,323153902,135693969,220694847,0.126,3.439,-125023,7894774,7894774,30773394,5018940,1.606,1.3,108678504,8835276,99843228,108678504,2110808,74723,30718458,0.0,0.0,6218783,6293506,0.155,6293506,6218783,5993628,0.11,0.11,0.11,154948941,156034001,154948941,180906432,29,28.745,-76928974,-1.708,1.0,9803323,0.242,0,225155,372700878,297124012,0,0,0,0,201439875,84471668,116968207,106318000,5067318,0,0,82167024,0,82167024,-125023,0,-76803951,-170732,5018940,5018940,5018940,0,0,0.124,3584999,6218324,35775304,0.0,0.686,21.183,21.455,323019649,0,2.36,2.62,2.62,14812220,20661184,40576717,40576717,0,0.016,0.032,0.021,0.153,59600,3584999,1.0,45050000,45050000,45050000,0.901,356388816,0,974688,20951702,7.911,51222301
HGSH,MRY,2017-12-31,2017-09-30,2017-09-30,2018-05-15,-3494785,379652589,371028472,185280001,194372588,0.158,3.594,-97524,4716604,4716604,46806305,6329114,1.684,1.345,129647312,30849865,98797447,129647312,4247477,67074,30213915,0.0,0.0,8121611,8188685,0.14,8188685,8121611,7623813,0.14,0.14,0.14,161889366,154686893,161889366,182179101,22,22.248,-23136545,-0.514,1.0,11865119,0.202,0,497798,394543269,397621420,0,0,0,0,217763223,110040028,107723195,59893975,-2969240,0,0,20219912,0,20219912,-97524,0,-23039021,-52607,6329114,6329114,6329114,0,0,0.108,3745730,8119389,27945073,0.0,0.37,9.463,9.496,349240011,0,1.329,1.021,1.021,15601759,26343030,58671424,58671424,0,0.017,0.041,0.02,0.138,59600,3745730,1.0,45050000,45050000,45050000,1.302,379652589,0,1294699,22551014,8.427,75239973
