ticker,dimension,calendardate,datekey,reportperiod,lastupdated,accoci,assets,assetsavg,assetsc,assetsnc,assetturnover,bvps,capex,cashneq,cashnequsd,cor,consolinc,currentratio,de,debt,debtc,debtnc,debtusd,deferredrev,depamor,deposits,divyield,dps,ebit,ebitda,ebitdamargin,ebitdausd,ebitusd,ebt,eps,epsdil,epsusd,equity,equityavg,equityusd,ev,evebit,evebitda,fcf,fcfps,fxusd,gp,grossmargin,intangibles,intexp,invcap,invcapavg,inventory,investments,investmentsc,investmentsnc,liabilities,liabilitiesc,liabilitiesnc,marketcap,ncf,ncfbus,ncfcommon,ncfdebt,ncfdiv,ncff,ncfi,ncfinv,ncfo,ncfx,netinc,netinccmn,netinccmnusd,netincdis,netincnci,netmargin,opex,opinc,payables,payoutratio,pb,pe,pe1,ppnenet,prefdivis,price,ps,ps1,receivables,retearn,revenue,revenueusd,rnd,roa,roe,roic,ros,sbcomp,sgna,sharefactor,sharesbas,shareswa,shareswadil,sps,tangibles,taxassets,taxexp,taxliabilities,tbvps,workingcapital
HI,MRY,2011-12-31,2011-09-30,2011-09-30,2018-05-02,-39500000,1180700000,1101300000,380100000,800600000,0.802,7.147,-21900000,115500000,115500000,513500000,106100000,2.791,1.665,431500000,0,431500000,431500000,0,36100000,0,0.041,0.76,168800000,204900000,0.232,204900000,168800000,157800000,1.71,1.71,1.71,443100000,434700000,443100000,1227928686,7,5.993,167600000,2.703,1.0,369900000,0.419,632800000,11000000,727700000,741350000,83700000,0,0,0,737600000,136200000,601400000,1153728686,17100000,-236500000,-3800000,28100000,-46900000,-22000000,-154500000,103900000,189500000,4100000,106100000,106100000,106100000,0,0,0.12,211300000,158600000,30500000,0.444,2.604,10.874,10.76,120600000,0,18.4,1.306,1.291,131700000,182700000,883400000,883400000,0,0.096,0.244,0.228,0.191,11700000,211300000,1.0,62702646,62000000,62000000,14.248,547900000,28300000,51700000,30100000,8.837,243900000
HI,MRY,2012-12-31,2012-09-30,2012-09-30,2018-05-02,-42400000,1087500000,1108125000,305300000,782200000,0.887,8.101,-20900000,20200000,20200000,594300000,104800000,2.011,1.148,271600000,0,271600000,271600000,0,40400000,0,0.042,0.77,147300000,187700000,0.191,187700000,147300000,134900000,1.68,1.68,1.68,506300000,484825000,506300000,1396198775,9,7.438,117300000,1.886,1.0,388900000,0.396,617600000,12400000,569500000,580475000,90000000,0,0,0,581200000,151800000,429400000,1138598775,-95300000,-2400000,-1200000,-162300000,-47600000,-211100000,-22500000,800000,138200000,100000,104800000,104800000,104800000,0,0,0.107,240100000,148800000,35300000,0.458,2.249,10.864,10.827,117900000,0,18.19,1.158,1.151,150700000,238300000,983200000,983200000,0,0.095,0.216,0.254,0.15,8700000,240100000,1.0,62594765,62200000,62400000,15.807,469900000,19600000,30100000,22600000,7.518,153500000
HI,MRY,2013-12-31,2013-09-30,2013-09-30,2018-05-02,-1400000,2003200000,1989300000,639400000,1363800000,0.781,9.191,-28300000,42700000,42700000,1034700000,65400000,1.374,2.476,664300000,10000000,654300000,664300000,0,89400000,0,0.028,0.78,115700000,205100000,0.132,205100000,115700000,91700000,1.01,1.01,1.01,576300000,529100000,576300000,2389675007,20,11.651,98900000,1.577,1.0,518700000,0.334,1144400000,24000000,1014900000,1081225000,177500000,0,0,0,1426900000,465500000,961400000,1719475007,22500000,-414400000,-400000,385600000,-48700000,336500000,-441000000,1700000,127200000,-200000,63400000,63400000,63400000,0,2000000,0.041,400600000,118100000,183200000,0.772,2.984,27.121,27.099,171900000,0,27.37,1.107,1.105,355500000,252200000,1553400000,1553400000,0,0.032,0.12,0.107,0.074,6400000,336500000,1.0,62823347,62700000,63000000,24.775,858800000,22300000,28300000,87500000,13.697,173900000
HI,MRY,2014-12-31,2014-09-30,2014-09-30,2018-05-02,-52200000,1918500000,1976975000,637800000,1280700000,0.843,9.396,-16100000,58000000,58000000,1078000000,111200000,1.299,2.231,558500000,15000000,543500000,558500000,0,58400000,0,0.026,0.79,181700000,240100000,0.144,240100000,181700000,158400000,1.74,1.72,1.74,593800000,615575000,593800000,2476212847,13,10.313,163500000,2.587,1.0,589200000,0.353,1081200000,23300000,846700000,928275000,168500000,0,0,0,1324700000,491100000,833600000,1941312847,15300000,2000000,-1900000,-104100000,-49700000,-155500000,-8300000,5800000,179600000,-500000,109700000,109700000,109700000,0,1500000,0.066,414700000,174500000,192600000,0.454,3.269,17.697,17.753,159500000,0,30.89,1.164,1.171,340300000,311700000,1667200000,1667200000,0,0.055,0.178,0.196,0.109,7500000,383100000,1.0,62845997,63200000,63800000,26.38,837300000,30500000,48700000,76100000,13.248,146700000
HI,MRY,2015-12-31,2015-09-30,2015-09-30,2018-05-02,-107900000,1808100000,1821350000,604100000,1204000000,0.877,9.585,-28200000,48300000,48300000,1026400000,113200000,1.495,1.985,528100000,9400000,518700000,528100000,0,54300000,0,0.031,0.8,184300000,238600000,0.149,238600000,184300000,160500000,1.76,1.74,1.76,605800000,596375000,605800000,2121751739,11,8.893,76800000,1.215,1.0,570400000,0.357,1003600000,23800000,880100000,920275000,153600000,0,0,0,1202300000,404200000,798100000,1637051739,-9700000,1500000,-7800000,-26200000,-50400000,-83200000,-29500000,0,105000000,-2000000,111400000,111400000,111400000,0,1800000,0.07,376400000,194000000,104300000,0.455,2.702,14.695,14.778,158300000,0,26.01,1.025,1.029,332800000,372100000,1596800000,1596800000,0,0.061,0.187,0.2,0.115,12000000,330600000,1.0,62939321,63200000,63900000,25.266,804500000,21900000,49100000,54800000,12.729,199900000
HI,MRY,2016-12-31,2016-09-30,2016-09-30,2018-05-02,-129800000,1959700000,1933300000,600300000,1359400000,0.796,10.209,-19200000,52000000,52000000,967800000,116800000,1.384,2.033,608900000,13800000,595100000,608900000,0,60400000,0,0.026,0.81,185400000,245800000,0.16,245800000,185400000,160100000,1.78,1.77,1.78,646200000,628250000,646200000,2586218181,13,10.522,219000000,3.46,1.0,570600000,0.371,1175800000,25300000,907100000,978350000,153100000,0,0,0,1313500000,433700000,879800000,1996818181,3700000,-234300000,-10100000,83600000,-51100000,21600000,-253500000,0,238200000,-2600000,112800000,112800000,112800000,0,4000000,0.073,379500000,191100000,135700000,0.455,3.09,17.702,17.775,152500000,0,31.64,1.298,1.302,330800000,433300000,1538400000,1538400000,0,0.058,0.18,0.19,0.121,8500000,346500000,1.0,63110562,63300000,63800000,24.303,783900000,23900000,47300000,45400000,12.384,166600000
HI,MRY,2017-12-31,2017-09-30,2017-09-30,2018-05-02,-81200000,1956500000,1920375000,593600000,1362900000,0.828,12.042,-16300000,66000000,66000000,998900000,128400000,1.16,1.555,465700000,18800000,446900000,465700000,0,56600000,0,0.021,0.82,211300000,267900000,0.168,267900000,211300000,186100000,1.99,1.97,1.99,765900000,699775000,765900000,2972428320,14,11.095,229900000,3.615,1.0,591300000,0.372,1171400000,25200000,673100000,858250000,151600000,0,0,0,1190600000,511700000,678900000,2448628320,14000000,3200000,-14300000,-147200000,-51900000,-215100000,-13500000,0,246200000,-3600000,126200000,126200000,126200000,0,2200000,0.079,373600000,217700000,158000000,0.412,3.197,19.403,19.523,150400000,0,38.85,1.54,1.554,331300000,507100000,1590200000,1590200000,0,0.066,0.18,0.246,0.133,10500000,344400000,1.0,63027756,63600000,64000000,25.003,785100000,0,59900000,75700000,12.344,81900000
