ticker,dimension,calendardate,datekey,reportperiod,lastupdated,accoci,assets,assetsavg,assetsc,assetsnc,assetturnover,bvps,capex,cashneq,cashnequsd,cor,consolinc,currentratio,de,debt,debtc,debtnc,debtusd,deferredrev,depamor,deposits,divyield,dps,ebit,ebitda,ebitdamargin,ebitdausd,ebitusd,ebt,eps,epsdil,epsusd,equity,equityavg,equityusd,ev,evebit,evebitda,fcf,fcfps,fxusd,gp,grossmargin,intangibles,intexp,invcap,invcapavg,inventory,investments,investmentsc,investmentsnc,liabilities,liabilitiesc,liabilitiesnc,marketcap,ncf,ncfbus,ncfcommon,ncfdebt,ncfdiv,ncff,ncfi,ncfinv,ncfo,ncfx,netinc,netinccmn,netinccmnusd,netincdis,netincnci,netmargin,opex,opinc,payables,payoutratio,pb,pe,pe1,ppnenet,prefdivis,price,ps,ps1,receivables,retearn,revenue,revenueusd,rnd,roa,roe,roic,ros,sbcomp,sgna,sharefactor,sharesbas,shareswa,shareswadil,sps,tangibles,taxassets,taxexp,taxliabilities,tbvps,workingcapital
HMC,MRY,2011-12-31,2011-03-31,2011-03-31,2017-06-23,-1495380000000,11570874000000,11599994500000,4690047000000,6880827000000,0.77,2452.314,-293818000000,1279024000000,15430300168,6496841000000,563477000000,1.314,1.57,4100435000000,2057195000000,2043240000000,49468143578,0,589415000000,0,0.016,0.6,749389000000,1338804000000,0.15,16151493316,9040719496,740915000000,295.67,295.67,3.567,4449975000000,4389307500000,53685036397,101405172664,11,6.278,802795000000,442.408,82.89,2440026000000,0.273,0,8474000000,10824093000000,11007925500000,899813000000,639932000000,0,639932000000,6987962000000,3568192000000,3419770000000,68065748627,159122000000,71073000000,-34797000000,42783000000,-92170000000,-126192000000,-731390000000,-132485000000,1096613000000,-79909000000,534088000000,534088000000,6443302202,0,29389000000,0.06,1870251000000,569775000000,716736000000,0.168,1.268,10.564,10.516,3296988000000,0,37.51,0.631,0.631,4267672000000,5666539000000,8936867000000,107815443947,487591000000,0.046,0.122,0.068,0.084,0,1382660000000,1.0,1814602736,1814602736,,59.415,11570874000000,202291000000,206827000000,31960000000,6376.533,1121855000000
HMC,MRY,2012-12-31,2012-03-31,2012-03-31,2017-06-23,-1646078000000,11787599000000,11679236500000,4739086000000,7048513000000,0.681,2437.009,-373958000000,1247113000000,15032053461,5919633000000,222074000000,1.324,1.655,4111244000000,1876243000000,2235001000000,49554803455,0,554867000000,0,0.018,0.69,357595000000,912462000000,0.115,10998343827,4310264713,347217000000,117.34,117.34,1.414,4392226000000,4421100500000,52941614791,104294490979,24,9.483,387580000000,215.047,82.964,2028462000000,0.255,0,10378000000,11071971000000,10948032000000,1035779000000,623607000000,0,623607000000,7269697000000,3579759000000,3689938000000,69262454869,-31911000000,9957000000,-7000000,79787000000,-108138000000,-68230000000,-673069000000,-21435000000,761538000000,-52150000000,211482000000,211482000000,2549094372,0,10592000000,0.027,1797098000000,231364000000,968943000000,0.488,1.308,27.171,27.171,3446215000000,0,38.43,0.723,0.723,4258269000000,5758641000000,7948095000000,95802215965,519818000000,0.018,0.048,0.033,0.045,0,1277280000000,1.0,1802301714,1802301714,,53.155,11787599000000,188755000000,135735000000,24099000000,6540.303,1159327000000
HMC,MRY,2013-12-31,2013-03-31,2013-03-31,2017-06-23,0,14157473000000,12972536000000,5136850000000,9020623000000,0.761,3070.097,-582697000000,1270612000000,13488519839,7345162000000,392638000000,1.227,1.523,5073900000000,2316586000000,2757314000000,53863335790,0,590469000000,0,0.021,0.8,558282000000,1148751000000,0.116,12194871962,5926591149,546125000000,203.71,203.71,2.163,5533234000000,4962730000000,58739518111,104683830347,17,8.584,218047000000,120.983,94.2,2532785000000,0.256,607137000000,12157000000,13166501000000,12119236000000,1214749000000,826655000000,83623000000,743032000000,8429168000000,4187123000000,4242045000000,68955981127,-40985000000,0,-7000000,284506000000,-129765000000,119567000000,-1069756000000,-145035000000,800744000000,108460000000,367149000000,367149000000,3897567920,0,25489000000,0.037,1987975000000,544810000000,976065000000,0.37,1.174,17.692,17.692,4441460000000,0,38.26,0.658,0.658,5234695000000,5260157000000,9877947000000,104861975242,560270000000,0.028,0.074,0.046,0.057,0,1427705000000,1.0,1802299559,1802299559,,58.182,13550336000000,235298000000,178976000000,624450000000,7518.359,949727000000
HMC,MRY,2014-12-31,2014-03-31,2014-03-31,2017-06-23,0,16048438000000,15102955500000,5549158000000,10499280000000,0.828,3515.255,-698845000000,1193584000000,11601237231,9590557000000,665911000000,1.168,1.498,5998436000000,2700931000000,3297505000000,58302791471,0,588132000000,0,0.021,0.75,905498000000,1493630000000,0.119,14517583987,8801137675,892695000000,346.62,346.62,3.369,6335534000000,5934384000000,61579271273,101406026012,11,6.985,-249737000000,-138.566,102.884,2915534000000,0.233,669783000000,12803000000,15431707000000,14299104000000,1334775000000,951899000000,102020000000,849879000000,9489510000000,4751800000000,4737710000000,63693186228,-77028000000,12941000000,-25000000,-1066182000000,-142381000000,355458000000,-921023000000,-33081000000,449108000000,39429000000,624703000000,624703000000,6071904199,0,41208000000,0.05,2091670000000,823864000000,1079318000000,0.223,1.034,10.49,10.49,5248949000000,0,35.34,0.524,0.524,6088093000000,5831140000000,12506091000000,121555021291,598372000000,0.041,0.105,0.063,0.072,0,1493298000000,1.0,1802297290,1802297290,,67.444,15378655000000,173000000000,267992000000,682852000000,8532.807,797358000000
HMC,MRY,2015-12-31,2015-03-31,2015-03-31,2017-06-23,0,18425837000000,17237137500000,6296140000000,12129697000000,0.773,3944.217,-614962000000,1471730000000,12273591176,10330784000000,561098000000,1.188,1.553,6930701000000,2943278000000,3987423000000,57799046453,0,625229000000,0,0.02,0.66,772768000000,1397997000000,0.105,11658689870,6444550634,754574000000,282.66,282.66,2.357,7108627000000,6722080500000,59282872280,105008047786,16,9.007,405442000000,224.959,119.91,2997315000000,0.225,759535000000,18194000000,17824219000000,16627963000000,1498312000000,1058262000000,92708000000,965554000000,11043016000000,5301054000000,5741962000000,59043059581,278146000000,-1971000000,-16000000,-1259402000000,-158601000000,12488000000,-840496000000,11024000000,1020404000000,85750000000,509435000000,509435000000,4248467396,0,51663000000,0.038,2326712000000,670603000000,1157738000000,0.28,0.996,13.897,13.897,6524878000000,0,32.76,0.531,0.531,6504286000000,6083573000000,13328099000000,111150576723,606162000000,0.03,0.076,0.046,0.058,0,1720550000000,1.0,1802291196,1802291196,,61.672,17666302000000,138069000000,245139000000,798064000000,9802.135,995086000000
HMC,MRY,2016-12-31,2016-03-31,2016-03-31,2017-06-23,0,18229294000000,18327565500000,6241626000000,11987668000000,0.797,3751.585,-609559000000,1757456000000,15650168488,11332399000000,406358000000,1.141,1.656,6663812000000,2879429000000,3784383000000,59341332344,0,660714000000,0,0.019,0.52,591769000000,1252483000000,0.086,11153377370,5269710625,573623000000,191.16,191.16,1.702,6761433000000,6935030000000,60210648616,93413280595,17,8.375,781436000000,433.58,112.296,3268752000000,0.224,824939000000,18146000000,16840360000000,17332289500000,1313292000000,1031240000000,103035000000,928205000000,11197506000000,5470351000000,5727155000000,49274524556,285726000000,-1000000,-13000000,-1673379000000,-158601000000,-95299000000,-875077000000,-28347000000,1390995000000,-134893000000,344531000000,344531000000,3068053026,0,61827000000,0.024,2765376000000,503376000000,1128041000000,0.305,0.818,16.061,16.061,6817675000000,0,27.34,0.379,0.379,5834782000000,6194311000000,14601151000000,130023439152,656502000000,0.019,0.05,0.034,0.041,0,2108874000000,1.0,1802286926,1802286926,,72.144,17404355000000,180828000000,229092000000,835702000000,9656.817,771275000000
HMC,MRY,2017-12-31,2017-03-31,2017-03-31,2017-06-23,0,18958123000000,18593708500000,6555467000000,12402656000000,0.753,4047.807,-475422000000,2105976000000,19008032926,10865848000000,679394000000,1.208,1.561,6976143000000,2906712000000,4069431000000,62964989078,0,674329000000,0,0.018,0.55,956632000000,1630961000000,0.117,14720661768,8634330378,944161000000,342.1,342.1,3.088,7295296000000,7028364500000,65845587306,101028432810,11,6.863,409651000000,227.296,110.794,3133352000000,0.224,778192000000,12471000000,17621256000000,17230808000000,1364130000000,1111301000000,149427000000,961874000000,11388497000000,5428842000000,5959655000000,54537099284,348520000000,12826000000,-11000000,-1544368000000,-162205000000,115423000000,-650618000000,-44702000000,885073000000,-1358000000,616569000000,616569000000,5565003520,0,62825000000,0.044,2292641000000,840711000000,1183344000000,0.178,0.828,9.8,9.8,7305041000000,0,30.26,0.432,0.432,5713579000000,6712894000000,13999200000000,126353412640,691429000000,0.033,0.088,0.056,0.068,0,1601212000000,1.0,1802283519,1802283519,,70.107,18179931000000,121509000000,327592000000,945957000000,10087.165,1126625000000
