ticker,dimension,calendardate,datekey,reportperiod,lastupdated,accoci,assets,assetsavg,assetsc,assetsnc,assetturnover,bvps,capex,cashneq,cashnequsd,cor,consolinc,currentratio,de,debt,debtc,debtnc,debtusd,deferredrev,depamor,deposits,divyield,dps,ebit,ebitda,ebitdamargin,ebitdausd,ebitusd,ebt,eps,epsdil,epsusd,equity,equityavg,equityusd,ev,evebit,evebitda,fcf,fcfps,fxusd,gp,grossmargin,intangibles,intexp,invcap,invcapavg,inventory,investments,investmentsc,investmentsnc,liabilities,liabilitiesc,liabilitiesnc,marketcap,ncf,ncfbus,ncfcommon,ncfdebt,ncfdiv,ncff,ncfi,ncfinv,ncfo,ncfx,netinc,netinccmn,netinccmnusd,netincdis,netincnci,netmargin,opex,opinc,payables,payoutratio,pb,pe,pe1,ppnenet,prefdivis,price,ps,ps1,receivables,retearn,revenue,revenueusd,rnd,roa,roe,roic,ros,sbcomp,sgna,sharefactor,sharesbas,shareswa,shareswadil,sps,tangibles,taxassets,taxexp,taxliabilities,tbvps,workingcapital
HNI,MRY,2011-12-31,2011-12-31,2011-12-31,2018-05-01,1715000,1051722000,1016771250,431504000,620218000,1.803,9.353,-27888000,72812000,72812000,1194387000,45748000,1.129,1.509,181160000,30620000,150540000,181160000,0,46287000,0,0.035,0.92,82348000,128635000,0.07,128635000,82348000,70397000,1.03,1.01,1.03,419057000,404095250,419057000,1269613851,15,9.87,106390000,2.375,1.0,639063000,0.349,270761000,11951000,507039000,511602500,101873000,9157000,9157000,0,632400000,382270000,250130000,1169956851,-26284000,-54990000,-6802000,-21068000,-41250000,-69021000,-91541000,-9075000,134278000,0,45986000,45986000,45986000,0,-238000,0.025,557576000,81487000,351650000,0.893,2.792,25.442,25.34,229727000,0,26.1,0.638,0.638,204036000,348210000,1833450000,1833450000,0,0.045,0.114,0.161,0.045,7072000,554315000,1.0,44825933,44803248,45694278,40.922,780961000,16261000,24411000,40234000,17.431,49234000
HNI,MRY,2012-12-31,2012-12-29,2012-12-29,2018-05-01,1313000,1077066000,1078119000,402375000,674691000,1.859,9.298,-59088000,41782000,41782000,1314776000,48326000,1.034,1.562,155299000,4927000,150372000,155299000,0,43360000,0,0.033,0.95,89110000,132470000,0.066,132470000,89110000,78245000,1.08,1.07,1.08,420359000,416471000,420359000,1455055087,16,10.984,85689000,1.895,1.0,689227000,0.344,288348000,10865000,513064000,534702000,93515000,7250000,7250000,0,656406000,389171000,267235000,1309759087,-31030000,-26894000,-14625000,-30489000,-43041000,-89994000,-85813000,-792000,144777000,0,48967000,48967000,48967000,0,-641000,0.024,601600000,87627000,384244000,0.88,3.116,26.748,26.861,240490000,0,29.01,0.654,0.654,213490000,353942000,2004003000,2004003000,0,0.045,0.118,0.167,0.044,2281000,599656000,1.0,45148538,45211385,45819979,44.325,788718000,19412000,29278000,52868000,17.445,13204000
HNI,MRY,2013-12-31,2013-12-28,2013-12-28,2018-05-01,965000,1134705000,1119917000,433228000,701477000,1.839,9.671,-78474000,65030000,65030000,1344672000,63369000,1.053,1.6,153982000,3785000,150197000,153982000,0,46621000,0,0.024,0.96,106927000,153548000,0.075,153548000,106927000,97021000,1.41,1.39,1.41,436328000,427136500,436328000,1907461280,17,12.423,86528000,1.912,1.0,715292000,0.347,286655000,9906000,525418000,559333000,89516000,7251000,7251000,0,698288000,411584000,286704000,1782059280,23248000,0,-17897000,-5557000,-43494000,-66335000,-75419000,3946000,165002000,0,63683000,63683000,63683000,0,-314000,0.031,609305000,105987000,407799000,0.681,4.084,27.983,27.929,267401000,0,39.38,0.865,0.865,228715000,373652000,2059964000,2059964000,0,0.057,0.149,0.191,0.052,5240000,606512000,1.0,45252902,45250665,45956280,45.523,848050000,16051000,33338000,68964000,18.797,21644000
HNI,MRY,2014-12-31,2015-01-03,2015-01-03,2018-05-01,-5375000,1239334000,1177711500,455559000,783775000,1.887,9.361,-96352000,34144000,34144000,1438495000,61155000,0.996,1.99,201315000,3579000,197736000,201315000,0,56722000,0,0.02,0.99,113583000,170305000,0.077,170305000,113583000,105247000,1.37,1.35,1.37,414587000,433500000,414587000,2382946147,20,13.992,71444000,1.596,1.0,784200000,0.353,279310000,8336000,669862000,620484750,121791000,3052000,3052000,0,824833000,457333000,367500000,2241937147,-30886000,-61823000,-49439000,47213000,-44328000,-44472000,-154210000,3969000,167796000,0,61471000,61471000,61471000,0,-316000,0.028,671351000,112849000,453754000,0.723,5.408,36.471,36.861,311008000,0,50.5,1.009,1.017,240053000,374929000,2222695000,2222695000,0,0.052,0.142,0.183,0.051,6436000,649055000,1.0,44394795,44759716,45578872,49.658,960024000,17310000,43776000,89411000,21.675,-1774000
HNI,MRY,2015-12-31,2016-01-02,2016-01-02,2018-05-01,-5186000,1263925000,1290118250,438370000,825555000,1.786,10.801,-112765000,28548000,28548000,1457021000,105406000,1.006,1.649,196495000,11495000,185000000,196495000,0,57564000,0,0.029,1.045,164101000,221665000,0.096,221665000,164101000,157200000,2.38,2.32,2.38,476954000,448609000,476954000,1831397073,11,8.262,60587000,1.368,1.0,847398000,0.368,277650000,6901000,718322000,671885750,125228000,4252000,4252000,0,786626000,435900000,350726000,1593163073,-5596000,0,-14381000,-6773000,-46329000,-66073000,-112875000,-110000,173352000,0,105436000,105436000,105436000,0,-30000,0.046,683722000,163676000,424405000,0.439,3.34,15.11,15.151,341159000,0,36.06,0.691,0.693,243409000,433575000,2304419000,2304419000,0,0.082,0.235,0.244,0.071,7516000,672125000,1.0,44180895,44285298,45440653,52.036,986275000,0,51764000,88934000,22.335,2470000
HNI,MRY,2016-12-31,2016-12-31,2016-12-31,2018-05-01,-5000000,1330234000,1339368500,433041000,897193000,1.645,11.27,-118529000,36312000,36312000,1368476000,85638000,0.934,1.656,218427000,38427000,180000000,218427000,0,68947000,0,0.019,1.09,133936000,202883000,0.092,202883000,133936000,128850000,1.93,1.88,1.93,500603000,504592000,500603000,2704825599,20,13.332,104833000,2.36,1.0,835013000,0.379,511419000,5086000,537457000,759135250,118438000,2252000,2252000,0,829225000,463473000,365752000,2490492599,7764000,-34302000,-34229000,17439000,-48495000,-62572000,-153026000,-105000,223362000,0,85577000,85577000,85577000,0,61000,0.039,701321000,133692000,425046000,0.565,4.975,29.102,28.974,356445000,0,55.92,1.13,1.127,229436000,461524000,2203489000,2203489000,0,0.064,0.17,0.176,0.061,5428000,667744000,1.0,44536706,44413941,45502219,49.613,818815000,719000,43273000,110708000,18.434,-30432000
HNI,MRY,2017-12-31,2017-12-30,2017-12-30,2018-05-01,-3611000,1391550000,1386102000,488880000,902670000,1.57,11.833,-118382000,23348000,23348000,1391894000,89898000,0.998,1.706,279575000,39575000,240000000,279575000,0,72872000,0,0.029,1.13,76884000,149756000,0.069,149756000,76884000,70509000,2.05,2.0,2.05,514068000,501158000,514068000,1967857792,25,13.14,14767000,0.337,1.0,783988000,0.36,490892000,6375000,667182000,797853500,155683000,2015000,2015000,0,876973000,489703000,387270000,1674985792,-12964000,-898000,-43281000,64994000,-49557000,-28089000,-118024000,-254000,133149000,0,89795000,89795000,89795000,0,103000,0.041,707298000,76690000,450128000,0.551,3.258,18.653,18.815,390321000,0,38.57,0.77,0.777,258551000,467296000,2175882000,2175882000,0,0.065,0.179,0.096,0.035,7750000,671831000,1.0,43427166,43839004,44839813,49.633,900658000,193000,-19286000,76861000,20.731,-823000
