ticker,dimension,calendardate,datekey,reportperiod,lastupdated,accoci,assets,assetsavg,assetsc,assetsnc,assetturnover,bvps,capex,cashneq,cashnequsd,cor,consolinc,currentratio,de,debt,debtc,debtnc,debtusd,deferredrev,depamor,deposits,divyield,dps,ebit,ebitda,ebitdamargin,ebitdausd,ebitusd,ebt,eps,epsdil,epsusd,equity,equityavg,equityusd,ev,evebit,evebitda,fcf,fcfps,fxusd,gp,grossmargin,intangibles,intexp,invcap,invcapavg,inventory,investments,investmentsc,investmentsnc,liabilities,liabilitiesc,liabilitiesnc,marketcap,ncf,ncfbus,ncfcommon,ncfdebt,ncfdiv,ncff,ncfi,ncfinv,ncfo,ncfx,netinc,netinccmn,netinccmnusd,netincdis,netincnci,netmargin,opex,opinc,payables,payoutratio,pb,pe,pe1,ppnenet,prefdivis,price,ps,ps1,receivables,retearn,revenue,revenueusd,rnd,roa,roe,roic,ros,sbcomp,sgna,sharefactor,sharesbas,shareswa,shareswadil,sps,tangibles,taxassets,taxexp,taxliabilities,tbvps,workingcapital
HOLI,MRY,2011-12-31,2011-06-30,2011-06-30,2017-09-23,26825812,458583944,421657097,362411956,96171988,0.623,4.858,-16032609,94784792,94784792,171713170,41465114,2.25,0.727,48613575,16936710,31676865,48613575,43202760,4468592,0,0.0,0.0,50594106,55062698,0.209,55062698,50594106,47913965,0.76,0.75,0.76,265057657,238877191,265057657,438030939,8,7.955,-17826100,-0.327,1.0,91128716,0.347,0,2680141,251373923,215375991,27972600,18571152,0,18571152,192715669,161038804,31676865,507465882,-28832886,-16856148,1070700,-3830731,0,-2760031,-29071216,3817541,-1793491,4791852,41469998,41469998,41469998,0,-4884,0.158,46437950,44690766,68619051,0.0,1.915,12.237,12.263,53581313,0,9.32,1.931,1.935,226569733,74741788,262841886,262841886,20132575,0.098,0.174,0.235,0.192,551966,37117294,1.0,54449129,54564842,54949280,4.817,458583944,4111768,6443967,17607648,8.404,201373152
HOLI,MRY,2012-12-31,2012-06-30,2012-06-30,2017-09-23,32714556,552754975,505669459,437672433,115082542,0.636,6.074,-4973805,101877235,101877235,195357182,56573747,2.318,0.631,32556042,7914668,24641374,32556042,59293745,7587685,0,0.0,0.0,69671919,77259604,0.24,77259604,69671919,66574165,1.01,1.01,1.01,338101115,301579386,338101115,423921455,6,5.487,52205407,0.938,1.0,126346750,0.393,28183854,3097754,266421306,258897614,26745225,37664463,21586896,16077567,213469996,188828622,24641374,465976939,5663903,-5296855,672000,-17763420,0,-25335120,-27892165,-17621505,57179212,1711976,56221847,56221847,56221847,0,351900,0.175,60908566,65438184,81648956,0.0,1.378,8.288,8.436,63536646,0,8.52,1.448,1.474,285675184,130934342,321703932,321703932,25552297,0.111,0.186,0.269,0.217,1139368,53662325,1.0,54692129,55659765,55828361,5.78,524571121,1325929,10352318,22200674,9.425,248843811
HOLI,MRY,2013-12-31,2013-06-30,2013-06-30,2017-09-23,36871667,744632926,648693950,546448188,198184738,0.538,7.366,-8754000,115618723,115618723,225386000,52521000,2.036,0.796,36105076,17000343,19104733,36105076,67066822,9230000,0,0.0,0.0,62261000,71491000,0.205,71491000,62261000,60091000,0.93,0.92,0.93,413728288,375914701,413728288,625625366,10,8.751,21923000,0.39,1.0,123669000,0.354,77604616,2170000,319062480,292741893,34104057,47392496,20858840,26533656,329157931,268452183,60705748,694946559,15896000,-11824000,967000,-4682000,0,-3715000,-12101000,8477000,30677000,1035000,51994000,51994000,51994000,0,527000,0.149,65967000,57702000,119005690,0.0,1.68,13.366,13.344,79496315,0,12.41,1.991,1.997,367178638,182873145,349055000,349055000,32507000,0.08,0.138,0.213,0.178,1599000,56442000,1.0,55998917,56167592,56412469,6.215,667028310,6232772,8097000,33804367,11.876,277996005
HOLI,MRY,2014-12-31,2014-06-30,2014-06-30,2017-09-23,39013000,926695000,835663963,729893000,196802000,0.624,8.433,-7493000,170518000,170518000,345709000,71451000,1.83,0.89,27989000,13011000,14978000,27989000,130696000,12709000,0,0.0,0.0,91479000,104188000,0.2,104188000,91479000,89481000,1.2,1.19,1.2,488475000,451101644,488475000,1330003992,14,12.765,75785000,1.308,1.0,175623000,0.337,73150000,1998000,312125000,315593740,35053000,55330000,28334000,26996000,434637000,398891000,35746000,1409517639,49930000,-5510000,0,-8327000,0,-8327000,-25230000,-12227000,83278000,209000,69620000,69620000,69620000,0,1831000,0.134,77216000,98407000,144560000,0.0,2.886,20.246,20.408,82345000,0,24.49,2.704,2.721,484920000,252351000,521332000,521332000,36486000,0.083,0.154,0.29,0.175,2986000,67974000,1.0,57554824,57926333,58426642,9.0,853545000,9159000,19861000,43669000,14.735,331002000
HOLI,MRY,2015-12-31,2015-06-30,2015-06-30,2017-09-23,37585000,983686000,955190500,806640000,177046000,0.556,9.88,-3759000,233171000,233171000,316977000,99187000,2.153,0.688,50957000,30406000,20551000,50957000,138587000,13159000,0,0.017,0.4,124388000,137547000,0.259,137547000,124388000,122567000,1.65,1.61,1.65,579100000,533787500,579100000,1240513693,9,9.019,80193000,1.368,1.0,214402000,0.403,61611000,1821000,365265000,338695000,34706000,70620000,49650000,20970000,398301000,374596000,23705000,1383042420,45675000,-14600000,1280000,23630000,-23300000,1261000,-39895000,-21785000,83952000,357000,96527000,96527000,96527000,0,2660000,0.182,84295000,130107000,108164000,0.242,2.388,14.328,14.564,80222000,0,24.03,2.603,2.651,484709000,318441000,531379000,531379000,35779000,0.101,0.181,0.367,0.234,2492000,77049000,1.0,57554824,58612596,60134203,9.066,922075000,6391000,26040000,31844000,15.732,432044000
HOLI,MRY,2016-12-31,2016-06-30,2016-06-30,2017-09-23,-8467000,1004156000,993921000,827310000,176846000,0.548,11.394,-7813000,256687000,256687000,338599000,123504000,2.783,0.477,30392000,9884000,20508000,30392000,82004000,7365000,0,0.0,0.0,134113000,141478000,0.26,141478000,134113000,132709000,2.0,1.97,2.0,674156000,626628000,674156000,831473509,6,5.877,38924000,0.658,1.0,205726000,0.378,60703000,1404000,419832000,392548500,36401000,65592000,42368000,23224000,321471000,297326000,24145000,1013687509,21261000,464000,5441000,-19957000,0,-6780000,-2454000,4895000,46737000,-16242000,118471000,118471000,118471000,0,5033000,0.218,85143000,120583000,109125000,0.0,1.504,8.556,8.685,79938000,0,17.37,1.862,1.888,480138000,430627000,544325000,544325000,36564000,0.119,0.189,0.342,0.246,3860000,71469000,1.0,58358521,59170050,60611456,9.199,943453000,13342000,14238000,31958000,15.945,529984000
HOLI,MRY,2017-12-31,2017-06-30,2017-06-30,2017-09-23,-22859000,1058254000,1031205000,865356000,192898000,0.419,12.021,-3647000,237174000,237174000,291472000,68969000,2.856,0.463,29122000,8541000,20581000,29122000,107407000,9636000,0,0.012,0.2,84268000,93904000,0.217,93904000,84268000,83330000,1.15,1.14,1.15,723519000,698837500,723519000,763629424,9,8.132,66166000,1.099,1.0,140471000,0.325,49254000,938000,497970000,458901000,45660000,148002000,96214000,51788000,334714000,302978000,31736000,989924424,-31455000,-17792000,6322000,-1760000,-11975000,-7413000,-89553000,-68202000,69813000,-4302000,68944000,68944000,68944000,0,25000,0.16,80201000,60270000,125398000,0.174,1.368,14.358,14.443,80529000,0,16.61,2.292,2.315,472790000,482999000,431943000,431943000,30109000,0.067,0.099,0.184,0.195,464000,68709000,1.0,59598099,60189004,61011510,7.176,1009000000,14020000,14386000,24898000,16.764,562378000
