ticker,dimension,calendardate,datekey,reportperiod,lastupdated,accoci,assets,assetsavg,assetsc,assetsnc,assetturnover,bvps,capex,cashneq,cashnequsd,cor,consolinc,currentratio,de,debt,debtc,debtnc,debtusd,deferredrev,depamor,deposits,divyield,dps,ebit,ebitda,ebitdamargin,ebitdausd,ebitusd,ebt,eps,epsdil,epsusd,equity,equityavg,equityusd,ev,evebit,evebitda,fcf,fcfps,fxusd,gp,grossmargin,intangibles,intexp,invcap,invcapavg,inventory,investments,investmentsc,investmentsnc,liabilities,liabilitiesc,liabilitiesnc,marketcap,ncf,ncfbus,ncfcommon,ncfdebt,ncfdiv,ncff,ncfi,ncfinv,ncfo,ncfx,netinc,netinccmn,netinccmnusd,netincdis,netincnci,netmargin,opex,opinc,payables,payoutratio,pb,pe,pe1,ppnenet,prefdivis,price,ps,ps1,receivables,retearn,revenue,revenueusd,rnd,roa,roe,roic,ros,sbcomp,sgna,sharefactor,sharesbas,shareswa,shareswadil,sps,tangibles,taxassets,taxexp,taxliabilities,tbvps,workingcapital
HRC,MRY,2011-12-31,2011-09-30,2011-09-30,2018-04-28,-79000000,1299100000,1276325000,791700000,507400000,1.247,11.857,-63000000,224600000,224600000,810400000,133500000,2.37,0.752,151100000,100300000,50800000,151100000,0,103900000,0,0.014,0.43,168000000,271900000,0.171,271900000,168000000,159500000,2.11,2.09,2.11,741700000,746150000,741700000,1766119884,10,6.495,159500000,2.525,1.0,781300000,0.491,213300000,8500000,678300000,659175000,95600000,11100000,0,11100000,557400000,334000000,223400000,1895919884,40100000,-15500000,-69300000,-600000,-27000000,-101900000,-78000000,500000,222500000,-2500000,133300000,133300000,133300000,0,200000,0.084,614500000,166800000,64800000,0.204,2.556,14.223,14.227,222800000,0,30.02,1.191,1.191,386200000,1309800000,1591700000,1591700000,63800000,0.104,0.179,0.255,0.106,5400000,502000000,1.0,63155226,63164000,63899000,25.199,1085800000,76700000,26200000,36200000,17.358,457700000
HRC,MRY,2012-12-31,2012-09-30,2012-09-30,2018-04-28,-78000000,1627600000,1360575000,681800000,945800000,1.201,13.087,-67200000,84300000,84300000,879600000,120800000,1.803,1.003,352700000,115200000,237500000,352700000,0,95200000,0,0.017,0.487,170000000,265200000,0.162,265200000,170000000,163500000,1.94,1.94,1.94,812600000,797775000,812600000,1681768651,9,6.342,194500000,3.131,1.0,754700000,0.462,626000000,6500000,891900000,724150000,126900000,7300000,0,7300000,815000000,378100000,436900000,1806768651,-140300000,-476800000,-33600000,199600000,-30100000,135600000,-539500000,0,261700000,1900000,120800000,120800000,120800000,0,0,0.074,585900000,168800000,80700000,0.251,2.223,14.957,14.979,250100000,0,29.06,1.106,1.105,392600000,1400300000,1634300000,1634300000,66900000,0.089,0.151,0.235,0.104,10300000,496400000,1.0,62173732,62120000,62361000,26.309,1001600000,87500000,42700000,68100000,16.131,303700000
HRC,MRY,2013-12-31,2013-09-30,2013-09-30,2018-04-28,-35700000,1586800000,1581625000,688000000,898800000,1.085,14.599,-59400000,127400000,127400000,935900000,105000000,1.992,0.848,307000000,81200000,225800000,307000000,0,89100000,0,0.015,0.525,153500000,242600000,0.141,242600000,153500000,144000000,1.75,1.74,1.75,858700000,823700000,858700000,2335390241,15,9.627,203800000,3.402,1.0,780300000,0.455,595500000,9500000,825500000,847600000,118300000,0,0,0,728100000,345400000,382700000,2102090241,43100000,800000,-83900000,-45100000,-31200000,-161500000,-58600000,0,263200000,0,105000000,105000000,105000000,0,0,0.061,625400000,154900000,80800000,0.3,2.448,20.02,20.474,234300000,0,35.83,1.225,1.251,361800000,1473800000,1716200000,1716200000,70200000,0.066,0.127,0.181,0.089,13200000,549500000,1.0,58668441,59910000,60250000,28.646,991300000,85700000,39000000,67000000,16.853,342600000
HRC,MRY,2014-12-31,2014-09-30,2014-09-30,2018-04-28,-74100000,1751300000,1571475000,779300000,972000000,1.073,14.054,-60300000,99300000,99300000,906200000,60600000,1.762,1.171,491000000,126900000,364100000,491000000,0,77600000,0,0.014,0.595,125000000,202600000,0.12,202600000,125000000,115200000,1.05,1.04,1.05,806500000,819950000,806500000,2560248647,20,12.637,150000000,2.606,1.0,779900000,0.463,660900000,9800000,1039800000,857475000,176200000,0,0,0,944800000,442300000,502500000,2377348647,-28100000,-234900000,-57800000,157400000,-34200000,63800000,-294500000,0,210300000,-7700000,60600000,60600000,60600000,0,0,0.036,657300000,122600000,112700000,0.567,2.948,39.23,39.457,261500000,0,41.43,1.41,1.414,411000000,1499800000,1686100000,1686100000,71900000,0.039,0.074,0.146,0.074,18300000,548300000,1.0,57382299,57555000,58523000,29.295,1090400000,63900000,54600000,31000000,19.002,337000000
HRC,MRY,2015-12-31,2015-09-30,2015-09-30,2018-04-28,-140800000,4457600000,2414375000,1141000000,3316600000,0.823,19.72,-119800000,192800000,192800000,1107900000,46800000,1.971,2.853,2233200000,58000000,2175200000,2233200000,0,84100000,0,0.012,0.633,84400000,168500000,0.085,168500000,84400000,66000000,0.83,0.82,0.83,1156900000,847675000,1156900000,3403251432,40,20.197,94000000,1.642,1.0,880300000,0.443,2858200000,18400000,3061000000,1632325000,267400000,0,0,0,3300700000,578800000,2721900000,2948851432,93500000,-1638700000,-48400000,1726500000,-37100000,1642700000,-1756400000,0,213800000,-6600000,47700000,47700000,47700000,0,-900000,0.024,797200000,83100000,136300000,0.763,2.549,61.821,62.639,378400000,0,51.99,1.483,1.497,494700000,1509900000,1988200000,1988200000,91800000,0.02,0.056,0.052,0.042,21400000,664200000,1.0,56719589,57249000,58536000,34.729,1599400000,98600000,18300000,380600000,27.263,562200000
HRC,MRY,2016-12-31,2016-09-30,2016-09-30,2018-04-28,-169100000,4262400000,4253275000,1082100000,3180300000,0.624,18.888,-81100000,232200000,232200000,1398200000,122800000,1.634,2.449,2148500000,210100000,1938400000,2148500000,0,113100000,0,0.011,0.67,230000000,343100000,0.129,343100000,230000000,139600000,1.9,1.86,1.9,1235900000,1189325000,1235900000,5989317662,26,17.456,200100000,3.063,1.0,1257000000,0.473,2727700000,90400000,2788700000,2901325000,252000000,0,0,0,3026500000,662300000,2364200000,4057517662,39400000,-15000000,1600000,-102900000,-43800000,-141900000,-97700000,0,281200000,-2200000,124100000,124100000,124100000,0,-1300000,0.047,1026700000,230300000,136000000,0.353,3.283,32.696,32.621,350000000,0,61.98,1.528,1.525,515100000,1589700000,2655200000,2655200000,133500000,0.029,0.104,0.079,0.087,19500000,853300000,1.0,65464951,65333000,66596000,40.641,1534700000,43100000,15500000,287800000,23.455,419800000
HRC,MRY,2017-12-31,2017-09-30,2017-09-30,2018-04-28,-110000000,4528700000,4407650000,1166200000,3362500000,0.622,20.787,-82400000,231800000,231800000,1423100000,132300000,1.77,2.316,2309300000,188900000,2120400000,2309300000,0,102400000,0,0.01,0.71,273200000,375600000,0.137,375600000,273200000,184300000,2.04,1.99,2.04,1365600000,1276225000,1365600000,6970873872,25,18.559,228700000,3.486,1.0,1320600000,0.481,2903600000,88900000,3043900000,2979375000,284500000,0,0,0,3163100000,658700000,2504400000,4875173872,-400000,-305600000,-37800000,155000000,-46600000,70600000,-389400000,0,311100000,7300000,133600000,133600000,133600000,0,-1300000,0.049,1047200000,273400000,167900000,0.348,3.57,36.491,36.275,355400000,0,74.0,1.777,1.769,579300000,1676200000,2743700000,2743700000,133700000,0.03,0.105,0.092,0.1,23000000,876100000,1.0,65880728,65599000,67225000,41.825,1625100000,40900000,50700000,266200000,24.737,507500000
