ticker,dimension,calendardate,datekey,reportperiod,lastupdated,accoci,assets,assetsavg,assetsc,assetsnc,assetturnover,bvps,capex,cashneq,cashnequsd,cor,consolinc,currentratio,de,debt,debtc,debtnc,debtusd,deferredrev,depamor,deposits,divyield,dps,ebit,ebitda,ebitdamargin,ebitdausd,ebitusd,ebt,eps,epsdil,epsusd,equity,equityavg,equityusd,ev,evebit,evebitda,fcf,fcfps,fxusd,gp,grossmargin,intangibles,intexp,invcap,invcapavg,inventory,investments,investmentsc,investmentsnc,liabilities,liabilitiesc,liabilitiesnc,marketcap,ncf,ncfbus,ncfcommon,ncfdebt,ncfdiv,ncff,ncfi,ncfinv,ncfo,ncfx,netinc,netinccmn,netinccmnusd,netincdis,netincnci,netmargin,opex,opinc,payables,payoutratio,pb,pe,pe1,ppnenet,prefdivis,price,ps,ps1,receivables,retearn,revenue,revenueusd,rnd,roa,roe,roic,ros,sbcomp,sgna,sharefactor,sharesbas,shareswa,shareswadil,sps,tangibles,taxassets,taxexp,taxliabilities,tbvps,workingcapital
HURC,MRY,2011-12-31,2011-10-31,2011-10-31,2018-03-09,-1994000,186545000,180278750,164074000,22471000,1.001,19.595,-2842000,44961000,44961000,124526000,11124000,2.867,0.478,865000,865000,0,865000,0,4300000,0,0.0,0.0,15762000,20062000,0.111,20062000,15762000,15619000,1.72,1.71,1.72,126212000,122312250,126212000,119950028,7,5.979,-4037000,-0.627,1.0,55874000,0.31,4928000,143000,80293000,72637750,81127000,7196000,1197000,5999000,60333000,57228000,3105000,168235028,-3294000,0,0,844000,0,844000,-2876000,-34000,-1195000,-67000,11124000,11124000,11124000,0,0,0.062,38493000,17381000,39046000,0.0,1.333,15.124,15.186,11544000,0,26.12,0.933,0.933,27057000,74948000,180400000,180400000,0,0.062,0.091,0.217,0.087,470000,38493000,1.0,6440851,6441000,6472000,28.008,181617000,4134000,4495000,1982000,28.197,106846000
HURC,MRY,2012-12-31,2012-10-31,2012-10-31,2018-03-09,-853000,195312000,194768500,173381000,21931000,1.043,22.3,-3731000,35770000,35770000,139936000,15638000,3.512,0.358,3206000,3206000,0,3206000,0,4126000,0,0.0,0.0,22032000,26158000,0.129,26158000,22032000,21864000,2.41,2.4,2.41,143793000,137561750,143793000,116204885,5,4.442,-10718000,-1.663,1.0,63181000,0.311,5139000,168000,108237000,100075250,91320000,5421000,708000,4713000,51519000,49372000,2147000,148156885,-9191000,0,1000,2293000,0,2294000,-3773000,-42000,-6987000,-725000,15638000,15638000,15638000,0,0,0.077,41160000,22021000,29788000,0.0,1.03,9.474,9.535,12079000,0,22.98,0.729,0.729,35297000,90586000,203117000,203117000,0,0.08,0.114,0.22,0.108,870000,41160000,1.0,6447210,6445000,6470000,31.515,190173000,2641000,6226000,903000,29.493,124009000
HURC,MRY,2013-12-31,2013-10-31,2013-10-31,2018-03-09,-1984000,211235000,204277250,185002000,26233000,0.944,23.436,-2378000,42804000,42804000,137748000,8190000,3.322,0.394,3665000,3665000,0,3665000,0,3392000,0,0.004,0.1,12722000,16114000,0.084,16114000,12722000,12442000,1.26,1.25,1.26,151491000,148448250,151491000,119454172,9,7.413,12007000,1.86,1.0,55056000,0.286,8676000,280000,107734000,106960000,95260000,5957000,699000,5258000,59744000,55686000,4058000,158329172,7034000,-380000,302000,-4271000,-646000,-4612000,-3014000,-256000,14385000,275000,8190000,8190000,8190000,0,0,0.042,41413000,13643000,35527000,0.079,1.045,19.332,19.437,12299000,0,24.49,0.821,0.82,36145000,98130000,192804000,192804000,0,0.04,0.055,0.119,0.066,979000,41413000,1.0,6465054,6455000,6497000,29.869,202559000,2080000,4252000,1846000,31.336,129316000
HURC,MRY,2014-12-31,2014-10-31,2014-10-31,2018-03-09,-3560000,236931000,224200250,210754000,26177000,0.992,25.295,-2510000,53846000,53846000,153691000,15143000,3.155,0.439,3272000,3272000,0,3272000,0,3309000,0,0.007,0.26,21625000,24934000,0.112,24934000,21625000,21361000,2.31,2.3,2.31,164645000,158968250,164645000,202527026,9,8.123,13825000,2.128,1.0,68612000,0.309,7760000,264000,111794000,108571750,95992000,10039000,3127000,6912000,72286000,66803000,5483000,250633026,11042000,0,359000,-379000,-1693000,-1713000,-2586000,-76000,16335000,-994000,15143000,15143000,15143000,0,0,0.068,46615000,21997000,42718000,0.113,1.522,16.551,16.68,11505000,0,38.53,1.127,1.126,45435000,111580000,222303000,222303000,0,0.068,0.095,0.199,0.097,921000,46615000,1.0,6504880,6497000,6538000,34.216,229171000,2062000,6218000,2047000,35.208,143951000
HURC,MRY,2015-12-31,2015-10-31,2015-10-31,2018-03-09,-9386000,248577000,239050500,216112000,32465000,0.918,26.643,-4471000,55237000,55237000,150292000,16214000,3.32,0.424,1583000,1583000,0,1583000,0,3222000,0,0.012,0.31,23751000,26973000,0.123,26973000,23751000,23553000,2.46,2.44,2.46,174568000,170479000,174568000,127657662,5,4.733,24312000,3.716,1.0,69091000,0.315,7513000,198000,122324000,114494000,106308000,8317000,1228000,7089000,74009000,65086000,8923000,176044662,1391000,-17650000,257000,-1605000,-2034000,-3502000,-21813000,308000,28783000,-2077000,16214000,16214000,16214000,0,0,0.074,45287000,23804000,43458000,0.126,1.008,10.858,10.923,13142000,0,26.87,0.802,0.801,41766000,125760000,219383000,219383000,0,0.068,0.095,0.207,0.108,1432000,45287000,1.0,6551718,6543000,6602000,33.529,241064000,4721000,7339000,4951000,36.792,151026000
HURC,MRY,2016-12-31,2016-10-31,2016-10-31,2018-03-09,-11043000,251949000,251074500,218381000,33568000,0.905,28.209,-3913000,41217000,41217000,156849000,13292000,3.767,0.358,1476000,1476000,0,1476000,0,3868000,0,0.013,0.35,18957000,22825000,0.1,22825000,18957000,18885000,2.01,1.99,2.01,185475000,181061000,185475000,131517298,6,5.762,-10630000,-1.618,1.0,70440000,0.31,8390000,72000,145850000,137536750,117025000,8468000,1725000,6743000,66474000,57968000,8506000,172215298,-14020000,0,0,0,-2310000,-2456000,-3913000,0,-6717000,-934000,13292000,13292000,13292000,0,0,0.058,50824000,19616000,37200000,0.174,0.929,12.956,13.035,12297000,0,26.2,0.758,0.757,48631000,136742000,227289000,227289000,0,0.053,0.073,0.138,0.083,1753000,50824000,1.0,6573103,6569000,6642000,34.6,243559000,6138000,5593000,5257000,37.043,160413000
HURC,MRY,2017-12-31,2017-10-31,2017-10-31,2018-03-09,-8190000,281645000,267329500,246415000,35230000,0.911,30.604,-4445000,66307000,66307000,173103000,15115000,3.476,0.387,1507000,1507000,0,1507000,0,3616000,0,0.009,0.39,20807000,24423000,0.1,24423000,20807000,20716000,2.27,2.25,2.27,203085000,194683750,203085000,236774815,11,9.695,25927000,3.919,1.0,70564000,0.29,9742000,91000,136214000,134678500,119948000,7727000,596000,7131000,78560000,70889000,7671000,296432815,25090000,0,534000,0,-2590000,-2351000,-4028000,417000,30372000,1097000,15115000,15115000,15115000,0,0,0.062,49661000,20903000,47638000,0.172,1.46,19.612,19.714,12181000,0,44.75,1.217,1.215,50094000,149267000,243667000,243667000,0,0.057,0.078,0.154,0.085,1993000,49661000,1.0,6624197,6615000,6680000,36.836,271903000,6176000,5601000,3954000,40.974,175526000
