ticker,dimension,calendardate,datekey,reportperiod,lastupdated,accoci,assets,assetsavg,assetsc,assetsnc,assetturnover,bvps,capex,cashneq,cashnequsd,cor,consolinc,currentratio,de,debt,debtc,debtnc,debtusd,deferredrev,depamor,deposits,divyield,dps,ebit,ebitda,ebitdamargin,ebitdausd,ebitusd,ebt,eps,epsdil,epsusd,equity,equityavg,equityusd,ev,evebit,evebitda,fcf,fcfps,fxusd,gp,grossmargin,intangibles,intexp,invcap,invcapavg,inventory,investments,investmentsc,investmentsnc,liabilities,liabilitiesc,liabilitiesnc,marketcap,ncf,ncfbus,ncfcommon,ncfdebt,ncfdiv,ncff,ncfi,ncfinv,ncfo,ncfx,netinc,netinccmn,netinccmnusd,netincdis,netincnci,netmargin,opex,opinc,payables,payoutratio,pb,pe,pe1,ppnenet,prefdivis,price,ps,ps1,receivables,retearn,revenue,revenueusd,rnd,roa,roe,roic,ros,sbcomp,sgna,sharefactor,sharesbas,shareswa,shareswadil,sps,tangibles,taxassets,taxexp,taxliabilities,tbvps,workingcapital
ICH,MRY,2011-12-31,2011-03-31,2011-03-31,2017-06-18,56717,18750485,18174149,13689899,5060586,4.691,1.455,-196946,4587195,4587195,67125324,-910130,1.695,0.974,1527969,1527969,0,1527969,113486,420409,0,0.0,0.0,-998562,-578153,-0.007,-578153,-998562,-1022260,-0.14,-0.14,-0.14,9497931,9849968,9497931,35384789,-35,-61.203,513916,0.079,1.0,18128641,0.213,132131,23698,7482670,6002011,0,2223355,897217,1326138,9252554,8076458,1176096,40418395,-1225670,0,0,-1759809,0,-1759809,-176753,129078,710862,0,-910130,-910130,-910130,0,0,-0.011,19127203,-998562,4356298,0.0,4.255,-44.409,-43.643,597735,0,6.11,0.474,0.468,6798638,-2874214,85253965,85253965,0,-0.05,-0.092,-0.166,-0.012,183743,17080660,1.0,6615122,6527315,6527315,13.061,18618354,1376653,-112130,0,2.852,5613441
ICH,MRY,2012-12-31,2012-03-31,2012-03-31,2017-06-18,0,15490997,15602974,10940322,4550675,5.194,1.113,-177062,4537713,4537713,64775584,-2331829,1.614,1.135,1613874,1613874,0,1613874,146198,380139,0,0.0,0.0,-2625704,-2245565,-0.028,-2245565,-2625704,-2663065,-0.36,-0.36,-0.36,7256425,7700040,7256425,22203470,-8,-9.888,1618150,0.248,1.0,16265178,0.201,172240,37361,5618515,5241754,0,1892635,890014,1002621,8234572,6776403,1458169,26553940,-49482,0,0,-2231786,0,-2231786,387092,600597,1795212,0,-2331829,-2331829,-2331829,0,0,-0.029,18890882,-2625704,3608007,0.0,3.659,-11.388,-11.083,340007,0,3.99,0.328,0.321,4525157,-5206043,81040762,81040762,0,-0.149,-0.303,-0.501,-0.032,147040,17100619,1.0,6655123,6520025,6520025,12.43,15318757,1687668,-331236,0,2.349,4163919
ICH,MRY,2013-12-31,2013-03-31,2013-03-31,2017-06-18,0,19896652,16698721,15637283,4259369,5.083,1.253,-176806,6589698,6589698,67378564,366292,1.923,1.552,3517822,1517822,2000000,3517822,188651,321231,0,0.0,0.0,616676,937907,0.011,937907,616676,586008,0.06,0.06,0.06,7795497,7832864,7795497,20542036,33,21.902,2351509,0.378,1.0,17506826,0.206,107590,30668,8584722,6199833,0,1746336,852633,893703,12101155,8132464,3968691,25041986,2051985,0,0,-321733,0,-321733,-154597,22209,2528315,0,366292,366292,366292,0,0,0.004,16890150,616676,4607612,0.0,3.212,68.366,62.5,194446,0,3.75,0.295,0.275,7160553,-4839751,84885390,84885390,0,0.022,0.047,0.099,0.007,172780,15486075,1.0,6677863,6219022,6522764,13.649,19789062,1196452,219716,0,3.182,7504819
ICH,MRY,2014-12-31,2014-03-31,2014-03-31,2017-06-18,0,18370620,18927558,13053594,5317026,4.946,0.861,-10095,4481769,4481769,74857375,-2381078,1.619,2.181,3353608,1353608,2000000,3353608,324353,209930,0,0.0,0.0,-2727588,-2517658,-0.027,-2517658,-2727588,-2926044,-0.35,-0.35,-0.35,5775887,6727257,5775887,46371851,-17,-18.419,-13634,-0.002,1.0,18757033,0.2,56272,198456,9125675,8014282,0,2300046,1093014,1207032,12594733,8060512,4534221,50645169,-2107929,0,0,-2048705,0,-2048705,-55685,-27590,-3539,0,-2381078,-2381078,-2381078,0,0,-0.025,21484621,-2727588,4908123,0.0,8.768,-21.27,-20.4,45929,0,7.14,0.541,0.512,6555920,-7220829,93614408,93614408,0,-0.126,-0.354,-0.34,-0.029,361469,19971289,1.0,7093161,6711522,6711522,13.948,18314348,1654072,-544966,0,2.729,4993082
