ticker,dimension,calendardate,datekey,reportperiod,lastupdated,accoci,assets,assetsavg,assetsc,assetsnc,assetturnover,bvps,capex,cashneq,cashnequsd,cor,consolinc,currentratio,de,debt,debtc,debtnc,debtusd,deferredrev,depamor,deposits,divyield,dps,ebit,ebitda,ebitdamargin,ebitdausd,ebitusd,ebt,eps,epsdil,epsusd,equity,equityavg,equityusd,ev,evebit,evebitda,fcf,fcfps,fxusd,gp,grossmargin,intangibles,intexp,invcap,invcapavg,inventory,investments,investmentsc,investmentsnc,liabilities,liabilitiesc,liabilitiesnc,marketcap,ncf,ncfbus,ncfcommon,ncfdebt,ncfdiv,ncff,ncfi,ncfinv,ncfo,ncfx,netinc,netinccmn,netinccmnusd,netincdis,netincnci,netmargin,opex,opinc,payables,payoutratio,pb,pe,pe1,ppnenet,prefdivis,price,ps,ps1,receivables,retearn,revenue,revenueusd,rnd,roa,roe,roic,ros,sbcomp,sgna,sharefactor,sharesbas,shareswa,shareswadil,sps,tangibles,taxassets,taxexp,taxliabilities,tbvps,workingcapital
IMKTA,MRY,2011-12-31,2011-09-24,2011-09-24,2018-05-09,0,1618349808,1576463478,389364457,1228985351,2.264,17.671,-94356720,12421250,12421250,2775292805,39059510,1.34,2.747,855119736,34375989,820743747,855119736,0,85408086,0,0.047,0.66,122676265,208084351,0.058,208084351,122676265,60710510,1.67,1.6,1.67,431945594,423757509,431945594,1195134064,9,5.744,2871538,0.117,1.0,793730289,0.222,0,61965755,2170552330,2098183547,303166488,75730905,0,75730905,1186404214,290495964,895908250,344894384,-45433337,0,-750240,37620735,-15444465,21426030,-164087625,-69730905,97228258,0,39059510,39059510,39059510,0,0,0.011,675213469,118516820,166797912,0.395,0.798,8.83,8.449,1133204187,0,14.11,0.097,0.097,56841059,313879289,3569023094,3569023094,0,0.025,0.092,0.058,0.034,0,677889162,1.0,24443259,24443259,,146.013,1618349808,0,21651000,67939000,66.208,98868493
IMKTA,MRY,2012-12-31,2012-09-29,2012-09-29,2018-05-09,0,1642108604,1618426540,426203869,1215904735,2.297,18.855,-179291821,4683410,4683410,2897534853,43444343,1.392,2.59,835168513,49928264,785240249,835168513,0,90530952,0,0.04,0.66,127373907,217904859,0.059,217904859,127373907,67347343,1.87,1.79,1.87,457413469,445107645,457413469,1236410224,9,5.674,-45541053,-1.877,1.0,820779798,0.221,0,60026564,2166441974,2184477611,329614925,0,0,0,1184695135,306151733,878543402,396647337,-7737840,0,-2617067,-19951224,-15359401,-37927692,-103560916,75730905,133750768,0,43444343,43444343,43444343,0,0,0.012,696932956,123846842,163541226,0.353,0.867,9.13,8.743,1197137643,0,16.35,0.107,0.107,61519081,341964231,3718314651,3718314651,0,0.027,0.098,0.058,0.034,0,697602981,1.0,24259776,24259776,,153.271,1642108604,0,23903000,84120000,67.689,120052136
IMKTA,MRY,2013-12-31,2013-09-28,2013-09-28,2018-05-09,0,1669327737,1660904041,434540068,1234787669,2.251,18.042,-93643589,16844007,16844007,2910730478,20795890,1.729,3.065,912470999,18956761,893514238,912470999,0,94889139,0,0.046,1.32,85385268,180274407,0.048,180274407,85385268,26242890,0.89,0.87,0.89,410639275,427345118,410639275,1576791763,18,8.747,51557093,2.265,1.0,827809983,0.221,0,59142378,2313680722,2276615855,329691256,0,0,0,1258688462,251274007,1007414455,646832833,12160597,0,-37125000,65853058,-30445084,-39396496,-93643589,0,145200682,0,20795890,20795890,20795890,0,0,0.006,702235808,125574175,160314263,1.483,1.575,31.104,31.933,1212132055,0,28.42,0.173,0.173,59929491,332315037,3738540461,3738540461,0,0.013,0.049,0.038,0.023,0,706497512,1.0,22759776,22759776,,164.261,1669327737,0,5447000,86082000,73.346,183266061
IMKTA,MRY,2014-12-31,2014-09-27,2014-09-27,2018-05-09,0,1656951564,1656357773,413917298,1243034266,2.316,16.81,-107904341,8613628,8613628,2990822438,51426454,1.651,3.331,937259743,12488400,924771343,937259743,0,97663587,0,0.027,0.66,126346318,224009905,0.058,224009905,126346318,79776454,2.36,2.28,2.36,382602167,414042249,382602167,1452421742,11,6.484,46444440,2.041,1.0,845163515,0.22,0,46569864,2334849660,2340324874,329523604,0,0,0,1274349397,250748019,1023601378,547145015,-8230379,0,-65000000,24788743,-14463562,-54674819,-107904341,0,154348781,0,51426454,51426454,51426454,0,0,0.013,721818358,123345157,167314891,0.28,1.43,10.639,10.186,1218607029,0,24.04,0.143,0.143,60991062,369277929,3835985953,3835985953,0,0.031,0.124,0.054,0.033,0,722644214,1.0,22759776,22759776,,168.542,1656951564,0,28350000,70040000,72.802,163169279
IMKTA,MRY,2015-12-31,2015-09-26,2015-09-26,2018-05-09,0,1654828227,1663582972,423746483,1231081744,2.271,21.174,-99679938,7505040,7505040,2885339982,59353123,1.682,2.858,886053527,11367710,874685817,886053527,0,102876964,0,0.015,0.66,141464897,244341861,0.065,244341861,141464897,94458123,3.02,2.93,3.02,428978400,411205474,428978400,1807843560,12,7.399,53785252,2.655,1.0,893303800,0.236,0,47006774,2281416818,2346239442,338644128,0,0,0,1225849827,251959896,973889931,898318467,-1108588,0,0,-41916950,-12976890,-54893840,-99679938,0,153465190,0,59353123,59353123,59353123,0,0,0.016,754121757,139182043,166039952,0.219,2.094,15.135,14.682,1211458393,0,44.34,0.238,0.238,66284163,415654162,3778643782,3778643782,0,0.036,0.144,0.06,0.037,0,756313013,1.0,20259776,20259776,,186.51,1654828227,0,35105000,64643000,81.68,171786587
IMKTA,MRY,2016-12-31,2016-09-24,2016-09-24,2018-05-09,0,1686478299,1686305400,418487439,1267990860,2.25,23.207,-136883603,5679509,5679509,2870572206,54189466,1.732,2.587,876474094,10000629,866473465,876474094,0,106587686,0,0.017,0.66,130964770,237552456,0.063,237552456,130964770,84634466,2.75,2.68,2.75,470175610,454486630,470175610,1674427286,12,7.049,22147155,1.093,1.0,924405200,0.244,0,46330304,2315668247,2345981762,343881078,0,0,0,1216302689,241604637,974698052,781622158,-1825531,0,0,-10980430,-12992256,-23972686,-136883603,0,159030758,0,54189466,54189466,54189466,0,0,0.014,795803202,128601998,155288402,0.24,1.662,14.424,14.029,1247881773,0,38.58,0.206,0.206,61735387,456851372,3794977406,3794977406,0,0.032,0.119,0.056,0.035,0,794594653,1.0,20259776,20259776,,187.316,1686478299,0,30445000,71449000,83.243,176882802
IMKTA,MRY,2017-12-31,2017-09-30,2017-09-30,2018-05-09,0,1733305774,1716812873,445840014,1287465760,2.331,25.225,-125359924,23912100,23912100,3039106724,53873580,1.816,2.392,877870315,12210571,865659744,877870315,0,110929378,0,0.026,0.66,131719613,242648991,0.061,242648991,131719613,84261580,2.74,2.66,2.74,511052003,493346858,511052003,1383395649,10,5.701,30980367,1.529,1.0,963593003,0.241,0,47458033,2341700510,2335960847,349333013,0,0,0,1222253771,245563479,976690292,520676243,18232591,0,0,249411,-12997187,-12747776,-125359924,0,156340291,0,53873580,53873580,53873580,0,0,0.013,835680259,127912744,150901051,0.241,1.019,9.665,9.38,1265112350,0,25.7,0.13,0.13,66329164,497727765,4002699727,4002699727,0,0.031,0.109,0.056,0.033,0,837144859,1.0,20259776,20259776,,197.569,1733305774,0,30388000,69918000,85.554,200276535
