ticker,dimension,calendardate,datekey,reportperiod,lastupdated,accoci,assets,assetsavg,assetsc,assetsnc,assetturnover,bvps,capex,cashneq,cashnequsd,cor,consolinc,currentratio,de,debt,debtc,debtnc,debtusd,deferredrev,depamor,deposits,divyield,dps,ebit,ebitda,ebitdamargin,ebitdausd,ebitusd,ebt,eps,epsdil,epsusd,equity,equityavg,equityusd,ev,evebit,evebitda,fcf,fcfps,fxusd,gp,grossmargin,intangibles,intexp,invcap,invcapavg,inventory,investments,investmentsc,investmentsnc,liabilities,liabilitiesc,liabilitiesnc,marketcap,ncf,ncfbus,ncfcommon,ncfdebt,ncfdiv,ncff,ncfi,ncfinv,ncfo,ncfx,netinc,netinccmn,netinccmnusd,netincdis,netincnci,netmargin,opex,opinc,payables,payoutratio,pb,pe,pe1,ppnenet,prefdivis,price,ps,ps1,receivables,retearn,revenue,revenueusd,rnd,roa,roe,roic,ros,sbcomp,sgna,sharefactor,sharesbas,shareswa,shareswadil,sps,tangibles,taxassets,taxexp,taxliabilities,tbvps,workingcapital
INFN,MRY,2011-12-31,2011-12-31,2011-12-31,2018-05-10,-2195000,531704000,525630500,383231000,148473000,0.77,3.627,-39120000,94458000,94458000,239386000,-81744000,3.208,0.371,0,0,0,0,26191000,17859000,0,0.0,0.0,-80053000,-62194000,-0.154,-62194000,-80053000,-80053000,-0.78,-0.78,-0.78,387803000,398730250,387803000,557915702,-6,-8.971,-41085000,-0.39,1.0,165491000,0.409,0,0,317781000,314564500,94983000,167658000,101296000,66362000,143901000,119465000,24436000,670713702,-19191000,0,8775000,0,0,8513000,-25168000,14019000,-1965000,-571000,-81744000,-81744000,-81744000,0,0,-0.202,246139000,-80648000,48838000,0.0,1.73,-8.205,-8.051,76753000,0,6.28,1.657,1.635,81962000,-487036000,404877000,404877000,127120000,-0.156,-0.205,-0.254,-0.198,50157000,119148000,1.0,106801545,105432000,105432000,3.84,531704000,822000,1691000,0,4.973,263766000
INFN,MRY,2012-12-31,2012-12-29,2012-12-29,2018-05-10,-2228000,528170000,509256000,429497000,98673000,0.861,3.171,-25394000,104666000,104666000,280868000,-85330000,2.982,0.483,0,0,0,0,29954000,23661000,0,0.0,0.0,-83140000,-59479000,-0.136,-59479000,-83140000,-83140000,-0.77,-0.77,-0.77,356136000,366954250,356136000,573969098,-6,-9.65,-74860000,-0.676,1.0,157569000,0.359,0,0,279457000,302416750,128838000,91888000,76146000,15742000,172034000,144047000,27987000,650569098,10208000,0,11580000,0,0,10698000,48868000,75039000,-49466000,108000,-85330000,-85330000,-85330000,0,0,-0.195,240570000,-83001000,61428000,0.0,1.827,-7.624,-7.532,80343000,0,5.8,1.484,1.465,109948000,-572366000,438437000,438437000,117233000,-0.168,-0.233,-0.275,-0.19,41819000,123337000,1.0,112167086,110739000,110739000,3.959,528170000,155000,2190000,0,4.703,285450000
INFN,MRY,2013-12-31,2013-12-28,2013-12-28,2018-05-10,-3486000,700926000,634729250,539070000,161856000,0.857,3.489,-21065000,124330000,124330000,325483000,-32119000,3.825,0.678,109164000,0,109164000,109164000,37290000,24562000,0,0.0,0.0,-24404000,158000,0.0,158000,-24404000,-30465000,-0.27,-0.27,-0.27,417810000,397034000,417810000,1140216513,-46,7216.56,14115000,0.12,1.0,218639000,0.402,0,6061000,544811000,454002250,123685000,249983000,172660000,77323000,283116000,140949000,142167000,1170495513,19664000,0,23185000,144469000,0,166110000,-180800000,-159666000,35180000,-826000,-32119000,-32119000,-32119000,0,0,-0.059,242825000,-24186000,39843000,0.0,2.802,-36.442,-36.259,79668000,0,9.79,2.151,2.113,100643000,-604485000,544122000,544122000,124794000,-0.051,-0.081,-0.054,-0.045,31976000,118031000,1.0,119560318,117425000,117425000,4.634,700926000,0,1654000,0,5.854,398121000
INFN,MRY,2014-12-31,2014-12-27,2014-12-27,2018-05-10,-4618000,818016000,748712000,651855000,166161000,0.892,3.83,-23122000,86495000,86495000,379775000,13659000,3.739,0.697,116894000,0,116894000,116894000,46079000,25917000,0,0.0,0.0,27433000,53350000,0.08,53350000,27433000,16412000,0.11,0.11,0.11,481907000,452359750,481907000,1872043433,68,35.09,12841000,0.104,1.0,288304000,0.432,361000,11021000,673723000,628724500,146500000,318821000,239628000,79193000,336109000,174331000,161778000,1868019433,-37835000,0,24707000,0,0,22861000,-96059000,-71366000,35963000,-600000,13659000,13659000,13659000,0,0,0.02,260962000,27342000,61533000,0.0,3.876,136.761,135.545,81566000,0,14.91,2.796,2.76,154596000,-590826000,668079000,668079000,133484000,0.018,0.03,0.044,0.041,28394000,127478000,1.0,125286347,123672000,128565000,5.402,817655000,0,2753000,2132000,6.498,477524000
INFN,MRY,2015-12-31,2015-12-26,2015-12-26,2018-05-10,1123000,1224181000,1017585500,665115000,559066000,0.871,5.443,-42018000,149101000,149101000,483237000,50950000,2.806,0.587,123327000,0,123327000,123327000,56858000,35777000,0,0.0,0.0,64435000,100212000,0.113,100212000,64435000,52494000,0.39,0.36,0.39,762151000,636829750,762151000,2549945107,39,25.446,91158000,0.684,1.0,403477000,0.455,347879000,11941000,613485000,623493250,174699000,221878000,125561000,96317000,447120000,237043000,210077000,2587826107,62606000,-144445000,25351000,0,0,20983000,-91475000,93800000,133176000,-78000,51413000,51413000,51413000,0,-463000,0.058,343741000,59736000,92554000,0.0,3.395,50.334,47.462,110861000,0,18.51,2.918,2.782,186243000,-539413000,886714000,886714000,180703000,0.051,0.081,0.103,0.073,32580000,163038000,1.0,139806921,133259000,143171000,6.654,876302000,0,1081000,35731000,6.259,428072000
INFN,MRY,2016-12-31,2016-12-31,2016-12-31,2018-05-10,-28324000,1198583000,1237545000,730423000,468160000,0.703,5.261,-43335000,171131000,171131000,476417000,-24430000,3.373,0.572,133586000,0,133586000,133586000,78262000,61489000,0,0.0,0.0,-15791000,45698000,0.053,45698000,-15791000,-28678000,-0.17,-0.17,-0.17,762328000,792417750,762328000,1217655435,-77,26.646,-4958000,-0.035,1.0,393718000,0.452,285235000,12887000,659270000,665735500,232955000,195925000,141697000,54228000,436255000,216533000,219722000,1227427435,13540000,0,17648000,0,0,-8866000,-12115000,35304000,38377000,-3856000,-23927000,-23927000,-23927000,0,-503000,-0.027,419492000,-25774000,62486000,0.0,1.61,-51.299,-49.941,124800000,0,8.49,1.411,1.395,150370000,-563575000,870135000,870135000,232291000,-0.019,-0.03,-0.024,-0.018,40533000,187201000,1.0,144573314,142989000,142989000,6.085,913348000,0,-4751000,25327000,6.303,513890000
INFN,MRY,2017-12-31,2017-12-30,2017-12-30,2018-05-10,6254000,1117670000,1170437500,647937000,469733000,0.633,4.453,-58041000,116345000,116345000,496739000,-194506000,1.729,0.68,144928000,144928000,0,144928000,94923000,65997000,0,0.0,0.0,-181919000,-115922000,-0.156,-115922000,-181919000,-195936000,-1.32,-1.32,-1.32,665365000,720913000,665365000,964444334,-5,-8.32,-79966000,-0.541,1.0,244000000,0.329,287803000,14017000,483774000,563018750,214704000,183725000,147596000,36129000,452305000,374676000,77629000,945241334,-46296000,0,17991000,0,0,22082000,-50553000,3192000,-21925000,4100000,-194506000,-194506000,-194506000,0,0,-0.263,427087000,-183087000,58124000,0.0,1.421,-4.86,-4.795,135942000,0,6.33,1.276,1.264,126152000,-758081000,740739000,740739000,224299000,-0.166,-0.27,-0.323,-0.246,45720000,186682000,1.0,149327225,147878000,147878000,5.009,829867000,0,-1430000,0,5.554,273261000
