ticker,dimension,calendardate,datekey,reportperiod,lastupdated,accoci,assets,assetsavg,assetsc,assetsnc,assetturnover,bvps,capex,cashneq,cashnequsd,cor,consolinc,currentratio,de,debt,debtc,debtnc,debtusd,deferredrev,depamor,deposits,divyield,dps,ebit,ebitda,ebitdamargin,ebitdausd,ebitusd,ebt,eps,epsdil,epsusd,equity,equityavg,equityusd,ev,evebit,evebitda,fcf,fcfps,fxusd,gp,grossmargin,intangibles,intexp,invcap,invcapavg,inventory,investments,investmentsc,investmentsnc,liabilities,liabilitiesc,liabilitiesnc,marketcap,ncf,ncfbus,ncfcommon,ncfdebt,ncfdiv,ncff,ncfi,ncfinv,ncfo,ncfx,netinc,netinccmn,netinccmnusd,netincdis,netincnci,netmargin,opex,opinc,payables,payoutratio,pb,pe,pe1,ppnenet,prefdivis,price,ps,ps1,receivables,retearn,revenue,revenueusd,rnd,roa,roe,roic,ros,sbcomp,sgna,sharefactor,sharesbas,shareswa,shareswadil,sps,tangibles,taxassets,taxexp,taxliabilities,tbvps,workingcapital
INFY,MRY,2011-12-31,2011-03-31,2011-03-31,2017-06-13,0,7010000000,6579000000,5312000000,1698000000,0.918,2.68,-285000000,3737000000,3737000000,3497000000,1499000000,6.51,0.145,0,0,0,0,116000000,189000000,5000000,0.017,0.31,2046000000,2235000000,0.37,2235000000,2046000000,2046000000,0.66,0.66,0.66,6122000000,5741500000,6122000000,38242097146,18,17.111,1640000000,0.718,1.0,2544000000,0.421,196000000,0,2261000000,2403000000,0,37000000,32000000,5000000,888000000,816000000,72000000,40940097146,977000000,0,5000000,0,-699000000,-811000000,490000000,770000000,1925000000,62000000,1499000000,1499000000,1499000000,0,0,0.248,765000000,1779000000,10000000,0.47,6.687,27.312,27.159,1086000000,0,17.925,6.777,6.779,1322000000,5294000000,6041000000,6041000000,0,0.228,0.261,0.851,0.339,0,765000000,1.0,2283966368,2284720200,2285473432,2.644,6814000000,308000000,547000000,183000000,2.982,4496000000
INFY,MRY,2012-12-31,2012-03-31,2012-03-31,2017-06-13,0,7537000000,7273500000,5945000000,1592000000,0.962,2.877,-301000000,4047000000,4047000000,4118000000,1716000000,6.345,0.146,0,0,0,0,107000000,195000000,3000000,0.013,0.19,2410000000,2605000000,0.372,2605000000,2410000000,2410000000,0.75,0.75,0.75,6576000000,6349000000,6576000000,29006863409,12,11.135,2036000000,0.891,1.0,2876000000,0.411,229000000,0,2324000000,2292500000,0,76000000,74000000,2000000,961000000,937000000,24000000,32743863409,751000000,-41000000,1000000,0,-501000000,-500000000,-429000000,-74000000,2337000000,-442000000,1716000000,1716000000,1716000000,0,0,0.245,863000000,2013000000,5000000,0.253,4.979,19.082,19.01,1063000000,0,14.258,4.682,4.659,1524000000,6509000000,6994000000,6994000000,0,0.236,0.27,1.051,0.345,0,863000000,1.0,2296606236,2285461976,2285584568,3.06,7308000000,266000000,694000000,209000000,3.198,5008000000
INFY,MRY,2013-12-31,2013-03-31,2013-03-31,2017-06-13,0,8539000000,8038000000,6505000000,2034000000,0.92,3.207,-382000000,4021000000,4021000000,4637000000,1725000000,5.617,0.165,0,0,0,0,152000000,207000000,6000000,0.017,0.23,2342000000,2549000000,0.345,2549000000,2342000000,2342000000,0.76,0.76,0.76,7331000000,6953500000,7331000000,26909739353,11,10.557,1959000000,0.857,1.0,2761000000,0.373,432000000,0,2928000000,2626000000,0,392000000,320000000,72000000,1208000000,1158000000,50000000,30956739353,228000000,-213000000,1000000,-16000000,-568000000,-583000000,-927000000,-371000000,2341000000,-254000000,1725000000,1725000000,1725000000,0,0,0.233,852000000,1909000000,35000000,0.303,4.223,17.946,17.734,1191000000,0,13.477,4.184,4.164,1754000000,7666000000,7398000000,7398000000,0,0.215,0.248,0.892,0.317,0,852000000,1.0,2296920004,2285596952,2285600364,3.237,8107000000,295000000,617000000,268000000,3.547,5347000000
INFY,MRY,2014-12-31,2014-03-31,2014-03-31,2017-06-13,0,9522000000,9030500000,7180000000,2342000000,0.913,3.471,-451000000,4331000000,4331000000,5292000000,1751000000,4.711,0.2,0,0,0,0,110000000,226000000,6000000,0.015,0.2,2419000000,2645000000,0.321,2645000000,2419000000,2419000000,0.77,0.77,0.77,7933000000,7632000000,7933000000,27091115473,11,10.242,2190000000,0.958,1.0,2957000000,0.358,417000000,0,3250000000,3089000000,0,718000000,510000000,208000000,1589000000,1524000000,65000000,31112115473,661000000,0,0,0,-519000000,-519000000,-823000000,-405000000,2641000000,-351000000,1751000000,1751000000,1751000000,0,0,0.212,978000000,1979000000,29000000,0.26,3.922,17.768,17.591,1316000000,0,13.545,3.772,3.753,1863000000,8892000000,8249000000,8249000000,0,0.194,0.229,0.783,0.293,0,978000000,1.0,2296944664,2285610264,2285610264,3.609,9105000000,364000000,668000000,376000000,3.984,5656000000
INFY,MRY,2015-12-31,2015-03-31,2015-03-31,2017-06-13,0,10615000000,10068500000,7551000000,3064000000,0.865,3.834,-367000000,4859000000,4859000000,5374000000,2013000000,4.149,0.211,0,0,0,0,168000000,175000000,4000000,0.017,0.3,2818000000,2993000000,0.344,2993000000,2818000000,2818000000,0.88,0.88,0.88,8762000000,8347500000,8762000000,35957409406,12,12.014,2491000000,1.09,1.0,3337000000,0.383,597000000,0,3339000000,3294500000,0,370000000,140000000,230000000,1853000000,1820000000,33000000,40288409406,736000000,-221000000,0,0,-815000000,-815000000,-205000000,329000000,2858000000,-208000000,2013000000,2013000000,2013000000,0,0,0.231,1079000000,2258000000,22000000,0.341,4.598,20.014,19.932,1460000000,0,17.54,4.625,4.602,2009000000,10090000000,8711000000,8711000000,0,0.2,0.241,0.855,0.323,0,1079000000,1.0,2296944664,2285610264,2285642940,3.811,10018000000,739000000,805000000,476000000,4.383,5731000000
INFY,MRY,2016-12-31,2016-03-31,2016-03-31,2017-06-13,0,11378000000,10996500000,7802000000,3576000000,0.864,4.079,-413000000,4935000000,4935000000,5950000000,2052000000,3.905,0.22,0,0,0,0,201000000,222000000,4000000,0.02,0.38,2851000000,3073000000,0.323,3073000000,2851000000,2851000000,0.9,0.9,0.9,9324000000,9043000000,9324000000,38828887509,13,12.635,2341000000,1.024,1.0,3551000000,0.374,717000000,0,3728000000,3533500000,0,300000000,11000000,289000000,2054000000,1998000000,56000000,43687887509,329000000,-117000000,0,0,-1059000000,-1059000000,-474000000,30000000,2754000000,-253000000,2052000000,2052000000,2052000000,0,0,0.216,1176000000,2375000000,58000000,0.422,4.686,21.29,21.133,1589000000,0,19.02,4.598,4.576,2167000000,11083000000,9501000000,9501000000,0,0.187,0.227,0.807,0.3,0,1176000000,1.0,2296944664,2285616160,2285718894,4.157,10661000000,870000000,799000000,554000000,4.664,5804000000
INFY,MRY,2017-12-31,2017-03-31,2017-03-31,2017-06-13,6000000,12854000000,12116000000,8282000000,4572000000,0.843,4.654,-411000000,3489000000,3489000000,6446000000,2140000000,3.832,0.208,0,0,0,0,274000000,254000000,5000000,0.024,0.38,2974000000,3228000000,0.316,3228000000,2974000000,2974000000,0.94,0.94,0.94,10637000000,9980500000,10637000000,31433725691,10,9.738,2531000000,1.107,1.0,3762000000,0.369,683000000,0,6521000000,5124500000,0,2533000000,1538000000,995000000,2217000000,2161000000,56000000,36291725691,-1480000000,-5000000,0,0,-1032000000,-1032000000,-2547000000,-2163000000,2942000000,34000000,2140000000,2140000000,2140000000,0,0,0.21,1242000000,2520000000,57000000,0.404,3.412,16.959,16.809,1807000000,0,15.8,3.555,3.538,2462000000,12190000000,10208000000,10208000000,0,0.177,0.214,0.58,0.291,0,1242000000,1.0,2296944664,2285639447,2286396745,4.466,12171000000,964000000,834000000,631000000,5.325,6121000000
