ticker,dimension,calendardate,datekey,reportperiod,lastupdated,accoci,assets,assetsavg,assetsc,assetsnc,assetturnover,bvps,capex,cashneq,cashnequsd,cor,consolinc,currentratio,de,debt,debtc,debtnc,debtusd,deferredrev,depamor,deposits,divyield,dps,ebit,ebitda,ebitdamargin,ebitdausd,ebitusd,ebt,eps,epsdil,epsusd,equity,equityavg,equityusd,ev,evebit,evebitda,fcf,fcfps,fxusd,gp,grossmargin,intangibles,intexp,invcap,invcapavg,inventory,investments,investmentsc,investmentsnc,liabilities,liabilitiesc,liabilitiesnc,marketcap,ncf,ncfbus,ncfcommon,ncfdebt,ncfdiv,ncff,ncfi,ncfinv,ncfo,ncfx,netinc,netinccmn,netinccmnusd,netincdis,netincnci,netmargin,opex,opinc,payables,payoutratio,pb,pe,pe1,ppnenet,prefdivis,price,ps,ps1,receivables,retearn,revenue,revenueusd,rnd,roa,roe,roic,ros,sbcomp,sgna,sharefactor,sharesbas,shareswa,shareswadil,sps,tangibles,taxassets,taxexp,taxliabilities,tbvps,workingcapital
INT,MRY,2011-12-31,2011-12-31,2011-12-31,2018-04-30,-6524000,3697246000,3428495750,3122227000,575019000,10.099,18.782,-19492000,205415000,205415000,33987851000,199202000,1.541,1.763,287148000,17800000,269348000,287148000,0,40530000,105554000,0.004,0.16,248855000,289385000,0.008,289385000,248855000,233030000,2.74,2.71,2.74,1332961000,1263583500,1332961000,3127489140,12,10.807,-162028000,-2.292,1.0,635003000,0.018,453866000,15825000,1298971000,1137496750,472584000,0,0,0,2350528000,2026142000,324386000,2986583140,-67478000,-122702000,-10206000,237124000,-10603000,222566000,-144632000,-2438000,-142536000,-2876000,194029000,194029000,194029000,0,5173000,0.006,380975000,254028000,1739678000,0.058,2.241,15.392,15.321,90710000,0,41.98,0.086,0.086,2160561000,836222000,34622854000,34622854000,0,0.057,0.154,0.219,0.007,11041000,369858000,1.0,71143000,70687000,71510000,489.805,3243380000,0,39001000,47703000,45.701,1096085000
INT,MRY,2012-12-31,2012-12-31,2012-12-31,2018-04-30,-16018000,4107751000,4024978500,3281377000,826374000,9.676,21.299,-28454000,172740000,172740000,38271891000,201351000,1.527,1.691,380318000,26065000,354253000,380318000,0,36714000,0,0.004,0.16,246686000,283400000,0.007,283400000,246686000,227589000,2.66,2.64,2.66,1517174000,1447010250,1517174000,3115585790,12,10.994,117337000,1.649,1.0,673447000,0.017,713849000,19097000,1452182000,1436538250,572313000,0,0,0,2566127000,2149298000,416829000,2967821790,-32675000,-217782000,-4973000,84540000,-10685000,66858000,-246622000,-386000,145791000,1298000,189345000,189345000,189345000,0,12006000,0.005,416424000,257023000,1814794000,0.06,1.956,15.674,15.477,112525000,0,41.17,0.076,0.075,2193866000,1014882000,38945338000,38945338000,0,0.047,0.131,0.172,0.006,14079000,411634000,1.0,72087000,71154000,71817000,547.339,3393902000,0,38244000,50879000,47.646,1132079000
INT,MRY,2013-12-31,2013-12-31,2013-12-31,2018-04-30,-29319000,4739277000,4583518000,3815501000,923776000,9.068,23.697,-82700000,292061000,292061000,40809100000,207200000,1.517,1.828,463711000,14647000,449064000,463711000,0,44700000,111068000,0.004,0.16,259900000,304600000,0.007,304600000,259900000,242600000,2.85,2.83,2.85,1673898000,1621475750,1673898000,3244206760,12,10.651,181600000,2.551,1.0,752800000,0.018,794091000,17300000,1602321000,1481621250,655046000,0,0,0,3060383000,2514515000,545868000,3118784760,119400000,-83800000,-41800000,76700000,-10700000,29500000,-174500000,-8000000,264300000,100000,203100000,203100000,203100000,0,4100000,0.005,488300000,264500000,2210427000,0.056,1.863,15.356,15.144,129685000,0,43.16,0.075,0.074,2538642000,1207299000,41561900000,41561900000,0,0.044,0.125,0.175,0.006,16700000,476600000,1.0,72261000,71200000,71800000,583.735,3945186000,0,39500000,82532000,55.85,1300986000
INT,MRY,2014-12-31,2014-12-31,2014-12-31,2018-04-30,-60200000,4881000000,5302540250,3673400000,1207600000,8.183,26.206,-50200000,302300000,302300000,42572700000,221100000,1.64,1.626,689900000,17900000,672000000,689900000,0,57300000,138800000,0.003,0.155,303300000,360600000,0.008,360600000,303300000,278100000,3.17,3.15,3.17,1855400000,1792681250,1855400000,3760694520,12,10.429,90900000,1.284,1.0,819100000,0.019,1004200000,25200000,2025100000,1979343500,437600000,0,0,0,3016100000,2239300000,776800000,3381963520,10200000,-252300000,-15100000,205800000,-10600000,169500000,-297100000,5400000,141100000,-3400000,224500000,224500000,224500000,0,-3300000,0.005,519100000,300000000,1850100000,0.049,1.823,15.064,14.804,203400000,0,46.93,0.078,0.077,2306400000,1418500000,43391800000,43391800000,0,0.042,0.125,0.153,0.007,15800000,538600000,1.0,72064000,70800000,71300000,612.879,3876800000,0,53600000,85500000,54.757,1434100000
INT,MRY,2015-12-31,2015-12-31,2015-12-31,2018-04-30,-109500000,4525300000,4847175000,3246000000,1279300000,6.268,27.358,-51000000,582500000,582500000,29520400000,170500000,1.85,1.382,772200000,25500000,746700000,772200000,0,65500000,118300000,0.006,0.24,251600000,317100000,0.01,317100000,251600000,221700000,2.49,2.47,2.49,1895900000,1880725000,1895900000,2996998800,11,9.451,396500000,5.648,1.0,861000000,0.028,1017200000,29900000,1943600000,2032800000,359100000,0,0,0,2619400000,1754200000,865200000,2722198800,280200000,-96900000,-70500000,79200000,-15300000,-17000000,-144800000,0,447500000,-5500000,174500000,174500000,174500000,0,-3900000,0.006,613300000,247700000,1349600000,0.096,1.436,15.6,15.446,225600000,0,38.46,0.09,0.089,1812600000,1569400000,30381400000,30381400000,0,0.036,0.093,0.124,0.008,17000000,615300000,1.0,70780000,70200000,70700000,432.783,3508100000,0,47200000,87700000,50.622,1491800000
INT,MRY,2016-12-31,2016-12-31,2016-12-31,2018-04-30,-154800000,5412600000,4933325000,3836600000,1576000000,5.476,27.899,-36100000,698600000,698600000,26116800000,126400000,1.758,1.804,1186200000,15400000,1170800000,1186200000,0,82300000,90800000,0.005,0.24,181400000,263700000,0.01,263700000,181400000,142200000,1.82,1.81,1.82,1925000000,1946100000,1925000000,3501510420,19,13.278,169100000,2.44,1.0,899000000,0.033,1264900000,39200000,2452600000,2150250000,458000000,0,0,0,3472600000,2182700000,1289900000,3234910420,116100000,-430800000,-41200000,407700000,-16600000,340900000,-428500000,0,205200000,-1500000,126500000,126500000,126500000,0,0,0.005,717600000,181400000,1770400000,0.132,1.68,25.572,25.225,311200000,0,45.91,0.12,0.118,2344000000,1679300000,27015800000,27015800000,0,0.026,0.065,0.084,0.007,19200000,710100000,1.0,70462000,69300000,69800000,389.838,4147700000,0,15700000,84600000,60.112,1653900000
INT,MRY,2017-12-31,2017-12-31,2017-12-31,2018-04-30,-126500000,5587800000,5465125000,3940400000,1647400000,6.166,25.51,-54000000,372300000,372300000,32763300000,-170300000,1.449,2.236,910200000,25600000,884600000,910200000,0,86000000,108300000,0.009,0.24,39300000,125300000,0.004,125300000,39300000,-21000000,-2.5,-2.5,-2.5,1721900000,1895075000,1721900000,2508491962,63,20.02,151200000,2.22,1.0,932200000,0.028,1317600000,60300000,2089500000,2285550000,505000000,0,0,0,3849800000,2718600000,1131200000,1902791962,-326200000,-120700000,-61900000,-277000000,-16300000,-361600000,-180100000,0,205200000,10300000,-170200000,-170200000,-170200000,0,-100000,-0.005,893000000,39200000,2239700000,-0.096,1.105,-11.18,-11.256,329800000,0,28.14,0.056,0.057,2705600000,1492800000,33695500000,33695500000,0,-0.031,-0.09,0.017,0.001,21200000,735100000,1.0,67618762,68100000,68100000,494.794,4270200000,0,149200000,202400000,63.262,1221800000
