ticker,dimension,calendardate,datekey,reportperiod,lastupdated,accoci,assets,assetsavg,assetsc,assetsnc,assetturnover,bvps,capex,cashneq,cashnequsd,cor,consolinc,currentratio,de,debt,debtc,debtnc,debtusd,deferredrev,depamor,deposits,divyield,dps,ebit,ebitda,ebitdamargin,ebitdausd,ebitusd,ebt,eps,epsdil,epsusd,equity,equityavg,equityusd,ev,evebit,evebitda,fcf,fcfps,fxusd,gp,grossmargin,intangibles,intexp,invcap,invcapavg,inventory,investments,investmentsc,investmentsnc,liabilities,liabilitiesc,liabilitiesnc,marketcap,ncf,ncfbus,ncfcommon,ncfdebt,ncfdiv,ncff,ncfi,ncfinv,ncfo,ncfx,netinc,netinccmn,netinccmnusd,netincdis,netincnci,netmargin,opex,opinc,payables,payoutratio,pb,pe,pe1,ppnenet,prefdivis,price,ps,ps1,receivables,retearn,revenue,revenueusd,rnd,roa,roe,roic,ros,sbcomp,sgna,sharefactor,sharesbas,shareswa,shareswadil,sps,tangibles,taxassets,taxexp,taxliabilities,tbvps,workingcapital
IPCC,MRY,2011-12-31,2011-12-31,2011-12-31,2018-04-30,35319000,1930371000,1913208500,,,0.561,56.303,-23064000,83767000,83767000,999188000,41833000,,1.917,194810000,,,194810000,474528000,17121000,0,0.013,0.72,64431000,81552000,0.076,81552000,64431000,53624000,3.45,3.37,3.45,661789000,661075250,661789000,814127579,12,9.983,43498000,3.592,1.0,73428000,0.068,75275000,10807000,1966139000,1975738000,0,1224917000,,,1268582000,,,671494579,20163000,15900000,-41687000,0,-8745000,-49465000,3065000,10228000,66562000,0,41833000,41833000,41833000,0,0,0.039,8998000,64430000,536871000,0.209,1.015,16.052,16.446,38694000,0,56.74,0.626,0.641,383773000,652423000,1072616000,1072616000,0,0.022,0.063,0.033,0.06,3216000,7664000,1.0,11834589,12111000,12414000,88.565,1855096000,10728000,11791000,0,157.827,
IPCC,MRY,2012-12-31,2012-12-31,2012-12-31,2018-04-30,29851000,2303593000,2172630000,,,0.621,56.705,-9224000,165182000,165182000,1292061000,24319000,,2.51,275000000,,,275000000,538142000,17687000,0,0.015,0.9,34996000,52683000,0.039,52683000,34996000,22088000,2.09,2.04,2.09,656242000,666492250,656242000,813259907,23,15.437,129147000,11.076,1.0,57524000,0.043,75275000,12908000,2338136000,2222933750,0,1394934000,,,1647351000,,,679837907,81415000,9107000,-16732000,64418000,-10544000,38039000,-94995000,-94878000,138371000,0,24319000,24319000,24319000,0,0,0.018,8934000,48590000,723544000,0.431,1.036,27.955,27.866,39301000,0,58.24,0.504,0.503,475623000,666199000,1349585000,1349585000,0,0.011,0.036,0.016,0.026,2298000,7408000,1.0,11673041,11660000,11941000,115.745,2228318000,25798000,-2231000,0,192.545,
IPCC,MRY,2013-12-31,2013-12-31,2013-12-31,2018-04-30,16624000,2317265000,2286320000,,,0.631,57.535,-17669000,134211000,134211000,1374299000,32633000,,2.528,275000000,,,275000000,566004000,27966000,0,0.017,1.2,58990000,86956000,0.06,86956000,58990000,45078000,2.85,2.8,2.85,656758000,650655500,656758000,1011844486,17,11.636,125589000,10.968,1.0,68934000,0.048,75275000,13912000,2382779000,2368302500,0,1448027000,,,1660507000,,,824101486,-30971000,0,-9409000,-882000,-13821000,-23538000,-150691000,-133022000,143258000,0,32633000,32633000,32633000,0,0,0.023,9943000,58991000,705564000,0.421,1.255,25.254,25.175,48061000,0,71.75,0.571,0.569,454130000,685011000,1443233000,1443233000,0,0.014,0.05,0.025,0.041,3436000,7870000,1.0,11485735,11451000,11657000,126.036,2241990000,28648000,12445000,0,196.407,
IPCC,MRY,2014-12-31,2014-12-31,2014-12-31,2018-04-30,23494000,2384812000,2387975750,,,0.612,60.952,-18607000,84541000,84541000,1356187000,57201000,,2.418,275000000,,,275000000,589260000,32943000,0,0.019,1.44,97126000,130069000,0.089,130069000,97126000,83137000,5.0,4.95,5.0,697659000,681600750,697659000,1068451324,11,8.214,87413000,7.641,1.0,105522000,0.072,75275000,13989000,2499996000,2506889750,0,1527054000,,,1687153000,,,888123324,-49670000,0,-9316000,-840000,-16562000,-26609000,-129082000,-110475000,106020000,0,57201000,57201000,57201000,0,0,0.039,8396000,97126000,704023000,0.288,1.273,15.526,15.452,55880000,0,77.26,0.608,0.605,488187000,725651000,1461709000,1461709000,0,0.024,0.084,0.039,0.066,2526000,7514000,1.0,11495254,11440000,11562000,127.772,2309537000,20022000,25936000,0,201.777,
IPCC,MRY,2015-12-31,2015-12-31,2015-12-31,2018-04-30,7811000,2385135000,2437532250,,,0.609,61.497,-47300000,62483000,62483000,1384220000,51481000,,2.469,273383000,,,273383000,616649000,34710000,0,0.021,1.72,88861000,123571000,0.083,123571000,88861000,74832000,4.54,4.51,4.54,687595000,698644000,687595000,1129956802,12,9.144,25505000,2.25,1.0,99812000,0.067,75275000,14029000,2520760000,2564352250,0,1476053000,,,1697540000,,,925561802,-22058000,0,-29222000,-497000,-19528000,-49246000,-45617000,1683000,72805000,0,51481000,51481000,51481000,0,0,0.035,10951000,88861000,694635000,0.379,1.346,17.979,18.112,89707000,0,82.23,0.624,0.628,511543000,757604000,1484032000,1484032000,0,0.021,0.074,0.035,0.06,3447000,7655000,1.0,11255768,11334000,11417000,130.936,2309860000,33926000,23351000,0,206.588,
IPCC,MRY,2016-12-31,2016-12-31,2016-12-31,2018-04-30,7907000,2402601000,2429189750,,,0.633,63.528,-21666000,92800000,92800000,1452903000,43085000,,2.436,273591000,,,273591000,614347000,35043000,0,0.024,2.08,76169000,111212000,0.072,111212000,76169000,62132000,3.91,3.88,3.91,699187000,699135250,699187000,1171678035,15,10.536,83714000,7.598,1.0,85803000,0.056,75275000,14037000,2508117000,2555913250,0,1483714000,,,1703414000,,,971756035,30317000,0,-11697000,-517000,-22993000,-35208000,-39855000,-18189000,105380000,0,43085000,43085000,43085000,0,0,0.028,9635000,76168000,715553000,0.532,1.39,22.554,22.481,96166000,0,87.9,0.632,0.629,495952000,777695000,1538706000,1538706000,0,0.018,0.062,0.03,0.05,2499000,7899000,1.0,11055245,11018000,11101000,139.654,2327326000,21635000,19047000,0,211.46,
IPCC,MRY,2017-12-31,2017-12-31,2017-12-31,2018-04-30,19756000,2474484000,2468257250,,,0.615,65.527,-4539000,107589000,107589000,1410978000,45384000,,2.457,273809000,,,273809000,627575000,37728000,0,0.022,2.32,94770000,132498000,0.087,132498000,94770000,80727000,4.13,4.1,4.13,715812000,713929750,715812000,1329627200,14,10.035,121422000,11.054,1.0,107009000,0.07,75275000,14043000,2565429000,2574980000,0,1539653000,,,1758672000,,,1158230200,14789000,0,-15250000,-540000,-25533000,-41323000,-69849000,-65309000,125961000,0,45384000,45384000,45384000,0,0,0.03,12239000,94770000,737456000,0.562,1.618,25.521,25.666,82453000,0,106.0,0.763,0.767,509663000,793077000,1517987000,1517987000,0,0.018,0.064,0.037,0.062,4596000,9769000,1.0,10926700,10984000,11067000,138.2,2399209000,10543000,35343000,0,219.627,
