ticker,dimension,calendardate,datekey,reportperiod,lastupdated,accoci,assets,assetsavg,assetsc,assetsnc,assetturnover,bvps,capex,cashneq,cashnequsd,cor,consolinc,currentratio,de,debt,debtc,debtnc,debtusd,deferredrev,depamor,deposits,divyield,dps,ebit,ebitda,ebitdamargin,ebitdausd,ebitusd,ebt,eps,epsdil,epsusd,equity,equityavg,equityusd,ev,evebit,evebitda,fcf,fcfps,fxusd,gp,grossmargin,intangibles,intexp,invcap,invcapavg,inventory,investments,investmentsc,investmentsnc,liabilities,liabilitiesc,liabilitiesnc,marketcap,ncf,ncfbus,ncfcommon,ncfdebt,ncfdiv,ncff,ncfi,ncfinv,ncfo,ncfx,netinc,netinccmn,netinccmnusd,netincdis,netincnci,netmargin,opex,opinc,payables,payoutratio,pb,pe,pe1,ppnenet,prefdivis,price,ps,ps1,receivables,retearn,revenue,revenueusd,rnd,roa,roe,roic,ros,sbcomp,sgna,sharefactor,sharesbas,shareswa,shareswadil,sps,tangibles,taxassets,taxexp,taxliabilities,tbvps,workingcapital
IRBT,MRY,2011-12-31,2011-12-31,2011-12-31,2018-05-05,151000,332213000,293326000,284180000,48033000,1.587,8.951,-13011000,166308000,166308000,257847000,40191000,3.343,0.367,0,0,0,0,1527000,10312000,0,0.0,0.0,53541000,63853000,0.137,63853000,53541000,53541000,1.5,1.44,1.5,242958000,216564000,242958000,675393464,12,10.577,42724000,1.599,1.0,207653000,0.446,10377000,0,70528000,89247500,31089000,17811000,17811000,0,89255000,85000000,4255000,807055464,57925000,0,13401000,0,0,19390000,-17200000,-4189000,55735000,0,40191000,40191000,40191000,0,0,0.086,154330000,53323000,48406000,0.0,3.322,20.081,19.9,29029000,0,29.85,1.734,1.713,45700000,58140000,465500000,465500000,60100000,0.137,0.186,0.6,0.115,1867000,94230000,1.0,27037034,26712000,27924000,17.427,321836000,21471000,13350000,0,11.857,199180000
IRBT,MRY,2012-12-31,2012-12-29,2012-12-29,2018-05-05,199000,354313000,341071500,234893000,119420000,1.279,9.94,-6770000,126770000,126770000,241896000,17297000,3.162,0.285,0,0,0,0,6257000,11672000,0,0.0,0.0,25607000,37279000,0.085,37279000,25607000,25607000,0.63,0.61,0.63,275817000,265283750,275817000,346330334,13,9.29,31091000,1.127,1.0,194348000,0.446,77175000,0,76090000,95151750,36965000,12430000,12430000,0,78496000,74278000,4218000,515988334,-39538000,-74530000,4326000,0,0,4987000,-82386000,4914000,37861000,0,17297000,17297000,17297000,0,0,0.04,169176000,25172000,42515000,0.0,1.871,29.831,29.508,24953000,0,18.59,1.183,1.175,30609000,75437000,436244000,436244000,57066000,0.051,0.065,0.269,0.059,9538000,112110000,1.0,27756231,27577000,28301000,15.819,277138000,28058000,8310000,0,9.988,160615000
IRBT,MRY,2013-12-31,2013-12-28,2013-12-28,2018-05-05,147000,416337000,391094500,300661000,115676000,1.246,11.441,-6829000,165404000,165404000,266247000,27641000,3.716,0.259,0,0,0,0,5085000,12169000,0,0.0,0.0,32415000,44584000,0.091,44584000,32415000,32415000,0.97,0.94,0.97,330689000,312328000,330689000,882381128,27,19.791,35063000,1.23,1.0,221154000,0.454,71419000,0,98599000,102995000,46107000,21954000,21954000,0,85648000,80915000,4733000,1022112128,38634000,0,13629000,0,0,14823000,-18081000,-9902000,41892000,0,27641000,27641000,27641000,0,0,0.057,188536000,32618000,41344000,0.0,3.091,36.978,36.505,23661000,0,35.41,2.097,2.07,40204000,103078000,487401000,487401000,63649000,0.071,0.088,0.315,0.067,11003000,124887000,1.0,28865070,28495000,29354000,17.105,344918000,30239000,4774000,0,11.934,219746000
IRBT,MRY,2014-12-31,2014-12-27,2014-12-27,2018-05-05,-151000,493213000,452066000,374859000,118354000,1.232,13.18,-13774000,185957000,185957000,298791000,37803000,3.785,0.263,0,0,0,0,3849000,13049000,0,0.0,0.0,52409000,65458000,0.118,65458000,52409000,52409000,1.28,1.25,1.28,390436000,368576500,390436000,880519359,16,13.452,26832000,0.91,1.0,258055000,0.463,67897000,0,140318000,144331000,47857000,36166000,36166000,0,102777000,99041000,3736000,1028943359,20553000,0,7265000,0,0,8690000,-28743000,-14719000,40606000,0,37803000,37803000,37803000,0,0,0.068,204938000,53117000,60256000,0.0,2.635,27.219,27.195,31297000,0,34.81,1.848,1.843,73670000,140881000,556846000,556846000,69408000,0.084,0.103,0.363,0.094,10727000,135530000,1.0,29558844,29485000,30210000,18.886,425316000,29914000,14606000,0,14.358,275818000
IRBT,MRY,2015-12-31,2016-01-02,2016-01-02,2018-05-05,-236000,521743000,488338750,389349000,132394000,1.263,14.34,-9372000,179915000,179915000,327852000,44130000,4.029,0.25,0,0,0,0,3265000,15304000,0,0.0,0.0,62971000,78275000,0.127,78275000,62971000,62971000,1.49,1.47,1.49,417411000,405065000,417411000,852633450,13,10.893,17340000,0.587,1.0,288926000,0.468,64415000,0,180787000,162173500,61678000,33124000,33124000,0,104332000,96626000,7706000,1029063450,-6042000,5645000,-30929000,0,0,-30757000,-1997000,2745000,26712000,0,44130000,44130000,44130000,0,0,0.072,228308000,60618000,61655000,0.0,2.465,23.319,23.758,26850000,0,35.4,1.668,1.696,105131000,185011000,616778000,616778000,76071000,0.09,0.109,0.388,0.102,12716000,151312000,1.0,29069589,29550000,30107000,20.872,457328000,31721000,18841000,0,15.711,292723000
IRBT,MRY,2016-12-31,2016-12-31,2016-12-31,2018-05-05,-151000,507912000,468538500,383670000,124242000,1.41,14.322,-10817000,214523000,214523000,341289000,41939000,3.406,0.306,0,0,0,0,4486000,13606000,0,0.0,0.0,61361000,74967000,0.113,74967000,61361000,61361000,1.51,1.48,1.51,388956000,376549500,388956000,1421348703,23,18.96,105607000,3.813,1.0,319315000,0.483,53248000,0,127505000,142988250,50578000,39930000,39930000,0,118956000,112636000,6320000,1585900703,34608000,24154000,-87677000,0,0,-86006000,4190000,-7054000,116424000,0,41939000,41939000,41939000,0,0,0.063,261758000,57557000,67281000,0.0,4.077,37.814,38.709,27532000,0,58.45,2.401,2.451,73048000,226950000,660604000,660604000,79805000,0.09,0.111,0.429,0.093,13024000,181953000,1.0,27132604,27698000,28292000,23.85,454664000,30585000,19422000,0,16.741,271034000
IRBT,MRY,2017-12-31,2017-12-30,2017-12-30,2018-05-05,1992000,691522000,590313750,434726000,256796000,1.497,16.867,-23371000,128635000,128635000,450752000,50964000,2.199,0.47,0,0,0,0,7761000,25499000,0,0.0,0.0,76366000,101865000,0.115,101865000,76366000,76366000,1.85,1.77,1.85,470327000,440265750,470327000,1896191985,24,18.615,52944000,1.917,1.0,433159000,0.49,166152000,0,199011000,161107750,106932000,37225000,37225000,0,221195000,197724000,23471000,2137977985,-85888000,-147498000,10573000,0,0,7590000,-169923000,2488000,76315000,130000,50964000,50964000,50964000,0,0,0.058,360469000,72690000,116316000,0.0,4.546,41.951,41.459,44579000,0,76.7,2.419,2.396,142829000,277989000,883911000,883911000,113149000,0.086,0.116,0.474,0.086,19751000,246881000,1.0,27874550,27611000,28753000,32.013,525370000,31531000,25402000,9539000,18.841,237002000
