ticker,dimension,calendardate,datekey,reportperiod,lastupdated,accoci,assets,assetsavg,assetsc,assetsnc,assetturnover,bvps,capex,cashneq,cashnequsd,cor,consolinc,currentratio,de,debt,debtc,debtnc,debtusd,deferredrev,depamor,deposits,divyield,dps,ebit,ebitda,ebitdamargin,ebitdausd,ebitusd,ebt,eps,epsdil,epsusd,equity,equityavg,equityusd,ev,evebit,evebitda,fcf,fcfps,fxusd,gp,grossmargin,intangibles,intexp,invcap,invcapavg,inventory,investments,investmentsc,investmentsnc,liabilities,liabilitiesc,liabilitiesnc,marketcap,ncf,ncfbus,ncfcommon,ncfdebt,ncfdiv,ncff,ncfi,ncfinv,ncfo,ncfx,netinc,netinccmn,netinccmnusd,netincdis,netincnci,netmargin,opex,opinc,payables,payoutratio,pb,pe,pe1,ppnenet,prefdivis,price,ps,ps1,receivables,retearn,revenue,revenueusd,rnd,roa,roe,roic,ros,sbcomp,sgna,sharefactor,sharesbas,shareswa,shareswadil,sps,tangibles,taxassets,taxexp,taxliabilities,tbvps,workingcapital
ISCA,MRY,2011-12-31,2011-11-30,2011-11-30,2018-04-03,-5941000,1944639000,1952568750,165395000,1779244000,0.322,25.761,-76848000,110078000,110078000,316167000,69424000,1.845,0.604,316152000,2264000,313888000,316152000,56296000,76871000,0,0.007,0.18,129127000,205998000,0.327,205998000,129127000,114417000,1.46,1.46,1.46,1212466000,1205266750,1212466000,1356791392,10,6.586,122184000,2.567,1.0,313518000,0.498,297492000,14710000,1763585000,1709583500,2481000,100137000,0,100137000,732173000,89636000,642537000,1164930392,25912000,-60625000,-37353000,9784000,-8585000,-36593000,-136527000,0,199032000,0,69424000,69424000,69424000,0,0,0.11,180353000,133165000,17917000,0.123,0.961,16.78,16.849,1371776000,0,24.6,1.85,1.86,36098000,772938000,629685000,629685000,0,0.036,0.058,0.076,0.205,1466000,98795000,1.0,47354894,47602574,47611179,13.228,1647147000,9863000,44993000,322833000,34.996,75759000
ISCA,MRY,2012-12-31,2012-11-30,2012-11-30,2018-04-03,-5296000,1941741000,1988172500,127619000,1814122000,0.308,26.899,-82872000,78379000,78379000,315387000,54578000,1.663,0.555,276932000,2513000,274419000,276932000,53273000,77870000,0,0.007,0.2,99732000,177602000,0.29,177602000,99732000,86231000,1.18,1.18,1.18,1248810000,1229271250,1248810000,1456864806,14,8.203,68053000,1.467,1.0,296980000,0.485,297440000,13501000,1766103000,1785151250,3020000,146378000,0,146378000,692931000,76751000,616180000,1245589806,-31699000,-51984000,-10556000,-39306000,-9283000,-60191000,-122433000,11000000,150925000,0,54578000,54578000,54578000,0,0,0.089,191971000,105009000,12630000,0.169,0.997,22.822,22.737,1362186000,0,26.83,2.034,2.032,30830000,811172000,612367000,612367000,0,0.027,0.044,0.056,0.163,1874000,102958000,1.0,46425263,46386355,46396631,13.201,1644301000,8231000,31653000,330164000,35.418,50868000
ISCA,MRY,2013-12-31,2013-11-30,2013-11-30,2018-04-03,-4638000,2017506000,2022877500,235842000,1781664000,0.303,27.677,-80217000,172827000,172827000,318427000,45292000,2.874,0.567,274487000,2807000,271680000,274487000,44283000,93989000,0,0.006,0.22,88297000,182286000,0.298,182286000,88297000,73076000,0.97,0.97,0.97,1287155000,1273681000,1287155000,1709658863,19,9.379,93178000,2.005,1.0,294213000,0.48,297419000,15221000,1739685000,1730517250,2619000,134327000,0,134327000,730351000,82062000,648289000,1596553863,94448000,0,82000,-2513000,-10229000,-12660000,-66287000,13284000,173395000,0,45292000,45292000,45292000,0,0,0.074,215521000,78692000,27669000,0.227,1.24,35.25,35.392,1276976000,0,34.33,2.606,2.604,25910000,846235000,612640000,612640000,0,0.022,0.036,0.051,0.144,2533000,104925000,1.0,46506084,46470647,46486561,13.183,1720087000,20521000,27784000,366531000,36.987,153780000
ISCA,MRY,2014-12-31,2014-11-30,2014-11-30,2018-04-03,-3981000,2077651000,2094203500,207565000,1870086000,0.311,28.898,-177836000,158847000,158847000,349482000,67379000,2.145,0.543,271746000,3435000,268311000,271746000,42591000,90352000,0,0.008,0.24,109794000,200146000,0.307,200146000,109794000,100612000,1.45,1.45,1.45,1346432000,1322992250,1346432000,1559603787,14,7.792,-14989000,-0.322,1.0,302454000,0.464,297420000,9182000,1796348000,1751460250,4030000,122565000,0,122565000,731219000,96782000,634437000,1457491787,-13980000,3364000,-323000,-2807000,-11181000,-14311000,-162516000,11924000,162847000,0,67379000,67379000,67379000,0,0,0.103,209063000,93391000,41491000,0.166,1.082,21.631,21.572,1381190000,0,31.28,2.236,2.234,27598000,902433000,651936000,651936000,0,0.032,0.051,0.063,0.168,2826000,108563000,1.0,46595006,46559232,46573038,14.002,1780231000,8991000,33233000,354276000,38.208,110783000
ISCA,MRY,2015-12-31,2015-11-30,2015-11-30,2018-04-03,-3323000,2119663000,2138256750,265544000,1854119000,0.302,29.865,-155016000,160548000,160548000,337434000,56634000,2.238,0.521,265836000,3074000,262762000,265836000,45212000,94727000,0,0.007,0.26,100524000,195251000,0.303,195251000,100524000,90942000,1.21,1.21,1.21,1393215000,1369638750,1393215000,1761971788,17,9.024,-3029000,-0.065,1.0,307936000,0.477,297417000,9582000,1808905000,1797749500,0,103249000,0,103249000,726448000,118629000,607819000,1660272788,1701000,0,-984000,-3437000,-12127000,-16548000,-133738000,16841000,151987000,0,56634000,56634000,56634000,0,0,0.088,222359000,85577000,56968000,0.215,1.192,29.316,29.413,1448964000,0,35.59,2.573,2.571,42112000,946940000,645370000,645370000,0,0.026,0.041,0.056,0.156,2944000,110220000,1.0,46649980,46621211,46635830,13.843,1822246000,572000,34308000,336232000,39.062,146915000
ISCA,MRY,2016-12-31,2016-11-30,2016-11-30,2018-04-03,-2659000,2172660000,2204472250,313120000,1859540000,0.3,30.874,-74065000,263727000,263727000,335300000,76338000,3.285,0.552,262820000,3404000,259416000,262820000,45404000,102156000,0,0.011,0.41,137906000,240062000,0.363,240062000,137906000,124069000,1.66,1.66,1.66,1400360000,1395711000,1400360000,1679702656,12,6.997,171823000,3.737,1.0,325716000,0.493,297420000,13837000,1779015000,1774374750,0,92392000,0,92392000,772300000,95318000,676982000,1679530656,103179000,-130000,-55576000,-3408000,-18859000,-78901000,-63808000,9833000,245888000,0,76338000,76338000,76338000,0,0,0.115,215889000,109827000,29770000,0.247,1.199,22.001,22.169,1455506000,0,36.8,2.541,2.56,35445000,965281000,661016000,661016000,0,0.035,0.055,0.078,0.209,3706000,110345000,1.0,45639420,45981471,45995691,14.376,1875240000,189000,47731000,409585000,41.343,217802000
ISCA,MRY,2017-12-31,2017-11-30,2017-11-30,2018-04-03,-1991000,2208192000,2226615750,325587000,1882605000,0.302,33.034,-145133000,256702000,256702000,342132000,110823000,3.805,0.513,259466000,3854000,255612000,259466000,46772000,109733000,0,0.01,0.43,116831000,226564000,0.337,226564000,116831000,105198000,2.48,2.48,2.48,1459922000,1416000000,1459922000,1816360663,15,8.017,46254000,1.036,1.0,329301000,0.49,297037000,11633000,1828359000,1773793750,0,86200000,0,86200000,748270000,85560000,662710000,1822800663,-7025000,-147000,-35821000,-3738000,-19241000,-59049000,-139363000,5176000,191387000,0,110823000,110823000,110823000,0,0,0.165,233145000,96156000,23936000,0.173,1.249,16.448,16.633,1479743000,0,41.25,2.715,2.743,37269000,1031361000,671433000,671433000,0,0.05,0.078,0.066,0.174,2731000,111279000,1.0,44189107,44648586,44660177,15.038,1911155000,21867000,-5625000,396046000,43.244,240027000
