ticker,dimension,calendardate,datekey,reportperiod,lastupdated,accoci,assets,assetsavg,assetsc,assetsnc,assetturnover,bvps,capex,cashneq,cashnequsd,cor,consolinc,currentratio,de,debt,debtc,debtnc,debtusd,deferredrev,depamor,deposits,divyield,dps,ebit,ebitda,ebitdamargin,ebitdausd,ebitusd,ebt,eps,epsdil,epsusd,equity,equityavg,equityusd,ev,evebit,evebitda,fcf,fcfps,fxusd,gp,grossmargin,intangibles,intexp,invcap,invcapavg,inventory,investments,investmentsc,investmentsnc,liabilities,liabilitiesc,liabilitiesnc,marketcap,ncf,ncfbus,ncfcommon,ncfdebt,ncfdiv,ncff,ncfi,ncfinv,ncfo,ncfx,netinc,netinccmn,netinccmnusd,netincdis,netincnci,netmargin,opex,opinc,payables,payoutratio,pb,pe,pe1,ppnenet,prefdivis,price,ps,ps1,receivables,retearn,revenue,revenueusd,rnd,roa,roe,roic,ros,sbcomp,sgna,sharefactor,sharesbas,shareswa,shareswadil,sps,tangibles,taxassets,taxexp,taxliabilities,tbvps,workingcapital
IXYS,MRY,2011-12-31,2011-03-31,2011-03-31,2017-11-04,7763000,325189000,305181500,226005000,99184000,1.19,7.321,-8855000,75999000,75999000,241526000,36647000,5.132,0.419,32651000,4212000,28439000,32651000,0,18059000,0,0.0,0.0,44413000,62472000,0.172,62472000,44413000,42900000,1.17,1.14,1.17,229229000,203621250,229229000,388960852,8,6.226,25012000,0.801,1.0,121747000,0.335,14122000,1513000,223677000,201135250,75839000,0,0,0,95960000,44042000,51918000,419693852,14882000,0,-139000,-11567000,0,-11401000,-8941000,-306000,33867000,1357000,36647000,36647000,36647000,0,0,0.101,78455000,43292000,16892000,0.0,1.831,11.452,11.479,52311000,0,13.43,1.155,1.155,55222000,79954000,363273000,363273000,28177000,0.12,0.18,0.221,0.122,3093000,41880000,1.0,31250473,31235000,32008000,11.63,311067000,35434000,6253000,0,9.935,181963000
IXYS,MRY,2012-12-31,2012-03-31,2012-03-31,2017-11-04,2090000,343910000,340985500,249157000,94753000,1.079,8.1,-11842000,99113000,99113000,248760000,30306000,6.074,0.353,31896000,4569000,27327000,31896000,0,13467000,0,0.0,0.0,41670000,55137000,0.15,55137000,41670000,40541000,0.97,0.93,0.97,254107000,246239000,254107000,351287150,8,6.371,32604000,1.04,1.0,119244000,0.324,5144000,1129000,230530000,226210000,86240000,0,0,0,89803000,41019000,48784000,412551150,23198000,0,-4197000,-4173000,0,-7707000,-12375000,-617000,44446000,-1166000,30306000,30306000,30306000,0,0,0.082,79882000,39362000,14427000,0.0,1.624,13.613,13.608,56071000,0,13.2,1.121,1.124,48420000,110194000,368004000,368004000,28847000,0.089,0.123,0.184,0.113,3116000,42063000,1.0,31253875,31344000,32496000,11.741,338766000,34079000,10235000,0,10.799,208138000
IXYS,MRY,2013-12-31,2013-03-31,2013-03-31,2017-11-04,-3093000,333476000,337949500,243506000,89970000,0.829,8.333,-7192000,107430000,107430000,195134000,7648000,5.049,0.315,26847000,18414000,8433000,26847000,0,12492000,0,0.006,0.06,15620000,28112000,0.1,28112000,15620000,14682000,0.25,0.24,0.25,253608000,257719750,253608000,217113031,13,7.723,24445000,0.788,1.0,84880000,0.303,2893000,938000,201772000,215110000,83829000,0,0,0,79868000,48228000,31640000,295767031,8512000,0,-4523000,-4441000,-1854000,-10856000,-11082000,-4085000,31637000,-1187000,7648000,7648000,7648000,0,0,0.027,69553000,15327000,12822000,0.24,1.166,38.672,38.36,51995000,0,9.59,1.056,1.063,37752000,115718000,280014000,280014000,28022000,0.023,0.03,0.073,0.056,3489000,39287000,1.0,30841192,31025000,31695000,9.025,330583000,32014000,7034000,0,10.862,195278000
IXYS,MRY,2014-12-31,2014-03-31,2014-03-31,2017-11-04,5029000,383182000,378758250,255005000,128177000,0.888,8.641,-7623000,98775000,98775000,236120000,6046000,3.677,0.416,24050000,3496000,20554000,24050000,0,21274000,0,0.011,0.12,15038000,36312000,0.108,36312000,15038000,13459000,0.19,0.19,0.19,270632000,265967500,270632000,281019685,18,7.739,11706000,0.376,1.0,100210000,0.298,41511000,1579000,197600000,194574000,93028000,0,0,0,112550000,69346000,43204000,354949685,-8678000,-20000000,3818000,-3570000,-3744000,-3344000,-27134000,512000,19329000,2471000,6046000,6046000,6046000,0,0,0.018,83388000,16822000,15684000,0.632,1.312,58.708,59.737,50569000,0,11.35,1.055,1.051,45707000,117715000,336330000,336330000,30884000,0.016,0.023,0.077,0.045,2633000,41983000,1.0,31273100,31146000,31916000,10.798,341671000,32291000,7413000,0,10.909,185659000
IXYS,MRY,2015-12-31,2015-03-31,2015-03-31,2017-11-04,-23088000,373855000,379724250,247890000,125965000,0.892,8.443,-7018000,121430000,121430000,236802000,23740000,3.146,0.399,49687000,46254000,3433000,49687000,0,17311000,0,0.011,0.14,31827000,49138000,0.145,49138000,31827000,30430000,0.75,0.74,0.75,267301000,271896500,267301000,327612626,10,6.667,41176000,1.306,1.0,101965000,0.301,37759000,1397000,185559000,204321500,82005000,0,0,0,106554000,78794000,27760000,389917626,22655000,-2297000,2692000,26442000,-4263000,-5129000,-15148000,-5833000,48194000,-5262000,23740000,23740000,23740000,0,0,0.07,74455000,27510000,12675000,0.187,1.459,16.424,16.427,42545000,0,12.32,1.151,1.147,41042000,137134000,338767000,338767000,26667000,0.063,0.087,0.156,0.094,2867000,41810000,1.0,31649158,31531000,32239000,10.744,336096000,31957000,6690000,0,10.616,169096000
IXYS,MRY,2016-12-31,2016-03-31,2016-03-31,2017-11-04,-20266000,422701000,405828500,288330000,134371000,0.782,8.884,-7110000,156083000,156083000,217451000,14741000,8.355,0.513,87057000,1804000,85253000,87057000,0,13981000,0,0.013,0.15,25130000,39111000,0.123,39111000,25130000,23489000,0.47,0.46,0.47,279295000,275166750,279295000,287014652,11,7.338,22483000,0.712,1.0,99758000,0.314,49962000,1641000,269203000,227043750,89604000,0,0,0,143406000,34510000,108896000,353903652,34653000,-14472000,-4016000,34889000,-4896000,25977000,-22185000,-603000,29593000,1268000,14741000,14741000,14741000,0,0,0.046,73925000,25833000,11416000,0.319,1.267,24.008,23.872,42623000,0,11.22,1.116,1.117,38440000,146979000,317209000,317209000,29986000,0.036,0.054,0.111,0.079,3343000,38384000,1.0,31542215,31579000,32381000,10.045,372739000,28024000,8748000,0,11.856,253820000
IXYS,MRY,2017-12-31,2017-03-31,2017-03-31,2017-11-04,-28545000,433979000,424099000,303814000,130165000,0.76,9.389,-7278000,169234000,169234000,216541000,21348000,8.034,0.457,77849000,1058000,76791000,77849000,0,10597000,0,0.003,0.04,31445000,42042000,0.131,42042000,31445000,28900000,0.68,0.66,0.68,297855000,287448750,297855000,378116724,12,8.994,27259000,0.864,1.0,105582000,0.328,45211000,2545000,259569000,259631250,89436000,0,0,0,136124000,37814000,98310000,459945724,13151000,0,3311000,-9051000,-1258000,-6998000,-11193000,-3915000,34537000,-3195000,21348000,21348000,21348000,0,0,0.066,76730000,28852000,11409000,0.059,1.544,21.545,21.397,42240000,0,14.55,1.428,1.425,41167000,167009000,322123000,322123000,30538000,0.05,0.074,0.121,0.098,3438000,41733000,1.0,31611390,31544000,32248000,10.212,388768000,24739000,7552000,0,12.255,266000000
