ticker,dimension,calendardate,datekey,reportperiod,lastupdated,accoci,assets,assetsavg,assetsc,assetsnc,assetturnover,bvps,capex,cashneq,cashnequsd,cor,consolinc,currentratio,de,debt,debtc,debtnc,debtusd,deferredrev,depamor,deposits,divyield,dps,ebit,ebitda,ebitdamargin,ebitdausd,ebitusd,ebt,eps,epsdil,epsusd,equity,equityavg,equityusd,ev,evebit,evebitda,fcf,fcfps,fxusd,gp,grossmargin,intangibles,intexp,invcap,invcapavg,inventory,investments,investmentsc,investmentsnc,liabilities,liabilitiesc,liabilitiesnc,marketcap,ncf,ncfbus,ncfcommon,ncfdebt,ncfdiv,ncff,ncfi,ncfinv,ncfo,ncfx,netinc,netinccmn,netinccmnusd,netincdis,netincnci,netmargin,opex,opinc,payables,payoutratio,pb,pe,pe1,ppnenet,prefdivis,price,ps,ps1,receivables,retearn,revenue,revenueusd,rnd,roa,roe,roic,ros,sbcomp,sgna,sharefactor,sharesbas,shareswa,shareswadil,sps,tangibles,taxassets,taxexp,taxliabilities,tbvps,workingcapital
JASO,MRY,2011-12-31,2011-12-31,2011-12-31,2018-04-30,8519000,14735599000,13177491000,7709122000,7026477000,0.814,39.19,-2198682000,3889092000,616910400,10271521000,-564345000,2.318,1.25,6115307000,1414906000,4700401000,970045576,0,484784000,0,0.0,0.0,-132812000,351972000,0.033,55831846,-21067412,-506522000,-16.9,-16.9,-2.681,6548669000,6614412500,1038787978,281090122,-13,5.035,-1834312000,-10.977,6.304,461333000,0.043,13750000,373710000,13622776000,11822439000,730635000,514626000,420215000,94411000,8186930000,3325288000,4861642000,227768201,1599610000,113777000,23075000,3287314000,0,3310389000,-2061140000,0,364370000,-14009000,-564345000,-564345000,-89519687,-7753000,0,-0.053,881848000,-420515000,1259596000,0.0,0.219,-2.544,-2.499,5099208000,0,6.7,0.134,0.658,1244904000,1017333000,10732854000,1702507747,68948000,-0.043,-0.085,-0.011,-0.012,40187000,509832000,0.2,169976270,167101076,167101076,10.188,14721849000,92620000,57823000,24570000,88.101,4383834000
JASO,MRY,2012-12-31,2012-12-31,2012-12-31,2018-04-30,-3018000,13132466000,13934032500,7150379000,5982087000,0.482,25.119,-521525000,3031462000,486136321,6773423000,-1662257000,1.214,1.684,5619917000,3531778000,2088139000,901230422,0,657082000,0,0.0,0.0,-1072286000,-415204000,-0.062,-66583630,-171955700,-1561632000,-42.65,-42.65,-6.84,4892824000,5720746500,784631132,527145991,-3,-7.917,-512903000,-2.633,6.236,-54358000,-0.008,11880000,489346000,9820502000,11721639000,930137000,199871000,148961000,50910000,8239642000,5888539000,2351103000,172711514,-857630000,0,-15276000,-586838000,0,-232961000,-629974000,0,8622000,-3317000,-1662257000,-1662257000,-266565605,0,0,-0.247,1385863000,-1440221000,1803483000,0.0,0.22,-0.648,-0.624,4447469000,0,4.27,0.16,0.772,1723090000,-656545000,6719065000,1077493811,86429000,-0.119,-0.291,-0.091,-0.16,33225000,901645000,0.2,202238307,194788429,194788429,5.532,13120586000,93970000,100625000,91847000,67.358,1261840000
JASO,MRY,2013-12-31,2013-12-31,2013-12-31,2018-04-30,6489000,11881694000,12507080000,6352033000,5529661000,0.574,23.366,-386394000,2119740000,349459055,6420500000,-426492000,1.26,1.526,3612515000,2058515000,1554000000,595557039,0,595792000,0,0.0,0.0,-158689000,437103000,0.061,72060536,-26161372,-444307000,-11.75,-11.75,-1.937,4704079000,4798451500,775511620,784059566,-29,10.881,1078283000,5.356,6.066,762289000,0.106,14423000,285618000,8319162000,9069832000,1347094000,256026000,207224000,48802000,7177615000,5040884000,2136731000,366549855,-911722000,45109000,275025000,-2046951000,0,-1771926000,-613980000,126900000,1464677000,9507000,-429280000,-518072000,-85409036,0,2788000,-0.072,853542000,-91253000,2368715000,0.0,0.473,-4.292,-4.734,4205854000,88792000,9.17,0.31,1.559,1087547000,-1123724000,7182789000,1184150252,88306000,-0.041,-0.108,-0.017,-0.022,9401000,765236000,0.2,199863607,201317884,201317884,5.882,11867271000,122459000,-15027000,11028000,58.948,1311149000
JASO,MRY,2014-12-31,2014-12-31,2014-12-31,2018-04-30,11086000,14483778000,13182736000,8600503000,5883275000,0.857,22.572,-1116867000,2155009000,347920589,9539028000,446650000,1.307,1.649,4199933000,2297533000,1902400000,678068243,0,685345000,0,0.0,0.0,726826000,1412171000,0.125,227991329,117344164,497161000,7.15,6.9,1.154,5466868000,5085473500,882611598,612195640,5,2.685,-590698000,-2.439,6.194,1756495000,0.156,12728000,229665000,9935888000,9127525000,1886268000,88508000,74984000,13524000,9016910000,6580086000,2436824000,372417233,35269000,-41983000,288918000,588351000,0,877269000,-1372766000,31700000,526169000,4597000,423771000,269423000,43497641,0,22879000,0.024,1093990000,662505000,3471785000,0.0,0.422,8.562,7.091,4818241000,154348000,8.185,0.204,1.087,2509631000,-726610000,11295523000,1823632766,139683000,0.02,0.053,0.08,0.064,16281000,954307000,0.2,227499837,242192859,242863084,7.53,14471050000,238691000,73390000,79562000,59.75,2020417000
JASO,MRY,2015-12-31,2015-12-31,2015-12-31,2018-04-30,-23952000,16305903000,15394840500,10024507000,6281396000,0.879,24.3,-1271166000,2883294000,444176154,11232818000,614470000,1.397,1.756,4894374000,2433357000,2461017000,753986317,0,797671000,0,0.0,0.0,1030427000,1828098000,0.135,281621485,158738964,781045000,10.6,10.6,1.633,5917148000,5692008000,911546324,820549005,5,2.914,-13621000,-0.056,6.491,2292589000,0.17,12234000,249382000,11129936000,10532912000,1660542000,892880000,837711000,55169000,10388755000,7174813000,3213942000,489465718,728285000,0,-138557000,702022000,0,563465000,-1103188000,230000,1257545000,10463000,623713000,408057000,62861848,0,-9243000,0.03,1427571000,865018000,3291218000,0.0,0.537,7.786,5.94,5393963000,215656000,9.7,0.235,1.134,2918429000,-358977000,13525407000,2083611062,148548000,0.027,0.072,0.098,0.076,9405000,1246449000,0.2,252301917,243506821,243744921,8.557,16293669000,335339000,157332000,125342000,66.913,2849694000
JASO,MRY,2016-12-31,2016-12-31,2016-12-31,2018-04-30,-68469000,19031256000,17668579500,10265156000,8766100000,0.891,27.578,-2846209000,2569402000,369974945,13443335000,719610000,1.187,1.945,6139560000,3438122000,2701438000,884051376,0,912699000,0,0.0,0.0,1091334000,2004033000,0.127,288565977,157144050,807000000,14.6,14.6,2.102,6461330000,6189239000,930383884,536874474,3,1.86,-1826510000,-7.796,6.945,2293541000,0.146,11713000,284334000,13938861000,12534398500,2460488000,632166000,563144000,69022000,12569926000,8650840000,3919086000,226436629,-313892000,-77892000,0,1706164000,0,1706364000,-3085890000,13976000,1019699000,45935000,683699000,683699000,98447615,0,35911000,0.043,1390383000,903158000,3975338000,0.0,0.243,2.3,2.264,7558149000,0,4.76,0.1,0.492,2827187000,212113000,15736876000,2265994125,175450000,0.039,0.11,0.087,0.069,2253000,1058319000,0.2,237853602,234290842,234402452,9.672,19019543000,419683000,123301000,43045000,81.179,1614316000
JASO,MRY,2017-12-31,2017-12-31,2017-12-31,2018-04-30,-64232000,20831842000,19931549000,9977976000,10853866000,0.986,28.874,-3004497000,1473455000,222724318,17250142000,300125000,1.001,2.079,5968268000,3906869000,2061399000,902150674,0,1044085000,0,0.0,0.0,723009000,1767094000,0.09,267110163,109288499,398595000,6.4,6.4,0.967,6766129000,6613729500,1022753642,873516968,7,3.27,-1200445000,-5.123,6.616,2409311000,0.123,10188000,324414000,15351079000,14644970000,3481116000,145651000,77995000,67656000,14065713000,9965388000,4100325000,354877574,-1095947000,-133364000,23000,485012000,0,-455035000,-3279380000,29286000,1804052000,-75654000,300125000,300125000,45366255,0,0,0.015,1693659000,715652000,4720187000,0.0,0.347,7.823,7.711,9484810000,0,7.46,0.119,0.588,2788959000,422204000,19659453000,2971681026,160138000,0.015,0.045,0.049,0.037,414000,1514042000,0.2,237853602,234331621,234369595,12.682,20821654000,458783000,98470000,44065000,88.856,12588000
