ticker,dimension,calendardate,datekey,reportperiod,lastupdated,accoci,assets,assetsavg,assetsc,assetsnc,assetturnover,bvps,capex,cashneq,cashnequsd,cor,consolinc,currentratio,de,debt,debtc,debtnc,debtusd,deferredrev,depamor,deposits,divyield,dps,ebit,ebitda,ebitdamargin,ebitdausd,ebitusd,ebt,eps,epsdil,epsusd,equity,equityavg,equityusd,ev,evebit,evebitda,fcf,fcfps,fxusd,gp,grossmargin,intangibles,intexp,invcap,invcapavg,inventory,investments,investmentsc,investmentsnc,liabilities,liabilitiesc,liabilitiesnc,marketcap,ncf,ncfbus,ncfcommon,ncfdebt,ncfdiv,ncff,ncfi,ncfinv,ncfo,ncfx,netinc,netinccmn,netinccmnusd,netincdis,netincnci,netmargin,opex,opinc,payables,payoutratio,pb,pe,pe1,ppnenet,prefdivis,price,ps,ps1,receivables,retearn,revenue,revenueusd,rnd,roa,roe,roic,ros,sbcomp,sgna,sharefactor,sharesbas,shareswa,shareswadil,sps,tangibles,taxassets,taxexp,taxliabilities,tbvps,workingcapital
JCI,MRY,2011-12-31,2011-09-30,2011-09-30,2016-07-30,0,29676000000,28551500000,12015000000,17661000000,1.43,16.244,-1271000000,257000000,257000000,34774000000,1532000000,1.114,1.675,5146000000,613000000,4533000000,5146000000,0,731000000,0,0.024,0.64,1847000000,2578000000,0.063,2578000000,1847000000,1673000000,2.09,2.06,2.09,11042000000,10952500000,11042000000,22765708147,12,8.831,-195000000,-0.287,1.0,6059000000,0.148,7961000000,174000000,15822000000,14650750000,2316000000,811000000,0,811000000,18496000000,10782000000,7714000000,17924708147,-303000000,-1226000000,105000000,1575000000,-413000000,1239000000,-2637000000,-140000000,1076000000,19000000,1415000000,1415000000,1415000000,0,117000000,0.035,4393000000,1666000000,6159000000,0.306,1.623,12.668,12.617,5616000000,0,26.37,0.439,0.439,7151000000,7838000000,40833000000,40833000000,0,0.05,0.129,0.126,0.045,59000000,4393000000,1.0,679738648,679738648,,60.072,21715000000,0,258000000,0,31.946,1233000000
JCI,MRY,2012-12-31,2012-09-30,2012-09-30,2016-07-30,458000000,30954000000,30653000000,12743000000,18211000000,1.325,16.998,-1773000000,265000000,265000000,34767000000,1310000000,1.174,1.65,6068000000,747000000,5321000000,6068000000,0,824000000,0,0.026,0.72,1576000000,2400000000,0.059,2400000000,1576000000,1345000000,1.74,1.72,1.74,11625000000,11488250000,11625000000,24796108134,15,10.332,-214000000,-0.313,1.0,5837000000,0.144,7929000000,231000000,17973000000,18060000000,2343000000,948000000,0,948000000,19181000000,10855000000,8326000000,18739108134,8000000,75000000,-62000000,922000000,-477000000,207000000,-1792000000,-100000000,1559000000,34000000,1184000000,1184000000,1184000000,0,126000000,0.029,4598000000,1239000000,6114000000,0.414,1.612,15.827,15.747,6440000000,0,27.4,0.462,0.462,7308000000,8611000000,40604000000,40604000000,0,0.039,0.103,0.087,0.039,56000000,4311000000,1.0,683909056,683909056,,59.37,23025000000,0,161000000,0,33.667,1888000000
JCI,MRY,2013-12-31,2013-09-30,2013-09-30,2016-07-30,418000000,31518000000,31648250000,13698000000,17820000000,1.174,17.999,-1261000000,1055000000,1055000000,30999000000,1297000000,1.13,1.538,5498000000,938000000,4560000000,5498000000,0,952000000,0,0.018,0.76,2099000000,3051000000,0.082,3051000000,2099000000,1852000000,1.72,1.71,1.72,12314000000,12081000000,12314000000,34025599952,16,11.152,1425000000,2.083,1.0,6146000000,0.165,7588000000,247000000,16256000000,17543500000,2325000000,1024000000,0,1024000000,18944000000,12117000000,6827000000,28392599952,790000000,638000000,-96000000,-573000000,-513000000,-1214000000,-580000000,-10000000,2686000000,-98000000,1178000000,1178000000,1178000000,0,119000000,0.032,4530000000,1616000000,6318000000,0.442,2.306,24.102,24.128,6585000000,0,41.5,0.764,0.764,7206000000,9328000000,37145000000,37145000000,0,0.037,0.098,0.12,0.057,64000000,3627000000,1.0,684159035,684159035,,54.293,23930000000,0,674000000,0,34.977,1581000000
JCI,MRY,2014-12-31,2014-09-30,2014-09-30,2018-05-03,,,,,,,,-1120000000,,,32444000000,1343000000,,,,,,,,955000000,,0.034,1.746,1866000000,2821000000,0.073,2821000000,1866000000,1622000000,1.82,1.8,1.82,,,,,,,1275000000,,1.0,6305000000,0.163,,244000000,,,,,,,,,,,-646000000,-1508000000,-1063000000,1241000000,-568000000,-412000000,-2593000000,19000000,2395000000,-20000000,1215000000,1215000000,1215000000,0,128000000,0.031,4540000000,1765000000,,0.959,,,28.116,,0,51.172,,,,,38749000000,38749000000,0,,,,0.048,82000000,4216000000,,,,,,,,407000000,,,
JCI,MRY,2015-12-31,2015-09-30,2015-09-30,2018-05-03,-1057000000,29622000000,,10469000000,19153000000,,,-1098000000,597000000,597000000,12569000000,1679000000,1.002,1.85,6610000000,865000000,5745000000,6610000000,0,860000000,0,0.052,2.004,1908000000,2768000000,0.162,2768000000,1908000000,1634000000,2.39,2.36,2.39,10335000000,,10335000000,,,,502000000,,1.0,4531000000,0.265,8340000000,274000000,16849000000,,2377000000,2143000000,0,2143000000,19124000000,10446000000,8678000000,,189000000,1624000000,-1087000000,40000000,-657000000,-1821000000,470000000,-44000000,1600000000,-81000000,1563000000,1563000000,1563000000,0,116000000,0.091,3406000000,1125000000,5174000000,0.838,,,16.074,5870000000,0,38.417,,,5751000000,10797000000,17100000000,17100000000,0,,,,0.112,90000000,3191000000,1.0,,,,,21282000000,0,71000000,0,,23000000
JCI,MRY,2016-12-31,2016-09-30,2016-09-30,2018-05-03,-1153000000,63179000000,46400500000,17109000000,46070000000,0.449,25.747,-1217000000,579000000,579000000,15183000000,-652000000,1.048,1.579,12759000000,1706000000,11053000000,12759000000,1228000000,953000000,0,0.045,2.116,-382000000,571000000,0.027,571000000,-382000000,-671000000,-1.3,-1.29,-1.3,24118000000,17226500000,24118000000,,,,678000000,0.724,1.0,5654000000,0.271,28564000000,289000000,30464000000,23656500000,2888000000,990000000,0,990000000,38089000000,16331000000,21758000000,43585493425,26000000,385000000,-431000000,758000000,-915000000,-933000000,-887000000,-48000000,1895000000,12000000,-868000000,-868000000,-868000000,0,216000000,-0.042,4478000000,1176000000,4000000000,-1.628,1.807,-50.214,-35.792,5632000000,0,46.53,2.092,2.092,6394000000,9177000000,20837000000,20837000000,0,-0.019,-0.05,-0.016,-0.018,142000000,4190000000,1.0,936718105,936718105,,22.245,34615000000,0,197000000,0,36.953,778000000
JCI,MRY,2017-12-31,2017-09-30,2017-09-30,2018-05-03,-473000000,51884000000,50241250000,12292000000,39592000000,0.601,21.929,-1310000000,321000000,321000000,20833000000,1819000000,1.037,1.492,13572000000,1608000000,11964000000,13572000000,1279000000,1188000000,0,0.141,5.7,2812000000,4000000000,0.133,4000000000,2812000000,2316000000,1.72,1.71,1.72,20447000000,19785750000,20447000000,51379345959,18,12.845,-1298000000,-1.392,1.0,9339000000,0.31,26429000000,496000000,26852000000,25307000000,3209000000,1191000000,0,1191000000,30517000000,11854000000,18663000000,37566345959,-258000000,214000000,-494000000,713000000,-702000000,717000000,-1137000000,-41000000,12000000,54000000,1611000000,1611000000,1611000000,0,208000000,0.053,6525000000,2814000000,4271000000,3.314,1.837,23.319,23.424,6121000000,0,40.29,1.245,1.245,6666000000,5231000000,30172000000,30172000000,0,0.032,0.081,0.111,0.093,147000000,6158000000,1.0,932398758,932398758,,32.36,25455000000,0,705000000,0,27.301,438000000
