ticker,dimension,calendardate,datekey,reportperiod,lastupdated,accoci,assets,assetsavg,assetsc,assetsnc,assetturnover,bvps,capex,cashneq,cashnequsd,cor,consolinc,currentratio,de,debt,debtc,debtnc,debtusd,deferredrev,depamor,deposits,divyield,dps,ebit,ebitda,ebitdamargin,ebitdausd,ebitusd,ebt,eps,epsdil,epsusd,equity,equityavg,equityusd,ev,evebit,evebitda,fcf,fcfps,fxusd,gp,grossmargin,intangibles,intexp,invcap,invcapavg,inventory,investments,investmentsc,investmentsnc,liabilities,liabilitiesc,liabilitiesnc,marketcap,ncf,ncfbus,ncfcommon,ncfdebt,ncfdiv,ncff,ncfi,ncfinv,ncfo,ncfx,netinc,netinccmn,netinccmnusd,netincdis,netincnci,netmargin,opex,opinc,payables,payoutratio,pb,pe,pe1,ppnenet,prefdivis,price,ps,ps1,receivables,retearn,revenue,revenueusd,rnd,roa,roe,roic,ros,sbcomp,sgna,sharefactor,sharesbas,shareswa,shareswadil,sps,tangibles,taxassets,taxexp,taxliabilities,tbvps,workingcapital
JHX,MRY,2011-12-31,2011-03-31,2011-03-31,2017-05-19,55200000,1960600000,2069700000,458100000,1502500000,0.564,-1.043,-49600000,80000000,80000000,775100000,-347000000,1.42,-5.314,59000000,0,59000000,59000000,0,62900000,0,0.0,0.0,105600000,168500000,0.144,168500000,105600000,96600000,-0.8,-0.8,-0.8,-454500000,-286200000,-454500000,2832066285,26,16.808,97600000,0.224,1.0,391900000,0.336,0,9000000,1617100000,1733400000,161500000,5800000,5800000,0,2415100000,322500000,2092600000,2747066285,-600000,0,4900000,-95000000,0,-89700000,-49600000,0,147200000,-8500000,-347000000,-347000000,-347000000,0,0,-0.297,287200000,104700000,106400000,0.0,-6.044,-7.917,-7.902,707700000,0,6.322,2.354,2.36,138100000,-784700000,1167000000,1167000000,28000000,-0.168,1.212,0.061,0.09,8700000,173400000,1.0,434524879,435600000,435600000,2.679,1960600000,510300000,443600000,302400000,4.501,135600000
JHX,MRY,2012-12-31,2012-03-31,2012-03-31,2017-05-19,49400000,2310000000,2135300000,866400000,1443600000,0.58,0.29,-35500000,468300000,468300000,830500000,604300000,2.149,17.275,30900000,30900000,0,30900000,0,65200000,0,0.005,0.04,162300000,227500000,0.184,227500000,162300000,151100000,1.39,1.38,1.39,126400000,-164050000,126400000,3487548159,21,15.33,351700000,0.806,1.0,407000000,0.329,0,11200000,1469500000,1543300000,179800000,6000000,6000000,0,2183600000,403100000,1780500000,3508548159,246800000,-14400000,-8000000,-59000000,-17400000,-84400000,-49900000,0,387200000,-6100000,604300000,604300000,604300000,0,0,0.488,251500000,155500000,92600000,0.029,27.758,5.806,5.784,674700000,0,8.04,2.835,2.835,137700000,-214600000,1237500000,1237500000,30400000,0.283,-3.684,0.105,0.131,7800000,191000000,1.0,436386587,436386587,,2.836,2310000000,471500000,-453200000,182200000,5.293,463300000
JHX,MRY,2013-12-31,2013-03-31,2013-03-31,2017-05-19,47400000,2113200000,2211600000,696600000,1416600000,0.597,0.041,-59700000,285100000,285100000,902000000,45500000,2.157,115.11,0,0,0,0,0,61200000,0,0.041,0.43,39200000,100400000,0.076,100400000,39200000,33700000,0.1,0.1,0.1,18200000,72300000,18200000,4159942426,106,41.434,49600000,0.113,1.0,419300000,0.317,0,5500000,1505200000,1487350000,172100000,7100000,7100000,0,2095000000,322900000,1772100000,4597342426,-111700000,0,26300000,0,-188500000,-158700000,-59700000,0,109300000,-2600000,45500000,45500000,45500000,0,0,0.034,389800000,29500000,103700000,4.3,252.601,101.04,105.16,658900000,0,10.516,3.479,3.496,149000000,-357600000,1321300000,1321300000,37200000,0.021,0.629,0.026,0.03,3500000,218600000,1.0,437175963,439200000,440600000,3.008,2113200000,498200000,-11800000,101400000,4.811,373700000
JHX,MRY,2014-12-31,2014-03-31,2014-03-31,2017-05-19,33100000,2104000000,2108600000,659100000,1444900000,0.708,-0.45,-114700000,232700000,232700000,987400000,99500000,1.218,-11.573,47000000,47000000,0,47000000,0,61400000,0,0.053,0.73,59100000,120500000,0.081,120500000,59100000,54600000,0.22,0.22,0.22,-199000000,-90400000,-199000000,5744230495,97,47.67,208100000,0.47,1.0,506400000,0.339,0,4500000,1377000000,1441100000,186500000,100000,100000,0,2303000000,541300000,1761700000,6029330495,13800000,-4100000,7200000,0,-199100000,-186300000,-118800000,0,322800000,-3900000,99500000,99500000,99500000,0,0,0.067,453300000,53100000,266600000,3.318,-30.298,60.596,62.055,702800000,0,13.652,4.036,4.045,139200000,-602400000,1493800000,1493800000,33100000,0.047,-1.101,0.041,0.04,2900000,224400000,1.0,441644484,442600000,444600000,3.375,2104000000,505000000,-44900000,98400000,4.754,117800000
JHX,MRY,2015-12-31,2015-03-31,2015-03-31,2017-05-19,-400000,2044500000,2074250000,524000000,1520500000,0.799,-0.455,-276200000,94000000,94000000,1078100000,291300000,1.387,-11.091,411100000,13600000,397500000,411100000,0,70900000,0,0.052,0.6,332400000,403300000,0.243,403300000,332400000,322600000,0.65,0.65,0.65,-202600000,-200800000,-202600000,4962447551,14,12.305,-96700000,-0.217,1.0,578800000,0.349,0,9800000,1983700000,1680350000,218000000,0,0,0,2247100000,377900000,1869200000,5148147551,-100500000,0,-5000000,389100000,-390100000,-4600000,-277900000,0,179500000,2500000,291300000,291300000,291300000,0,0,0.176,243800000,335000000,149600000,0.923,-25.41,17.673,17.797,880100000,0,11.568,3.107,3.107,133300000,-586600000,1656900000,1656900000,31700000,0.14,-1.451,0.198,0.201,7800000,245500000,1.0,445033502,445000000,446400000,3.723,2044500000,435400000,31300000,90700000,4.594,146100000
JHX,MRY,2016-12-31,2016-03-31,2016-03-31,2017-05-19,800000,2029400000,2036950000,534300000,1495100000,0.848,-0.506,-62800000,129100000,129100000,1096000000,244400000,1.336,-10.012,552500000,50700000,501800000,552500000,0,79800000,0,0.043,0.58,357100000,436900000,0.253,436900000,357100000,330500000,0.55,0.55,0.55,-225200000,-213900000,-225200000,6391727572,17,14.63,197600000,0.444,1.0,632200000,0.366,0,26600000,2053000000,2018350000,193000000,0,0,0,2254600000,399800000,1854800000,6074627572,40100000,-600000,-20200000,111900000,-246500000,-154400000,-66600000,0,260400000,700000,244400000,244400000,244400000,0,0,0.141,278200000,354000000,127200000,1.055,-26.974,24.855,24.782,867000000,0,13.63,3.515,3.512,173300000,-621800000,1728200000,1728200000,29500000,0.12,-1.143,0.177,0.207,9900000,254200000,1.0,445680673,445300000,447200000,3.881,2029400000,410800000,86100000,86900000,4.557,134500000
JHX,MRY,2017-12-31,2017-03-31,2017-03-31,2017-05-19,-2200000,2012700000,2021050000,632100000,1380600000,0.951,-0.479,-101900000,192800000,192800000,1246900000,276500000,1.474,-10.485,616900000,52400000,564500000,616900000,0,83200000,0,0.025,0.39,395500000,478700000,0.249,478700000,395500000,367000000,0.62,0.62,0.62,-212200000,-218700000,-212200000,7474553745,18,15.614,190200000,0.43,1.0,674700000,0.351,0,28500000,2008000000,2030500000,202900000,0,0,0,2224900000,428800000,1796100000,7040153745,-28200000,-5100000,-99500000,60600000,-176800000,-212700000,-109000000,0,292100000,1400000,276500000,276500000,276500000,0,0,0.144,281500000,393200000,173500000,0.629,-33.177,25.462,25.484,879000000,0,15.8,3.664,3.64,199500000,-612900000,1921600000,1921600000,30300000,0.137,-1.264,0.195,0.206,6300000,291600000,1.0,445579351,442700000,443900000,4.341,2012700000,383500000,90500000,96700000,4.546,203300000
