ticker,dimension,calendardate,datekey,reportperiod,lastupdated,accoci,assets,assetsavg,assetsc,assetsnc,assetturnover,bvps,capex,cashneq,cashnequsd,cor,consolinc,currentratio,de,debt,debtc,debtnc,debtusd,deferredrev,depamor,deposits,divyield,dps,ebit,ebitda,ebitdamargin,ebitdausd,ebitusd,ebt,eps,epsdil,epsusd,equity,equityavg,equityusd,ev,evebit,evebitda,fcf,fcfps,fxusd,gp,grossmargin,intangibles,intexp,invcap,invcapavg,inventory,investments,investmentsc,investmentsnc,liabilities,liabilitiesc,liabilitiesnc,marketcap,ncf,ncfbus,ncfcommon,ncfdebt,ncfdiv,ncff,ncfi,ncfinv,ncfo,ncfx,netinc,netinccmn,netinccmnusd,netincdis,netincnci,netmargin,opex,opinc,payables,payoutratio,pb,pe,pe1,ppnenet,prefdivis,price,ps,ps1,receivables,retearn,revenue,revenueusd,rnd,roa,roe,roic,ros,sbcomp,sgna,sharefactor,sharesbas,shareswa,shareswadil,sps,tangibles,taxassets,taxexp,taxliabilities,tbvps,workingcapital
JOY,MRY,2011-12-31,2011-10-28,2011-10-28,2017-04-12,0,5426354000,4382241250,3564007000,1862347000,1.005,18.543,-104363000,1154321000,1154321000,2897605000,609656000,2.067,1.78,1392307000,35895000,1356412000,1392307000,771841000,79110000,0,0.008,0.7,912667000,991777000,0.225,991777000,912667000,874487000,5.81,5.72,5.81,1951795000,1764145750,1951795000,10047754930,11,10.131,400330000,3.816,1.0,1506301000,0.342,813919000,38180000,3125850000,2300380750,1334134000,380114000,0,380114000,3474559000,1724571000,1749988000,9583780930,-527260000,-1050632000,0,994715000,-73262000,976716000,-2021877000,0,504693000,13208000,609656000,609656000,609656000,21346000,0,0.138,602010000,904291000,452519000,0.12,4.91,15.72,15.695,539571000,0,91.19,2.176,2.172,884696000,2244740000,4403906000,4403906000,0,0.139,0.346,0.397,0.207,0,602010000,1.0,105096841,104916000,106537000,41.976,4612435000,73123000,264831000,0,43.822,1839436000
JOY,MRY,2012-12-31,2012-10-26,2012-10-26,2017-04-12,0,6142503000,6209751250,3156077000,2986426000,0.912,24.298,-233610000,263873000,263873000,3783802000,762201000,1.772,1.383,1371941000,65316000,1306625000,1371941000,669792000,152840000,0,0.011,0.7,1173150000,1325990000,0.234,1325990000,1173150000,1099891000,7.2,7.13,7.2,2577189000,2378891750,2577189000,7683433226,6,5.794,209251000,1.977,1.0,1877087000,0.332,1971582000,73259000,3498172000,3439079250,1415455000,0,0,0,3565314000,1780817000,1784497000,6516810226,-24448000,-1012187000,0,-35742000,-73961000,-81609000,-378329000,0,442861000,-7371000,762021000,762021000,762021000,5060000,180000,0.135,736776000,1140311000,452236000,0.097,2.529,8.552,8.549,832862000,0,61.55,1.151,1.151,1229083000,2931981000,5660889000,5660889000,0,0.123,0.32,0.341,0.207,6131000,736776000,1.0,105878314,105862000,106889000,53.474,4170921000,67101000,337870000,0,39.324,1375260000
JOY,MRY,2013-12-31,2013-10-25,2013-10-25,2017-04-12,0,5789582000,6086029750,2822444000,2967138000,0.824,27.185,-149863000,405709000,405709000,3399568000,536534000,2.074,1.025,1315596000,58669000,1256927000,1315596000,399768000,113519000,0,0.012,0.7,843986000,957505000,0.191,957505000,843986000,777701000,5.06,5.02,5.06,2858369000,2862818250,2858369000,7017145219,8,7.329,486987000,4.591,1.0,1613129000,0.322,1812331000,66285000,3526548000,3595577250,1139744000,0,0,0,2931213000,1360590000,1570623000,6173687219,141836000,0,-206531000,-57374000,-74325000,-336502000,-149975000,0,636850000,-8537000,536534000,536534000,536534000,225000,0,0.107,811348000,801781000,388119000,0.138,2.16,11.507,11.48,912642000,0,58.09,1.232,1.229,1083663000,3390459000,5012697000,5012697000,0,0.088,0.187,0.235,0.168,27278000,656148000,1.0,106277969,106070000,106996000,47.258,3977251000,41532000,241167000,0,37.826,1461854000
JOY,MRY,2014-12-31,2014-10-31,2014-10-31,2017-04-12,0,5592349000,5571117000,2612006000,2980343000,0.678,28.885,-81114000,270191000,270191000,2654233000,338118000,2.223,0.97,1281280000,11739000,1269541000,1281280000,285939000,133593000,0,0.014,0.75,537286000,670879000,0.178,670879000,537286000,472178000,3.38,3.35,3.38,2840997000,2797709500,2840997000,6128430143,11,9.135,282225000,2.82,1.0,1124077000,0.298,1835962000,65108000,3592488000,3515704250,1101955000,0,0,0,2755989000,1174988000,1581001000,5166977143,-135518000,-44426000,-255990000,-37500000,-74945000,-367297000,-125487000,0,363339000,-6073000,338118000,338118000,338118000,0,0,0.089,608886000,515191000,395945000,0.222,1.819,15.282,15.571,892440000,0,52.63,1.368,1.394,1059709000,3111888000,3778310000,3778310000,0,0.061,0.121,0.153,0.142,17685000,587289000,1.0,98175511,100088000,100939000,37.75,3756387000,71897000,134060000,0,38.193,1437018000
JOY,MRY,2015-12-31,2015-10-30,2015-10-30,2017-04-12,0,3712446000,4934335000,2068442000,1644004000,0.643,14.56,-67036000,102885000,102885000,2333225000,-1178004000,2.271,1.614,1086964000,26321000,1060643000,1086964000,229470000,142366000,0,0.047,0.8,-1112990000,-970624000,-0.306,-970624000,-1112990000,-1177129000,-12.08,-12.08,-12.08,1420009000,2398132250,1420009000,2803916250,-2,-2.889,288297000,2.957,1.0,838922000,0.264,610331000,64139000,3175274000,3481966750,1007925000,0,0,0,2292437000,910920000,1381517000,1674613250,-167306000,-114353000,-45346000,-191400000,-77950000,-324956000,-181472000,0,355333000,-16211000,-1178004000,-1178004000,-1178004000,0,0,-0.371,1954914000,-1115992000,275789000,-0.066,1.179,-1.422,-1.422,792032000,0,17.18,0.528,0.528,812073000,1854794000,3172147000,3172147000,0,-0.239,-0.491,-0.32,-0.351,30634000,583218000,1.0,97474578,97493000,97493000,32.537,3102115000,118913000,875000,0,31.807,1157522000
JOY,MRY,2016-12-31,2016-10-28,2016-10-28,2017-04-12,0,3423300000,3461387750,1892625000,1530675000,0.685,14.066,-17852000,276709000,276709000,1855574000,-58379000,2.451,1.478,1003902000,41611000,962291000,1003902000,173121000,141900000,0,0.001,0.04,-31364000,110536000,0.047,110536000,-31364000,-81705000,-0.59,-0.59,-0.59,1381706000,1369684250,1381706000,3559764403,-113,32.205,235789000,2.405,1.0,515826000,0.218,574254000,50341000,2804118000,2889282750,814821000,0,0,0,2041594000,772121000,1269473000,2735797403,175334000,28250000,639000,-77350000,-3984000,-84690000,9654000,0,253641000,-3271000,-58379000,-58379000,-58379000,-5466000,0,-0.025,566580000,-50754000,236787000,-0.068,1.98,-46.863,-47.237,656245000,0,27.87,1.154,1.152,683958000,1792431000,2371400000,2371400000,0,-0.017,-0.043,-0.011,-0.013,25550000,476684000,1.0,98162806,98040000,98040000,24.188,2849046000,171775000,-23326000,0,29.004,1120504000
