ticker,dimension,calendardate,datekey,reportperiod,lastupdated,accoci,assets,assetsavg,assetsc,assetsnc,assetturnover,bvps,capex,cashneq,cashnequsd,cor,consolinc,currentratio,de,debt,debtc,debtnc,debtusd,deferredrev,depamor,deposits,divyield,dps,ebit,ebitda,ebitdamargin,ebitdausd,ebitusd,ebt,eps,epsdil,epsusd,equity,equityavg,equityusd,ev,evebit,evebitda,fcf,fcfps,fxusd,gp,grossmargin,intangibles,intexp,invcap,invcapavg,inventory,investments,investmentsc,investmentsnc,liabilities,liabilitiesc,liabilitiesnc,marketcap,ncf,ncfbus,ncfcommon,ncfdebt,ncfdiv,ncff,ncfi,ncfinv,ncfo,ncfx,netinc,netinccmn,netinccmnusd,netincdis,netincnci,netmargin,opex,opinc,payables,payoutratio,pb,pe,pe1,ppnenet,prefdivis,price,ps,ps1,receivables,retearn,revenue,revenueusd,rnd,roa,roe,roic,ros,sbcomp,sgna,sharefactor,sharesbas,shareswa,shareswadil,sps,tangibles,taxassets,taxexp,taxliabilities,tbvps,workingcapital
JWN,MRY,2011-12-31,2012-01-28,2012-01-28,2018-03-19,-45000000,8491000000,8078250000,5560000000,2931000000,1.344,9.399,-511000000,1877000000,1877000000,6592000000,683000000,2.159,3.341,3647000000,506000000,3141000000,3647000000,0,371000000,0,0.019,0.92,1249000000,1620000000,0.149,1620000000,1249000000,1119000000,3.2,3.14,3.2,1956000000,1997250000,1956000000,12026542142,9,7.424,666000000,3.119,1.0,4268000000,0.393,175000000,130000000,7511000000,6949250000,1148000000,0,0,0,6535000000,2575000000,3960000000,10167542142,371000000,0,-764000000,788000000,-197000000,-78000000,-728000000,0,1177000000,0,683000000,683000000,683000000,0,0,0.063,3019000000,1249000000,917000000,0.287,5.198,14.887,15.172,2469000000,0,48.55,0.936,0.954,2033000000,517000000,10860000000,10860000000,0,0.085,0.342,0.18,0.115,48000000,3019000000,1.0,209424143,213500000,217700000,50.867,8316000000,220000000,436000000,0,39.962,2985000000
JWN,MRY,2012-12-31,2013-02-02,2013-02-02,2018-03-19,-47000000,8089000000,8214500000,5081000000,3008000000,1.477,9.637,-513000000,1285000000,1285000000,7432000000,735000000,2.283,3.228,3131000000,7000000,3124000000,3131000000,0,429000000,0,0.02,1.08,1345000000,1774000000,0.146,1774000000,1345000000,1185000000,3.62,3.56,3.62,1913000000,1929000000,1913000000,13006200351,9,7.332,597000000,2.941,1.0,4702000000,0.388,175000000,160000000,7534000000,7513750000,1360000000,0,0,0,6176000000,2226000000,3950000000,11029200351,-592000000,0,-634000000,-501000000,-220000000,-1333000000,-369000000,0,1110000000,0,735000000,735000000,735000000,0,0,0.061,3357000000,1345000000,1011000000,0.298,5.765,15.006,15.227,2579000000,0,55.12,0.909,0.922,2129000000,315000000,12134000000,12134000000,0,0.089,0.381,0.179,0.111,52000000,3357000000,1.0,200094346,203000000,206700000,59.773,7914000000,227000000,450000000,0,39.869,2855000000
JWN,MRY,2013-12-31,2014-02-01,2014-02-01,2018-03-19,-39000000,8574000000,8460500000,5228000000,3346000000,1.482,10.794,-803000000,1194000000,1194000000,7737000000,734000000,2.057,3.122,3113000000,7000000,3106000000,3113000000,0,454000000,0,0.021,1.2,1350000000,1804000000,0.144,1804000000,1350000000,1189000000,3.77,3.71,3.77,2080000000,1996750000,2080000000,13279371312,9,7.361,517000000,2.658,1.0,4803000000,0.383,175000000,161000000,7777000000,7581750000,1531000000,0,0,0,6494000000,2541000000,3953000000,11108371312,-91000000,0,-412000000,39000000,-234000000,-589000000,-822000000,0,1320000000,0,734000000,734000000,734000000,0,0,0.059,3453000000,1350000000,1263000000,0.318,5.341,15.134,15.239,2949000000,0,57.45,0.886,0.891,2177000000,292000000,12540000000,12540000000,0,0.087,0.368,0.178,0.108,56000000,3453000000,1.0,193357203,194500000,197700000,64.473,8399000000,239000000,455000000,0,43.586,2687000000
JWN,MRY,2014-12-31,2015-01-31,2015-01-31,2018-03-19,-64000000,9245000000,9013250000,5224000000,4021000000,1.498,12.842,-861000000,827000000,827000000,8406000000,720000000,1.866,2.789,3131000000,8000000,3123000000,3131000000,0,508000000,0,0.017,1.32,1323000000,1831000000,0.136,1831000000,1323000000,1185000000,3.79,3.72,3.79,2440000000,2212750000,2440000000,17190676467,12,9.389,359000000,1.889,1.0,5100000000,0.378,435000000,138000000,8314000000,8250250000,1733000000,0,0,0,6805000000,2800000000,4005000000,14496676467,-367000000,0,-469000000,23000000,-251000000,-698000000,-889000000,0,1220000000,0,720000000,720000000,720000000,0,0,0.053,3777000000,1323000000,1328000000,0.348,5.941,20.134,20.106,3340000000,0,76.2,1.073,1.072,2306000000,166000000,13506000000,13506000000,0,0.08,0.325,0.16,0.098,66000000,3777000000,1.0,190245098,190000000,193600000,71.084,8810000000,256000000,465000000,0,46.368,2424000000
JWN,MRY,2015-12-31,2016-01-30,2016-01-30,2018-03-19,-58000000,7698000000,8886500000,3014000000,4684000000,1.625,4.896,-1082000000,595000000,595000000,9168000000,600000000,1.035,7.838,2805000000,10000000,2795000000,2805000000,0,576000000,0,0.129,6.33,1101000000,1677000000,0.116,1677000000,1101000000,976000000,3.22,3.15,3.22,871000000,1831250000,871000000,11015916934,10,6.569,1388000000,7.45,1.0,5269000000,0.365,435000000,125000000,6562000000,7639250000,1945000000,0,0,0,6827000000,2911000000,3916000000,9027916934,-232000000,0,-1098000000,-308000000,-1185000000,-2558000000,-144000000,0,2470000000,0,600000000,600000000,600000000,0,0,0.042,4168000000,1101000000,1324000000,1.966,10.365,15.047,15.248,3735000000,0,49.1,0.625,0.634,196000000,-1610000000,14437000000,14437000000,0,0.068,0.328,0.144,0.076,70000000,4168000000,1.0,183867962,186300000,190100000,77.493,7263000000,0,376000000,0,40.826,103000000
JWN,MRY,2016-12-31,2017-01-28,2017-01-28,2018-03-19,-43000000,7858000000,7913250000,3242000000,4616000000,1.865,5.032,-846000000,1007000000,1007000000,9440000000,354000000,1.07,8.032,2774000000,11000000,2763000000,2774000000,0,645000000,0,0.035,1.48,805000000,1450000000,0.098,1450000000,805000000,684000000,2.05,2.02,2.05,870000000,885500000,870000000,9671243642,12,6.67,812000000,4.688,1.0,5317000000,0.36,238000000,121000000,6358000000,6500000000,1896000000,0,0,0,6988000000,3029000000,3959000000,7424243642,412000000,0,-194000000,-6000000,-256000000,-455000000,-791000000,0,1658000000,0,354000000,354000000,354000000,0,0,0.024,4512000000,805000000,1340000000,0.722,8.534,20.972,20.893,3897000000,0,42.83,0.503,0.503,199000000,-1794000000,14757000000,14757000000,0,0.045,0.4,0.124,0.055,91000000,4315000000,1.0,173342135,173200000,175600000,85.202,7620000000,0,330000000,0,44.072,213000000
JWN,MRY,2017-12-31,2018-02-03,2018-02-03,2018-03-19,-29000000,8115000000,8058250000,3503000000,4612000000,1.921,5.847,-731000000,1181000000,1181000000,9890000000,437000000,1.065,7.306,2737000000,56000000,2681000000,2737000000,0,666000000,0,0.031,1.48,926000000,1592000000,0.103,1592000000,926000000,790000000,2.62,2.59,2.62,977000000,823250000,977000000,10036965447,10,6.305,669000000,4.011,1.0,5588000000,0.361,238000000,136000000,6144000000,6364250000,2027000000,0,0,0,7138000000,3289000000,3849000000,7970965447,174000000,0,-172000000,-81000000,-247000000,-542000000,-684000000,0,1400000000,0,437000000,437000000,437000000,0,0,0.028,4662000000,926000000,1409000000,0.565,8.159,18.24,18.263,3939000000,0,47.85,0.515,0.516,145000000,-1810000000,15478000000,15478000000,0,0.054,0.531,0.146,0.06,77000000,4662000000,1.0,166582350,166800000,168900000,92.794,7877000000,0,353000000,0,47.139,214000000
