ticker,dimension,calendardate,datekey,reportperiod,lastupdated,accoci,assets,assetsavg,assetsc,assetsnc,assetturnover,bvps,capex,cashneq,cashnequsd,cor,consolinc,currentratio,de,debt,debtc,debtnc,debtusd,deferredrev,depamor,deposits,divyield,dps,ebit,ebitda,ebitdamargin,ebitdausd,ebitusd,ebt,eps,epsdil,epsusd,equity,equityavg,equityusd,ev,evebit,evebitda,fcf,fcfps,fxusd,gp,grossmargin,intangibles,intexp,invcap,invcapavg,inventory,investments,investmentsc,investmentsnc,liabilities,liabilitiesc,liabilitiesnc,marketcap,ncf,ncfbus,ncfcommon,ncfdebt,ncfdiv,ncff,ncfi,ncfinv,ncfo,ncfx,netinc,netinccmn,netinccmnusd,netincdis,netincnci,netmargin,opex,opinc,payables,payoutratio,pb,pe,pe1,ppnenet,prefdivis,price,ps,ps1,receivables,retearn,revenue,revenueusd,rnd,roa,roe,roic,ros,sbcomp,sgna,sharefactor,sharesbas,shareswa,shareswadil,sps,tangibles,taxassets,taxexp,taxliabilities,tbvps,workingcapital
KBR,MRY,2011-12-31,2011-12-31,2011-12-31,2018-04-28,-548000000,5666000000,5544750000,3435000000,2231000000,1.642,16.612,-83000000,966000000,966000000,8463000000,540000000,1.509,1.32,98000000,10000000,88000000,98000000,618000000,71000000,0,0.007,0.2,530000000,601000000,0.066,601000000,530000000,512000000,3.18,3.16,3.18,2442000000,2394250000,2442000000,3557614462,6,5.919,567000000,3.78,1.0,640000000,0.07,1064000000,18000000,1457000000,1486000000,0,190000000,0,190000000,3224000000,2277000000,947000000,4148614462,180000000,-11000000,-111000000,-15000000,-30000000,-377000000,-88000000,6000000,650000000,-5000000,480000000,480000000,480000000,0,60000000,0.053,211000000,429000000,814000000,0.063,1.699,8.643,8.764,384000000,0,27.87,0.456,0.459,1967000000,1607000000,9103000000,9103000000,0,0.087,0.2,0.357,0.058,0,214000000,1.0,148855919,150000000,151000000,60.687,4602000000,425000000,32000000,212000000,31.306,1158000000
KBR,MRY,2012-12-31,2012-12-31,2012-12-31,2018-04-28,-610000000,5767000000,5679000000,3444000000,2323000000,1.368,16.966,-75000000,1053000000,1053000000,7252000000,202000000,1.577,1.297,0,0,0,0,439000000,65000000,0,0.007,0.2,230000000,295000000,0.038,295000000,230000000,230000000,0.97,0.97,0.97,2511000000,2560500000,2511000000,3666811730,15,12.43,67000000,0.453,1.0,518000000,0.067,878000000,0,1652000000,1707500000,0,217000000,0,217000000,3256000000,2184000000,1072000000,4414811730,87000000,0,-33000000,-14000000,-37000000,-116000000,52000000,127000000,142000000,9000000,144000000,144000000,144000000,0,58000000,0.019,370000000,148000000,805000000,0.206,1.758,30.658,30.845,390000000,0,29.92,0.568,0.57,2194000000,1709000000,7770000000,7770000000,0,0.025,0.056,0.135,0.03,0,222000000,1.0,147553868,148000000,149000000,52.5,4889000000,454000000,86000000,167000000,33.034,1260000000
KBR,MRY,2013-12-31,2013-12-31,2013-12-31,2018-04-28,-740000000,5438000000,5453250000,2925000000,2513000000,1.323,16.48,-78000000,1106000000,1106000000,6797000000,171000000,1.534,1.23,88000000,10000000,78000000,88000000,401000000,68000000,0,0.01,0.32,204000000,272000000,0.038,272000000,204000000,204000000,0.5,0.5,0.5,2439000000,2604000000,2439000000,3853865604,18,14.169,219000000,1.48,1.0,417000000,0.058,857000000,0,1656000000,1848750000,0,156000000,0,156000000,2999000000,1907000000,1092000000,4723865604,53000000,0,-1000000,-14000000,-36000000,-148000000,-62000000,16000000,297000000,-34000000,75000000,75000000,75000000,0,96000000,0.01,246000000,171000000,852000000,0.64,1.937,62.985,63.78,415000000,0,31.89,0.655,0.654,2083000000,1748000000,7214000000,7214000000,0,0.014,0.029,0.11,0.028,0,248000000,1.0,148129997,148000000,149000000,48.743,4581000000,512000000,129000000,156000000,30.953,1018000000
KBR,MRY,2014-12-31,2014-12-31,2014-12-31,2018-04-28,-876000000,4078000000,5024500000,2454000000,1624000000,1.267,6.275,-53000000,970000000,970000000,6431000000,-1198000000,1.241,3.361,73000000,10000000,63000000,73000000,626000000,72000000,0,0.019,0.32,-841000000,-769000000,-0.121,-769000000,-841000000,-841000000,-8.66,-8.66,-8.66,935000000,1988000000,935000000,1491088761,-1,-1.939,117000000,0.801,1.0,-65000000,-0.01,365000000,0,838000000,1439750000,0,151000000,0,151000000,3143000000,1978000000,1165000000,2459088761,-136000000,0,-102000000,-11000000,-47000000,-210000000,-44000000,0,170000000,-52000000,-1262000000,-1262000000,-1262000000,0,64000000,-0.198,892000000,-957000000,798000000,-0.037,2.63,-1.949,-1.957,247000000,0,16.95,0.386,0.389,1907000000,439000000,6366000000,6366000000,0,-0.251,-0.635,-0.584,-0.132,0,239000000,1.0,145078983,146000000,146000000,43.603,3713000000,143000000,421000000,164000000,24.919,476000000
KBR,MRY,2015-12-31,2015-12-31,2015-12-31,2018-04-28,-831000000,3412000000,3692000000,1844000000,1568000000,1.38,7.306,-10000000,883000000,883000000,4771000000,226000000,1.324,2.243,61000000,10000000,51000000,61000000,609000000,39000000,0,0.019,0.32,300000000,339000000,0.067,339000000,300000000,289000000,1.4,1.4,1.4,1052000000,958500000,1052000000,1738925391,5,5.13,37000000,0.257,1.0,325000000,0.064,359000000,11000000,838000000,1011250000,0,281000000,0,281000000,2360000000,1393000000,967000000,2440925391,-87000000,-19000000,-61000000,-11000000,-47000000,-192000000,101000000,0,47000000,-43000000,203000000,203000000,203000000,0,23000000,0.04,164000000,161000000,438000000,0.229,2.32,12.024,12.086,169000000,0,16.92,0.479,0.478,1378000000,595000000,5096000000,5096000000,0,0.055,0.212,0.297,0.059,0,155000000,1.0,144262730,144000000,144000000,35.389,3053000000,99000000,86000000,172000000,21.201,451000000
KBR,MRY,2016-12-31,2016-12-31,2016-12-31,2018-04-28,-1050000000,4144000000,3797000000,2047000000,2097000000,1.124,5.246,-11000000,536000000,536000000,4156000000,-51000000,1.313,4.562,693000000,9000000,684000000,693000000,642000000,45000000,0,0.019,0.32,36000000,81000000,0.019,81000000,36000000,23000000,-0.43,-0.43,-0.43,745000000,1023750000,745000000,2511131607,69,31.002,50000000,0.352,1.0,112000000,0.026,1207000000,13000000,1535000000,1238000000,0,369000000,0,369000000,3399000000,1559000000,1840000000,2381131607,-347000000,-972000000,-4000000,641000000,-46000000,584000000,-981000000,0,61000000,-11000000,-61000000,-61000000,-61000000,0,10000000,-0.014,175000000,-63000000,535000000,-0.744,3.196,-39.035,-38.814,145000000,0,16.69,0.558,0.555,1539000000,488000000,4268000000,4268000000,0,-0.016,-0.06,0.029,0.008,0,143000000,1.0,142668161,142000000,142000000,30.056,2937000000,118000000,84000000,227000000,20.683,488000000
KBR,MRY,2017-12-31,2017-12-31,2017-12-31,2018-04-28,-921000000,3674000000,3704500000,1425000000,2249000000,1.126,8.66,-8000000,439000000,439000000,3829000000,442000000,1.331,2.009,508000000,10000000,498000000,508000000,101000000,48000000,0,0.016,0.32,262000000,310000000,0.074,310000000,262000000,241000000,3.06,3.06,3.06,1221000000,920250000,1221000000,2778778646,10,8.964,185000000,1.312,1.0,342000000,0.082,1207000000,21000000,1465000000,1398750000,0,387000000,0,387000000,2453000000,1071000000,1382000000,2777778646,-97000000,-4000000,-53000000,-189000000,-45000000,-290000000,-12000000,0,193000000,12000000,434000000,434000000,434000000,0,8000000,0.104,148000000,194000000,350000000,0.105,2.275,6.4,6.48,130000000,0,19.83,0.666,0.67,611000000,877000000,4171000000,4171000000,0,0.117,0.472,0.187,0.063,0,147000000,1.0,140079609,141000000,141000000,29.582,2467000000,300000000,-193000000,103000000,17.496,354000000
