ticker,dimension,calendardate,datekey,reportperiod,lastupdated,accoci,assets,assetsavg,assetsc,assetsnc,assetturnover,bvps,capex,cashneq,cashnequsd,cor,consolinc,currentratio,de,debt,debtc,debtnc,debtusd,deferredrev,depamor,deposits,divyield,dps,ebit,ebitda,ebitdamargin,ebitdausd,ebitusd,ebt,eps,epsdil,epsusd,equity,equityavg,equityusd,ev,evebit,evebitda,fcf,fcfps,fxusd,gp,grossmargin,intangibles,intexp,invcap,invcapavg,inventory,investments,investmentsc,investmentsnc,liabilities,liabilitiesc,liabilitiesnc,marketcap,ncf,ncfbus,ncfcommon,ncfdebt,ncfdiv,ncff,ncfi,ncfinv,ncfo,ncfx,netinc,netinccmn,netinccmnusd,netincdis,netincnci,netmargin,opex,opinc,payables,payoutratio,pb,pe,pe1,ppnenet,prefdivis,price,ps,ps1,receivables,retearn,revenue,revenueusd,rnd,roa,roe,roic,ros,sbcomp,sgna,sharefactor,sharesbas,shareswa,shareswadil,sps,tangibles,taxassets,taxexp,taxliabilities,tbvps,workingcapital
KEM,MRY,2011-12-31,2011-03-31,2011-03-31,2018-02-01,22555000,884309000,811448750,542259000,342050000,1.255,12.053,-34989000,152051000,152051000,752846000,63044000,2.403,1.458,273316000,42101000,231215000,273316000,0,52932000,0,0.0,0.0,95923000,148855000,0.146,148855000,95923000,65748000,2.11,1.22,2.11,359753000,311991250,359753000,695058489,7,4.669,78979000,2.646,1.0,265642000,0.261,20092000,30175000,759828000,765058500,206440000,0,0,0,524556000,225654000,298902000,550569489,71066000,0,89000,-13427000,0,-13338000,-29564000,0,113968000,1786000,63044000,63044000,63044000,0,0,0.062,136381000,129261000,90997000,0.0,1.53,8.733,7.028,310412000,0,14.83,0.541,0.435,150370000,-87745000,1018488000,1018488000,25864000,0.078,0.202,0.125,0.094,1783000,104607000,1.0,37125387,29847000,51477000,34.124,864217000,5301000,2704000,12225000,28.955,316605000
KEM,MRY,2012-12-31,2012-03-31,2012-03-31,2018-02-01,12020000,980862000,892195750,564184000,416678000,1.036,8.042,-49314000,212725000,212725000,731312000,6692000,3.364,1.732,347331000,1951000,345380000,347331000,0,43401000,0,0.0,0.0,36335000,79736000,0.086,79736000,36335000,7768000,0.16,0.13,0.16,358996000,379928250,358996000,513020953,14,6.434,31416000,0.726,1.0,192740000,0.209,78203000,28567000,869575000,794000250,212234000,0,0,0,621866000,167690000,454176000,418003953,59169000,-42613000,290000,70002000,0,70292000,-91853000,0,80730000,-699000,6692000,6692000,6692000,-9042000,0,0.007,164657000,28083000,74404000,0.0,1.164,62.463,58.5,315848000,0,9.36,0.452,0.438,104950000,-81053000,924052000,924052000,27765000,0.008,0.018,0.046,0.039,3075000,106534000,1.0,44658542,43285000,52320000,21.348,902659000,11680000,1076000,9823000,20.222,396494000
KEM,MRY,2013-12-31,2013-03-31,2013-03-31,2018-02-01,7694000,911591000,933874500,443425000,468166000,0.882,6.16,-46174000,113375000,113375000,697076000,-82182000,2.443,2.292,383500000,10793000,372707000,383500000,0,45158000,0,0.0,0.0,-37570000,7588000,0.009,7588000,-37570000,-78901000,-1.83,-1.83,-1.83,276916000,307152500,276916000,500519181,-13,65.962,-69001000,-1.537,1.0,126827000,0.154,74230000,41331000,926006000,906736500,198888000,52738000,0,52738000,634675000,181480000,453195000,280760181,-113952000,-50917000,111000,37641000,0,20852000,-111977000,0,-22827000,-591000,-82182000,-82182000,-82182000,3670000,0,-0.1,161907000,-35080000,70774000,0.0,1.014,-3.416,-3.415,303682000,0,6.25,0.341,0.341,93774000,-163235000,823903000,823903000,26876000,-0.088,-0.268,-0.041,-0.046,4599000,107620000,1.0,44921629,44897000,44897000,18.351,837361000,12161000,3281000,9616000,18.628,261945000
KEM,MRY,2014-12-31,2014-03-31,2014-03-31,2018-02-01,18184000,843667000,866843250,400576000,443091000,0.962,4.912,-32147000,71441000,71441000,712925000,-68503000,2.401,2.802,398589000,7297000,391292000,398589000,0,49527000,0,0.0,0.0,-26059000,23468000,0.028,23468000,-26059000,-67021000,-1.52,-1.52,-1.52,221884000,235496750,221884000,594451405,-22,25.33,-38893000,-0.862,1.0,120741000,0.145,72768000,40962000,931215000,936177500,187974000,46419000,0,46419000,621783000,166832000,454951000,262178405,-38876000,0,250000,14850000,0,-6877000,-25253000,0,-6746000,827000,-68503000,-68503000,-68503000,3634000,0,-0.082,138952000,-18211000,74818000,0.0,1.182,-3.827,-3.822,292648000,0,5.81,0.314,0.314,98947000,-231738000,833666000,833666000,24466000,-0.079,-0.291,-0.028,-0.031,2909000,95856000,1.0,45125371,45102000,45102000,18.484,770899000,13473000,1482000,6183000,17.065,233744000
KEM,MRY,2015-12-31,2015-03-31,2015-03-31,2018-02-01,-28796000,746693000,800576750,360565000,386128000,1.028,3.624,-22232000,56362000,56362000,663683000,-14143000,2.73,3.534,391371000,962000,390409000,391371000,0,40768000,0,0.0,0.0,31785000,72553000,0.088,72553000,31785000,-8916000,-0.31,-0.31,-0.31,164682000,203419750,164682000,535090714,16,7.375,2170000,0.048,1.0,159509000,0.194,68866000,40701000,880749000,914742250,171843000,45016000,0,45016000,582011000,132087000,449924000,188072714,1163000,9564000,-606000,-6735000,0,-26868000,3629000,0,24402000,-2730000,-14143000,-14143000,-14143000,-5379000,0,-0.017,137131000,22378000,69785000,0.0,1.142,-13.298,-13.355,249641000,0,4.14,0.228,0.228,90857000,-245881000,823192000,823192000,25802000,-0.018,-0.07,0.035,0.039,4512000,98533000,1.0,45428192,45381000,45381000,18.14,677827000,9774000,5227000,3268000,14.916,228478000
KEM,MRY,2016-12-31,2016-03-31,2016-03-31,2018-02-01,-31425000,699780000,723865750,352547000,347233000,1.015,2.437,-20469000,65004000,65004000,571543000,-53629000,2.849,5.221,387833000,2000000,385833000,387833000,0,39016000,0,0.0,0.0,-8018000,30998000,0.042,30998000,-8018000,-47623000,-1.17,-1.17,-1.17,112481000,124422000,112481000,440237377,-54,14.202,11896000,0.259,1.0,163280000,0.222,73595000,39605000,825260000,870663250,168879000,20334000,0,20334000,587299000,123754000,463545000,88508377,7974000,-2892000,-722000,-81000,0,-3803000,-20588000,0,32365000,668000,-53629000,-53629000,-53629000,0,0,-0.073,130954000,32326000,70981000,0.0,0.787,-1.65,-1.65,241839000,0,1.93,0.12,0.121,93168000,-299510000,734823000,734823000,24955000,-0.074,-0.431,-0.009,-0.011,4774000,101446000,1.0,45859263,46004000,46004000,15.973,626185000,8397000,6006000,3273000,13.566,228793000
KEM,MRY,2017-12-31,2017-03-31,2017-03-31,2018-02-01,-41812000,734325000,686204000,379037000,355288000,1.104,3.301,-25617000,109774000,109774000,571679000,47989000,2.913,3.754,388211000,2000000,386211000,388211000,0,37338000,0,0.0,0.0,92034000,129372000,0.171,129372000,92034000,52279000,1.03,0.87,1.03,154472000,104048500,154472000,856948120,9,6.624,46050000,0.989,1.0,186112000,0.246,70075000,39755000,812546000,802613750,147955000,63416000,0,63416000,579853000,130141000,449712000,558078120,45944000,0,-11000,-114000,0,-125000,-25598000,0,71667000,-1174000,47989000,47989000,47989000,0,0,0.063,151572000,34540000,69674000,0.0,3.613,11.629,11.65,209311000,0,12.0,0.736,0.737,92526000,-251854000,757791000,757791000,27629000,0.07,0.461,0.115,0.121,4720000,107868000,1.0,46506510,46552000,55389000,16.278,664250000,8367000,4290000,4085000,14.193,248896000
