ticker,dimension,calendardate,datekey,reportperiod,lastupdated,accoci,assets,assetsavg,assetsc,assetsnc,assetturnover,bvps,capex,cashneq,cashnequsd,cor,consolinc,currentratio,de,debt,debtc,debtnc,debtusd,deferredrev,depamor,deposits,divyield,dps,ebit,ebitda,ebitdamargin,ebitdausd,ebitusd,ebt,eps,epsdil,epsusd,equity,equityavg,equityusd,ev,evebit,evebitda,fcf,fcfps,fxusd,gp,grossmargin,intangibles,intexp,invcap,invcapavg,inventory,investments,investmentsc,investmentsnc,liabilities,liabilitiesc,liabilitiesnc,marketcap,ncf,ncfbus,ncfcommon,ncfdebt,ncfdiv,ncff,ncfi,ncfinv,ncfo,ncfx,netinc,netinccmn,netinccmnusd,netincdis,netincnci,netmargin,opex,opinc,payables,payoutratio,pb,pe,pe1,ppnenet,prefdivis,price,ps,ps1,receivables,retearn,revenue,revenueusd,rnd,roa,roe,roic,ros,sbcomp,sgna,sharefactor,sharesbas,shareswa,shareswadil,sps,tangibles,taxassets,taxexp,taxliabilities,tbvps,workingcapital
KFY,MRY,2011-12-31,2011-04-30,2011-04-30,2018-03-09,25660000,971680000,885699000,441597000,530083000,0.876,12.666,-27889000,246856000,246856000,51766000,58874000,1.888,0.68,0,0,0,0,0,12671000,0,0.0,0.0,94101000,106772000,0.138,106772000,94101000,91566000,1.3,1.27,1.3,578857000,534420000,578857000,791393868,8,7.412,67745000,1.499,1.0,724485000,0.933,206241000,2535000,284717000,304877000,0,166163000,20868000,145295000,393343000,233866000,159477000,972702868,27623000,-5795000,-777000,6039000,0,5949000,-81131000,-37346000,95634000,7171000,58874000,58874000,58874000,0,0,0.076,638700000,85785000,12504000,0.0,1.68,16.522,15.931,43142000,0,20.71,1.253,1.206,128859000,148494000,776251000,776251000,0,0.066,0.11,0.309,0.121,15547000,623899000,1.0,46967787,45205000,46280000,17.172,765439000,79770000,32692000,4674000,16.749,207731000
KFY,MRY,2012-12-31,2012-04-30,2012-04-30,2018-03-09,7191000,1014689000,954042000,500067000,514622000,0.867,13.521,-18632000,282005000,282005000,55889000,54303000,2.255,0.611,0,0,0,0,0,14017000,0,0.0,0.0,84445000,98462000,0.119,98462000,84445000,82654000,1.17,1.15,1.17,629986000,613521250,629986000,554024502,6,5.627,52343000,1.128,1.0,770870000,0.932,196751000,1791000,314209000,360297250,0,173861000,40936000,132925000,385213000,221724000,163489000,772220502,35149000,-1242000,156000,366000,0,2186000,-33027000,-12537000,70975000,-4985000,54303000,54303000,54303000,0,0,0.066,688004000,82866000,14667000,0.0,1.226,14.221,13.803,49808000,0,16.15,0.934,0.906,126579000,202797000,826759000,826759000,0,0.057,0.089,0.234,0.102,13399000,673058000,1.0,47815511,46397000,47261000,17.819,817938000,80022000,28351000,8720000,17.555,278343000
KFY,MRY,2013-12-31,2013-04-30,2013-04-30,2018-03-09,-2631000,1115229000,1023367000,447100000,668129000,0.83,14.014,-13101000,224066000,224066000,65847000,33293000,1.665,0.678,0,0,0,0,0,19004000,0,0.0,0.0,52295000,71299000,0.084,71299000,52295000,49930000,0.71,0.7,0.71,664967000,649559750,664967000,637434325,12,8.94,48606000,1.029,1.0,783854000,0.923,315480000,2365000,307132000,360199000,0,170292000,20347000,149945000,450761000,268551000,182210000,805669325,-57939000,-112064000,-704000,0,0,-410000,-116711000,1074000,61707000,-2525000,33293000,33293000,33293000,0,0,0.039,739978000,43876000,19460000,0.0,1.212,24.199,23.31,53628000,0,16.55,0.948,0.92,161508000,236090000,849701000,849701000,0,0.033,0.051,0.145,0.062,11906000,698117000,1.0,48680926,47224000,47883000,17.993,799749000,75658000,16637000,5502000,16.855,178549000
KFY,MRY,2014-12-31,2014-04-30,2014-04-30,2018-03-09,-2388000,1233666000,1133784250,561954000,671712000,0.878,15.58,-28559000,333717000,333717000,75168000,72691000,1.958,0.632,0,0,0,0,0,26172000,0,0.0,0.0,103546000,129718000,0.13,129718000,103546000,101183000,1.51,1.48,1.51,756024000,714925750,756024000,1196969120,11,9.227,100923000,2.095,1.0,920391000,0.924,307142000,2363000,305874000,363667000,0,164389000,9566000,154823000,478130000,286933000,191197000,1444753120,109651000,-15000000,6556000,-388000,0,5575000,-23592000,16325000,129482000,-1814000,72691000,72691000,72691000,0,0,0.073,828783000,91608000,19375000,0.0,1.911,19.875,19.238,60434000,0,29.05,1.451,1.405,175986000,308781000,995559000,995559000,0,0.064,0.102,0.285,0.104,12106000,798929000,1.0,49733326,48162000,49145000,20.671,926524000,67769000,28492000,13014000,19.094,275021000
KFY,MRY,2015-12-31,2015-04-30,2015-04-30,2018-03-09,-40623000,1317801000,1231419500,637158000,680643000,0.866,16.54,-21860000,380838000,380838000,77606000,88357000,2.082,0.616,0,0,0,0,0,27597000,0,0.003,0.1,123667000,151264000,0.142,151264000,123667000,121883000,1.78,1.76,1.78,815249000,789889750,815249000,1285080979,10,8.496,85416000,1.741,1.0,988460000,0.927,302341000,1784000,328612000,388858000,0,179439000,25757000,153682000,502552000,306010000,196542000,1589531979,47121000,-15296000,2993000,-3301000,-5105000,-7935000,-30570000,-1481000,107276000,-21650000,88357000,88357000,88357000,0,0,0.083,874432000,114028000,19238000,0.056,1.95,17.99,17.713,62088000,0,31.53,1.491,1.451,188543000,392033000,1066066000,1066066000,0,0.072,0.112,0.318,0.116,13899000,837367000,1.0,50413320,49052000,49766000,21.733,1015460000,70807000,33526000,3813000,20.602,331148000
KFY,MRY,2016-12-31,2016-04-30,2016-04-30,2018-03-09,-57911000,1898600000,1566658000,664274000,1234326000,0.86,18.662,-26144000,273252000,273252000,114426000,31433000,1.395,0.814,140000000,30000000,110000000,140000000,0,36220000,0,0.015,0.4,49636000,85856000,0.064,85856000,49636000,49873000,0.58,0.58,0.58,1045300000,934291250,1045300000,1494838133,30,17.411,37937000,0.724,1.0,1232288000,0.915,823099000,-237000,465985000,489118750,0,192670000,11338000,181332000,851299000,476264000,375035000,1554680133,-107586000,-252109000,4038000,138749000,-21833000,118452000,-274578000,-331000,64081000,-15541000,30913000,30913000,30913000,0,520000,0.023,1179596000,52692000,26634000,0.69,1.487,50.292,46.793,95436000,0,27.14,1.154,1.055,315975000,401113000,1346714000,1346714000,0,0.02,0.033,0.101,0.037,18895000,1110363000,1.0,57283719,52372000,52929000,25.714,1075501000,47742000,18960000,13484000,19.202,188010000
KFY,MRY,2017-12-31,2017-04-30,2017-04-30,2018-03-09,-71064000,2062898000,1983721250,843674000,1219224000,0.817,19.401,-50088000,410882000,410882000,127630000,87238000,1.84,0.901,255976000,19754000,236222000,255976000,0,47260000,0,0.012,0.4,123536000,170796000,0.105,170796000,123536000,113285000,1.48,1.47,1.48,1083439000,1058260000,1083439000,1761631486,14,10.314,55976000,0.996,1.0,1494039000,0.921,794184000,10251000,655229000,730247750,0,186594000,4363000,182231000,975850000,458579000,517271000,1852021486,137630000,-2880000,-23700000,118414000,-23318000,64442000,-20605000,32279000,106064000,-12271000,84181000,84181000,84181000,0,3057000,0.052,1379599000,114440000,37481000,0.27,1.709,22.0,21.892,109567000,0,32.4,1.142,1.123,345314000,461976000,1621669000,1621669000,0,0.042,0.08,0.169,0.076,18958000,1297739000,1.0,57161157,56205000,56900000,28.853,1268714000,51748000,29104000,11540000,22.718,385095000
