ticker,dimension,calendardate,datekey,reportperiod,lastupdated,accoci,assets,assetsavg,assetsc,assetsnc,assetturnover,bvps,capex,cashneq,cashnequsd,cor,consolinc,currentratio,de,debt,debtc,debtnc,debtusd,deferredrev,depamor,deposits,divyield,dps,ebit,ebitda,ebitdamargin,ebitdausd,ebitusd,ebt,eps,epsdil,epsusd,equity,equityavg,equityusd,ev,evebit,evebitda,fcf,fcfps,fxusd,gp,grossmargin,intangibles,intexp,invcap,invcapavg,inventory,investments,investmentsc,investmentsnc,liabilities,liabilitiesc,liabilitiesnc,marketcap,ncf,ncfbus,ncfcommon,ncfdebt,ncfdiv,ncff,ncfi,ncfinv,ncfo,ncfx,netinc,netinccmn,netinccmnusd,netincdis,netincnci,netmargin,opex,opinc,payables,payoutratio,pb,pe,pe1,ppnenet,prefdivis,price,ps,ps1,receivables,retearn,revenue,revenueusd,rnd,roa,roe,roic,ros,sbcomp,sgna,sharefactor,sharesbas,shareswa,shareswadil,sps,tangibles,taxassets,taxexp,taxliabilities,tbvps,workingcapital
KMT,MRY,2011-12-31,2011-06-30,2011-06-30,2018-05-08,82529000,2754469000,2524853750,1287585000,1466884000,0.952,20.02,-73687000,204565000,204565000,1519102000,232277000,1.53,0.669,312882000,310963000,1919000,312882000,0,93471000,0,0.011,0.48,316343000,409814000,0.171,409814000,316343000,293583000,2.8,2.76,2.8,1638072000,1512709750,1638072000,3585569474,11,8.749,157110000,1.915,1.0,884391000,0.368,663607000,22760000,1357658000,1503198750,519973000,829000,0,829000,1095828000,841521000,254307000,3452918474,86436000,1723000,-39581000,-17631000,-39801000,-96025000,-71825000,0,230797000,23489000,229727000,229727000,229727000,0,2550000,0.096,562718000,321673000,222678000,0.171,2.108,15.031,15.075,697062000,0,42.21,1.437,1.441,447835000,983374000,2403493000,2403493000,0,0.091,0.152,0.21,0.132,18852000,538530000,1.0,81803328,82063000,83173000,29.288,2090862000,90133000,63856000,124502000,25.554,446064000
KMT,MRY,2012-12-31,2012-06-30,2012-06-30,2018-05-08,-150662000,3034188000,2872254500,1282962000,1751226000,0.953,20.464,-106150000,116466000,116466000,1741996000,310833000,2.217,0.831,565745000,75137000,490608000,565745000,0,104073000,0,0.016,0.54,413581000,517654000,0.189,517654000,413581000,386366000,3.83,3.77,3.83,1643850000,1635405250,1643850000,3168843850,7,6.122,183430000,2.287,1.0,994250000,0.363,962837000,27215000,1942008000,1664625250,585856000,685000,0,685000,1365967000,578622000,787345000,2653521850,-88099000,-382562000,-42241000,250739000,-43631000,131299000,-487265000,0,289580000,-21713000,307230000,307230000,307230000,0,3603000,0.112,577841000,416409000,219475000,0.141,1.614,8.637,8.655,742201000,0,33.15,0.97,0.972,478989000,1246973000,2736246000,2736246000,0,0.107,0.188,0.248,0.151,21500000,561490000,1.0,80045908,80216000,81439000,34.111,2071351000,76222000,79136000,112368000,25.786,704340000
KMT,MRY,2013-12-31,2013-06-30,2013-06-30,2018-05-08,-89004000,3301039000,3144177250,1499473000,1801566000,0.824,22.664,-79819000,377316000,377316000,1744369000,206916000,3.207,0.836,747945000,44319000,703626000,747945000,0,113104000,0,0.016,0.64,290430000,403534000,0.156,403534000,290430000,262958000,2.56,2.52,2.56,1781826000,1727669500,1781826000,3486313970,12,8.639,204331000,2.571,1.0,845004000,0.326,944520000,27472000,2259555000,2207723500,578795000,671000,0,671000,1488746000,467593000,1021153000,3057372970,260850000,-500000,-104052000,183157000,-51011000,52147000,-80698000,0,284150000,5251000,203265000,203265000,203265000,0,3651000,0.078,548610000,296394000,190623000,0.25,1.716,15.041,15.168,741482000,0,38.83,1.181,1.192,445322000,1399227000,2589373000,2589373000,0,0.065,0.118,0.132,0.112,21874000,527850000,1.0,78737393,79463000,80612000,32.586,2356519000,89297000,59693000,149936000,29.974,1031880000
KMT,MRY,2014-12-31,2014-06-30,2014-06-30,2018-05-08,-66131000,3868086000,3720460750,1525196000,2342890000,0.763,24.477,-116140000,177929000,177929000,1940187000,162198000,2.71,0.988,1061783000,80117000,981666000,1061783000,0,130222000,0,0.016,0.72,257428000,387650000,0.137,387650000,257428000,224977000,2.01,1.99,2.01,1929256000,1886311500,1929256000,4609700170,17,11.891,155733000,1.979,1.0,897003000,0.316,1318752000,32451000,2870432000,2759124000,703766000,495000,0,495000,1906478000,562756000,1343722000,3635966170,-199387000,-624390000,12511000,313119000,-56436000,270408000,-740174000,0,271873000,-1494000,158366000,158366000,158366000,0,3832000,0.056,633571000,263432000,206891000,0.358,1.885,22.959,23.025,884458000,0,46.28,1.282,1.283,531515000,1501157000,2837190000,2837190000,0,0.043,0.084,0.093,0.091,17641000,589768000,1.0,78564524,78678000,79667000,36.061,2549334000,88903000,66611000,156429000,32.344,962440000
KMT,MRY,2015-12-31,2015-06-30,2015-06-30,2018-05-08,-243523000,2849529000,3213958250,1258546000,1590983000,0.824,16.924,-84817000,105494000,105494000,1841202000,-370961000,2.607,1.095,751587000,15702000,735885000,751587000,0,131664000,0,0.021,0.72,-359084000,-227420000,-0.086,-227420000,-359084000,-390550000,-4.71,-4.71,-4.71,1345807000,1534764750,1345807000,3462489775,-9,-15.225,266620000,3.36,1.0,805993000,0.304,704058000,31466000,2308820000,2568981500,575531000,361000,0,361000,1474094000,482744000,991350000,2704906775,-72435000,0,13526000,-282471000,-56979000,-332963000,-84554000,0,351437000,-6355000,-373896000,-373896000,-373896000,0,2935000,-0.141,1163816000,-357823000,187381000,-0.153,2.01,-7.234,-7.244,815825000,0,34.12,1.022,1.023,445373000,1070282000,2647195000,2647195000,0,-0.116,-0.244,-0.14,-0.136,16827000,554895000,1.0,79276283,79342000,79342000,33.364,2145471000,96540000,-16654000,87983000,26.98,775802000
KMT,MRY,2016-12-31,2016-06-30,2016-06-30,2018-05-08,-352509000,2362783000,2511753500,1075341000,1287442000,0.835,12.069,-104719000,161579000,161579000,1482369000,-223884000,2.517,1.418,695443000,1895000,693548000,695443000,0,117466000,0,0.036,0.8,-172903000,-55437000,-0.026,-55437000,-172903000,-200655000,-2.83,-2.83,-2.83,964323000,1135702250,964323000,2329267057,-13,-42.016,114603000,1.435,1.0,616067000,0.294,505695000,27752000,1963677000,2114912750,458830000,0,0,0,1366982000,427275000,939707000,1761941057,56085000,56127000,4224000,-50795000,-63717000,-110469000,-47933000,0,219322000,-4835000,-225968000,-225968000,-225968000,0,2084000,-0.108,659547000,-43480000,182039000,-0.283,1.827,-7.797,-7.813,730640000,0,22.11,0.84,0.841,370916000,780597000,2098436000,2098436000,0,-0.09,-0.199,-0.082,-0.082,18129000,494975000,1.0,79689781,79835000,79835000,26.285,1857088000,41172000,25313000,36828000,23.243,648066000
KMT,MRY,2017-12-31,2017-06-30,2017-06-30,2018-05-08,-323692000,2415496000,2328112250,1113901000,1301595000,0.884,12.599,-112995000,190629000,190629000,1400661000,51980000,2.414,1.34,695916000,925000,694991000,695916000,0,107656000,0,0.021,0.8,107875000,215531000,0.105,215531000,107875000,79033000,0.61,0.61,0.61,1017294000,950780500,1017294000,3609743089,33,16.748,79207000,0.986,1.0,657707000,0.32,491894000,28842000,1967411000,1983160250,487681000,0,0,0,1362843000,461478000,901365000,3014338089,29050000,0,21214000,-918000,-64128000,-50149000,-112748000,0,192202000,-255000,49138000,49138000,49138000,0,2842000,0.024,544763000,112944000,215722000,1.311,2.963,61.344,61.344,744388000,0,37.42,1.464,1.461,380425000,765607000,2058368000,2058368000,0,0.021,0.052,0.054,0.052,21065000,463167000,1.0,80554198,80351000,81169000,25.617,1923602000,28349000,29895000,23721000,23.823,652423000
