ticker,dimension,calendardate,datekey,reportperiod,lastupdated,accoci,assets,assetsavg,assetsc,assetsnc,assetturnover,bvps,capex,cashneq,cashnequsd,cor,consolinc,currentratio,de,debt,debtc,debtnc,debtusd,deferredrev,depamor,deposits,divyield,dps,ebit,ebitda,ebitdamargin,ebitdausd,ebitusd,ebt,eps,epsdil,epsusd,equity,equityavg,equityusd,ev,evebit,evebitda,fcf,fcfps,fxusd,gp,grossmargin,intangibles,intexp,invcap,invcapavg,inventory,investments,investmentsc,investmentsnc,liabilities,liabilitiesc,liabilitiesnc,marketcap,ncf,ncfbus,ncfcommon,ncfdebt,ncfdiv,ncff,ncfi,ncfinv,ncfo,ncfx,netinc,netinccmn,netinccmnusd,netincdis,netincnci,netmargin,opex,opinc,payables,payoutratio,pb,pe,pe1,ppnenet,prefdivis,price,ps,ps1,receivables,retearn,revenue,revenueusd,rnd,roa,roe,roic,ros,sbcomp,sgna,sharefactor,sharesbas,shareswa,shareswadil,sps,tangibles,taxassets,taxexp,taxliabilities,tbvps,workingcapital
KNM,MRY,2011-12-31,2011-03-31,2011-03-31,2017-04-16,-2547000000,313891000000,306044500000,148934000000,164957000000,0.843,1452.967,-10546000000,59541000000,718309822,189032000000,12722000000,2.358,0.596,46299000000,10783000000,35516000000,558556733,4804000000,12388000000,0,0.0,0.0,20876000000,33264000000,0.129,401300917,251850587,19335000000,96.48,96.48,1.164,193914000000,189189500000,2339401940,2365527789,9,5.895,16059000000,120.328,82.89,68956000000,0.267,63445000000,1541000000,174049000000,176607500000,25479000000,29631000000,0,29631000000,115484000000,63155000000,52329000000,2463683723,8801000000,679000000,-101000000,-301000000,-5785000000,-6182000000,-10773000000,-915000000,26605000000,-849000000,12934000000,12934000000,156037339,0,-212000000,0.05,48165000000,20791000000,19003000000,0.0,1.053,15.789,15.86,59508000000,0,18.46,0.792,0.792,28564000000,90250000000,257988000000,3112398422,0,0.042,0.068,0.118,0.081,0,46253000000,1.0,133460664,133460664,,23.321,250446000000,26173000000,6401000000,11624000000,1876.553,85779000000
KNM,MRY,2012-12-31,2012-03-31,2012-03-31,2017-04-16,-2719000000,328006000000,320948500000,161965000000,166041000000,0.828,1582.61,-9260000000,76451000000,921500713,174415000000,23137000000,2.386,0.521,39561000000,9758000000,29803000000,476847781,5595000000,9798000000,0,0.0,0.0,41380000000,51178000000,0.193,616873075,498773064,39953000000,166.23,166.23,2.004,215458000000,204686000000,2597019014,3712588626,7,6.018,28655000000,210.48,82.964,91343000000,0.344,63158000000,1427000000,160068000000,167058500000,22121000000,29440000000,0,29440000000,112286000000,67890000000,44396000000,3884102038,16910000000,0,0,-9085000000,-5689000000,-13254000000,-7646000000,1878000000,37915000000,-105000000,23012000000,23012000000,277374716,0,125000000,0.087,50393000000,40950000000,16290000000,0.0,1.496,14.003,14.239,62251000000,0,28.53,1.213,1.213,33647000000,107565000000,265758000000,3203309133,0,0.072,0.112,0.248,0.156,0,50051000000,1.0,136140971,136140971,,23.529,264848000000,21479000000,16941000000,14473000000,1945.395,94075000000
KNM,MRY,2013-12-31,2013-03-31,2013-03-31,2017-04-16,1009000000,322948000000,325477000000,153483000000,169465000000,0.694,1626.207,-9927000000,63669000000,675895214,152813000000,13486000000,2.579,0.43,34435000000,11847000000,22588000000,365553906,5464000000,10513000000,0,0.0,0.0,22947000000,33460000000,0.148,355203534,243599985,21647000000,95.04,95.04,1.009,225425000000,220441500000,2393059080,2290942581,9,6.45,309000000,2.229,94.2,73182000000,0.324,64159000000,1300000000,170043000000,165055500000,26349000000,29312000000,0,29312000000,96949000000,59512000000,37437000000,2762699629,-12782000000,-1245000000,0,-5454000000,-6919000000,-12377000000,-11575000000,-380000000,10236000000,934000000,13174000000,13174000000,139852103,0,312000000,0.058,51307000000,21875000000,14443000000,0.0,1.154,19.754,19.754,62651000000,0,19.93,1.152,1.152,33066000000,113808000000,225995000000,2399110067,0,0.04,0.06,0.139,0.102,0,51307000000,1.0,138620152,138620152,,17.307,258789000000,22624000000,8473000000,8528000000,1866.893,93971000000
KNM,MRY,2014-12-31,2014-03-31,2014-03-31,2017-04-16,2719000000,320251000000,321599500000,139658000000,180593000000,0.677,1624.125,-26555000000,50024000000,486216547,152279000000,3919000000,3.081,0.42,44023000000,8536000000,35487000000,427888834,5693000000,10407000000,0,0.007,0.17,10352000000,20759000000,0.095,201770536,100617977,9165000000,27.66,27.66,0.269,225133000000,225279000000,2188217454,2905588405,28,14.4,-17528000000,-126.448,102.884,65316000000,0.3,59226000000,1187000000,209696000000,189869500000,30229000000,29148000000,0,29148000000,94459000000,45328000000,49131000000,3197918644,-13645000000,0,0,9361000000,-5814000000,3448000000,-26734000000,-279000000,9027000000,614000000,3834000000,3834000000,37265197,0,85000000,0.018,57620000000,7696000000,10480000000,0.632,1.461,85.815,85.811,80213000000,0,23.07,1.512,1.512,29069000000,111820000000,217595000000,2114950615,0,0.012,0.017,0.055,0.048,0,52369000000,1.0,138618060,138618060,,15.257,261025000000,20686000000,5331000000,3738000000,1883.052,94330000000
