ticker,dimension,calendardate,datekey,reportperiod,lastupdated,accoci,assets,assetsavg,assetsc,assetsnc,assetturnover,bvps,capex,cashneq,cashnequsd,cor,consolinc,currentratio,de,debt,debtc,debtnc,debtusd,deferredrev,depamor,deposits,divyield,dps,ebit,ebitda,ebitdamargin,ebitdausd,ebitusd,ebt,eps,epsdil,epsusd,equity,equityavg,equityusd,ev,evebit,evebitda,fcf,fcfps,fxusd,gp,grossmargin,intangibles,intexp,invcap,invcapavg,inventory,investments,investmentsc,investmentsnc,liabilities,liabilitiesc,liabilitiesnc,marketcap,ncf,ncfbus,ncfcommon,ncfdebt,ncfdiv,ncff,ncfi,ncfinv,ncfo,ncfx,netinc,netinccmn,netinccmnusd,netincdis,netincnci,netmargin,opex,opinc,payables,payoutratio,pb,pe,pe1,ppnenet,prefdivis,price,ps,ps1,receivables,retearn,revenue,revenueusd,rnd,roa,roe,roic,ros,sbcomp,sgna,sharefactor,sharesbas,shareswa,shareswadil,sps,tangibles,taxassets,taxexp,taxliabilities,tbvps,workingcapital
KOSS,MRY,2011-12-31,2011-06-30,2011-06-30,2018-05-11,0,27405487,27386878,15622622,11782865,1.516,2.092,-2279772,160542,160542,24661503,4373331,2.034,0.774,1400000,0,1400000,1400000,0,564614,0,0.039,0.24,6369370,6933984,0.167,6933984,6369370,6316951,0.59,0.59,0.59,15446051,13780821,15446051,49239908,7,7.101,2061079,0.279,1.0,16856632,0.406,3229370,52419,17735529,18930642,7867002,3836314,0,3836314,11959436,7680046,4279390,45772777,35046,0,0,150000,-1771848,-1676837,-2628968,0,4340851,0,4373331,4373331,4373331,0,0,0.105,10605314,6251318,3642490,0.407,2.963,10.466,10.508,3083990,0,6.2,1.102,1.102,6015212,13264721,41518135,41518135,0,0.16,0.317,0.336,0.153,668857,11431497,1.0,7382706,7382706,,5.624,24176117,2920279,1943620,599938,3.275,7942576
KOSS,MRY,2012-12-31,2012-06-30,2012-06-30,2018-05-11,0,28748909,28385398,16123283,12625626,1.334,2.316,-1498213,50027,50027,23334352,2940415,1.882,0.682,0,0,0,0,0,844223,0,0.045,0.24,4164929,5009152,0.132,5009152,4164929,4040506,0.4,0.4,0.4,17095239,16231429,17095239,40730431,9,8.131,3410531,0.462,1.0,14531415,0.384,4231609,124423,15899256,18776429,9396350,4301591,0,4301591,11653670,8568017,3085653,39349822,-110515,0,0,-1400000,-1771850,-3171850,-1847409,0,4908744,0,2940415,2940415,2940415,0,0,0.078,10644654,3886761,4604580,0.6,2.302,13.382,13.325,2735026,0,5.33,1.039,1.039,5326537,14433286,37865767,37865767,0,0.104,0.181,0.222,0.11,708958,12115472,1.0,7382706,7382706,,5.129,24517300,2320703,1100091,1146051,3.321,7555266
KOSS,MRY,2013-12-31,2013-06-30,2013-06-30,2018-05-11,0,35226657,29427682,25183012,10043645,1.215,2.897,-655480,859636,859636,22358779,5427715,2.383,0.647,0,0,0,0,0,2398542,0,0.048,0.24,7642391,10040933,0.281,10040933,7642391,7698481,0.74,0.74,0.74,21389674,18197967,21389674,36259698,4,3.611,2840737,0.385,1.0,13405800,0.375,2673291,-56090,21127042,19380626,10501172,4612842,0,4612842,13836983,10566688,3270295,36765666,809609,0,0,0,-1771849,-1771849,-914759,0,3496217,0,5427715,5427715,5427715,0,0,0.152,5763409,7642391,2685748,0.324,1.719,6.774,6.73,2337982,0,4.98,1.028,1.028,12185162,18089152,35764579,35764579,0,0.184,0.298,0.394,0.214,781711,13350456,1.0,7382664,7382664,,4.844,32553366,1590983,2270766,2732524,4.409,14616324
KOSS,MRY,2014-12-31,2014-06-30,2014-06-30,2018-05-11,0,24389958,26846638,15948729,8441229,0.888,2.064,-535868,1899411,1899411,24122701,-5553554,2.456,0.6,0,0,0,0,0,1099203,0,0.056,0.18,-10004732,-8905529,-0.374,-8905529,-10004732,-9955143,-0.75,-0.75,-0.75,15239867,17782381,15239867,20807534,-2,-2.336,3055564,0.414,1.0,-281819,-0.012,0,-49589,15997319,17042814,7054932,4977409,0,4977409,9150091,6493228,2656863,23556738,1039775,0,0,0,-1771849,-1771849,-779808,0,3591432,0,-5553554,-5553554,-5553554,0,0,-0.233,9722913,-10004732,2464755,-0.24,1.546,-4.242,-4.254,1840491,0,3.191,0.988,0.988,3160887,11206711,23840882,23840882,0,-0.207,-0.312,-0.587,-0.42,474350,10468708,1.0,7382706,7382706,,3.229,24389958,5308628,-4401589,175000,3.304,9455501
KOSS,MRY,2015-12-31,2015-06-30,2015-06-30,2018-05-11,0,22427013,22188653,11560261,10866752,1.092,2.215,-326613,1000266,1000266,15781489,482613,3.085,0.371,0,0,0,0,0,559631,0,0.0,0.0,512801,1072432,0.044,1072432,512801,499988,0.07,0.07,0.07,16353019,15782898,16353019,16009472,31,14.928,-667203,-0.09,1.0,8448567,0.349,0,12813,17679466,17854315,7182440,5359663,0,5359663,6073994,3747281,2326713,17054050,-899145,0,0,0,0,0,-558555,0,-340590,0,482613,482613,482613,0,0,0.02,7935766,512801,2172254,0.0,1.043,35.337,33.0,1592520,0,2.31,0.704,0.704,2823980,11689324,24230056,24230056,0,0.022,0.031,0.029,0.021,630539,7904739,1.0,7382706,7382706,,3.282,22427013,4120100,17375,0,3.038,7812980
KOSS,MRY,2016-12-31,2016-06-30,2016-06-30,2018-05-11,0,24120471,23215643,13726338,10394133,1.12,2.463,-449796,735393,735393,17058774,1389000,3.847,0.326,0,0,0,0,0,487134,0,0.0,0.0,2269113,2756247,0.106,2756247,2269113,2263038,0.19,0.19,0.19,18186194,17328466,18186194,14068590,6,5.104,-135171,-0.018,1.0,8942572,0.344,0,6075,19816770,18734709,8595485,5667105,0,5667105,5934277,3568308,2365969,14986893,-264873,0,0,0,0,0,-579498,0,314625,0,1389000,1389000,1389000,0,0,0.053,6673459,2269113,1966656,0.0,0.824,10.79,10.684,1514472,0,2.03,0.576,0.576,3530854,13078324,26001346,26001346,0,0.06,0.08,0.121,0.087,444175,7959460,1.0,7382706,7382706,,3.522,24120471,3796063,874038,0,3.267,10158030
KOSS,MRY,2017-12-31,2017-06-30,2017-06-30,2018-05-11,0,23423653,23270255,12948376,10475277,1.034,2.38,-403434,432283,432283,17158977,-963636,3.817,0.333,0,0,0,0,0,503585,0,0.0,0.0,-772126,-268541,-0.011,-268541,-772126,-773090,-0.13,-0.13,-0.13,17572312,18019326,17572312,12608540,-16,-46.952,-169182,-0.023,1.0,6895304,0.287,0,964,19598865,19791122,8345343,6024929,0,6024929,5851341,3392505,2458836,13362697,-303110,0,0,0,0,0,-537362,0,234252,0,-963636,-963636,-963636,0,0,-0.04,7667430,-772126,2243110,0.0,0.76,-13.867,-13.923,1408091,0,1.81,0.556,0.556,3931541,12114688,24054281,24054281,0,-0.041,-0.053,-0.039,-0.032,349754,7599882,1.0,7382706,7382706,,3.258,23423653,3075071,190546,0,3.173,9555871
