ticker,dimension,calendardate,datekey,reportperiod,lastupdated,accoci,assets,assetsavg,assetsc,assetsnc,assetturnover,bvps,capex,cashneq,cashnequsd,cor,consolinc,currentratio,de,debt,debtc,debtnc,debtusd,deferredrev,depamor,deposits,divyield,dps,ebit,ebitda,ebitdamargin,ebitdausd,ebitusd,ebt,eps,epsdil,epsusd,equity,equityavg,equityusd,ev,evebit,evebitda,fcf,fcfps,fxusd,gp,grossmargin,intangibles,intexp,invcap,invcapavg,inventory,investments,investmentsc,investmentsnc,liabilities,liabilitiesc,liabilitiesnc,marketcap,ncf,ncfbus,ncfcommon,ncfdebt,ncfdiv,ncff,ncfi,ncfinv,ncfo,ncfx,netinc,netinccmn,netinccmnusd,netincdis,netincnci,netmargin,opex,opinc,payables,payoutratio,pb,pe,pe1,ppnenet,prefdivis,price,ps,ps1,receivables,retearn,revenue,revenueusd,rnd,roa,roe,roic,ros,sbcomp,sgna,sharefactor,sharesbas,shareswa,shareswadil,sps,tangibles,taxassets,taxexp,taxliabilities,tbvps,workingcapital
KR,MRY,2011-12-31,2011-01-29,2011-01-29,2018-04-04,-550000000,23505000000,23354250000,7621000000,15884000000,3.513,4.23,-1919000000,825000000,825000000,63803000000,1133000000,0.944,3.438,7892000000,588000000,7304000000,7892000000,0,1600000000,0,0.018,0.195,2165000000,3765000000,0.046,3765000000,2165000000,1717000000,0.875,0.87,0.875,5296000000,5207750000,5296000000,20589380545,9,5.469,1447000000,1.139,1.0,18246000000,0.222,1140000000,448000000,21362000000,21121750000,4966000000,0,0,0,18207000000,8070000000,10137000000,13539380545,401000000,-7000000,-516000000,-172000000,-250000000,-1004000000,-1961000000,0,3366000000,0,1116000000,1116000000,1116000000,0,17000000,0.014,16064000000,2182000000,4227000000,0.223,2.557,12.132,12.166,14147000000,0,10.645,0.165,0.165,845000000,8225000000,82049000000,82049000000,0,0.048,0.214,0.103,0.026,79000000,13823000000,1.0,1271900474,1270000000,1276000000,64.606,22365000000,0,601000000,970000000,17.863,-449000000
KR,MRY,2012-12-31,2012-01-28,2012-01-28,2018-04-04,-844000000,23476000000,23486250000,7325000000,16151000000,3.843,3.498,-1898000000,188000000,188000000,71389000000,596000000,0.805,4.901,8165000000,1315000000,6850000000,8165000000,0,1638000000,0,0.018,0.215,1284000000,2922000000,0.032,2922000000,1284000000,849000000,0.505,0.505,0.505,3981000000,4830000000,3981000000,21440888668,16,7.338,760000000,0.644,1.0,18880000000,0.209,1138000000,435000000,21210000000,20641000000,5114000000,0,0,0,19510000000,9105000000,10405000000,13966888668,-637000000,-51000000,-1429000000,295000000,-257000000,-1387000000,-1908000000,0,2658000000,0,602000000,602000000,602000000,0,-6000000,0.007,17602000000,1278000000,4329000000,0.426,3.508,23.201,24.059,14464000000,0,12.15,0.155,0.159,949000000,8571000000,90269000000,90269000000,0,0.026,0.125,0.062,0.014,81000000,15345000000,1.0,1149538162,1180000000,1186000000,76.499,22338000000,0,247000000,837000000,19.629,-1780000000
KR,MRY,2013-12-31,2013-02-02,2013-02-02,2018-04-04,-753000000,24634000000,24157500000,7959000000,16675000000,4.0,4.084,-2062000000,238000000,238000000,76726000000,1508000000,0.72,4.854,8879000000,2734000000,6145000000,8879000000,0,1652000000,0,0.018,0.247,2753000000,4405000000,0.046,4405000000,2753000000,2291000000,1.39,1.385,1.39,4207000000,3959750000,4207000000,22883120104,8,5.195,892000000,0.837,1.0,19893000000,0.206,1364000000,462000000,20850000000,21011000000,5146000000,0,0,0,20420000000,11061000000,9359000000,14459120104,50000000,-122000000,-1151000000,693000000,-267000000,-721000000,-2183000000,0,2954000000,0,1497000000,1497000000,1497000000,0,11000000,0.015,17129000000,2764000000,4484000000,0.178,3.437,9.659,10.032,14848000000,0,13.945,0.15,0.154,1051000000,9787000000,96619000000,96619000000,0,0.062,0.378,0.131,0.028,82000000,14849000000,1.0,1036867702,1066000000,1074000000,90.637,23270000000,0,794000000,1084000000,22.592,-3102000000
KR,MRY,2014-12-31,2014-02-01,2014-02-01,2018-04-04,-464000000,29281000000,25865000000,8830000000,20451000000,3.803,5.268,-2330000000,401000000,401000000,78138000000,1531000000,0.825,4.436,11310000000,1657000000,9653000000,11310000000,0,1703000000,0,0.017,0.307,2713000000,4416000000,0.045,4416000000,2713000000,2270000000,1.47,1.45,1.47,5384000000,4949000000,5384000000,26572597841,9,6.017,1243000000,1.209,1.0,20237000000,0.206,2837000000,443000000,26648000000,22572000000,5651000000,0,0,0,23886000000,10705000000,13181000000,18646597841,163000000,-2344000000,-413000000,2093000000,-319000000,1361000000,-4771000000,0,3573000000,0,1519000000,1519000000,1519000000,0,12000000,0.015,17512000000,2725000000,4881000000,0.209,3.463,12.276,12.279,16893000000,0,18.05,0.19,0.189,1116000000,10981000000,98375000000,98375000000,0,0.059,0.307,0.12,0.028,107000000,15196000000,1.0,1033052512,1028000000,1040000000,95.696,26444000000,0,751000000,1629000000,25.875,-1875000000
KR,MRY,2015-12-31,2015-01-31,2015-01-31,2018-04-04,-812000000,30497000000,29677750000,8911000000,21586000000,3.655,5.551,-2831000000,268000000,268000000,85512000000,1747000000,0.782,4.63,11597000000,1874000000,9723000000,11597000000,0,1948000000,0,0.01,0.34,3118000000,5066000000,0.047,5066000000,3118000000,2630000000,1.74,1.72,1.74,5412000000,5119250000,5412000000,45197949543,14,8.922,1384000000,1.411,1.0,22953000000,0.212,3061000000,488000000,27373000000,26673500000,5688000000,0,0,0,25055000000,11392000000,13663000000,33925949543,-133000000,-252000000,-1173000000,226000000,-338000000,-1288000000,-3060000000,0,4215000000,0,1728000000,1728000000,1728000000,0,19000000,0.016,19816000000,3137000000,5052000000,0.195,6.269,19.633,19.842,17912000000,0,34.525,0.313,0.312,1266000000,12367000000,108465000000,108465000000,0,0.058,0.338,0.117,0.029,155000000,17161000000,1.0,982648792,981000000,993000000,110.566,27436000000,0,902000000,1496000000,28.139,-2481000000
KR,MRY,2016-12-31,2016-01-30,2016-01-30,2018-04-04,-680000000,33897000000,31763250000,9892000000,24005000000,3.458,7.06,-3349000000,277000000,277000000,85496000000,2049000000,0.763,3.973,12079000000,2370000000,9709000000,12079000000,0,2089000000,0,0.013,0.5,3566000000,5655000000,0.051,5655000000,3566000000,3084000000,2.09,2.06,2.09,6820000000,6138000000,6820000000,48813990509,13,8.632,1568000000,1.623,1.0,24334000000,0.222,3777000000,482000000,28951000000,27595500000,6168000000,0,0,0,27099000000,12971000000,14128000000,37828990509,9000000,-168000000,-583000000,-349000000,-385000000,-1338000000,-3570000000,0,4917000000,0,2039000000,2039000000,2039000000,0,10000000,0.019,20758000000,3576000000,5728000000,0.239,5.547,18.553,18.569,19619000000,0,38.81,0.344,0.341,1734000000,14011000000,109830000000,109830000000,0,0.064,0.332,0.129,0.032,165000000,17946000000,1.0,974722765,966000000,980000000,113.696,30120000000,0,1045000000,1973000000,31.18,-3079000000
KR,MRY,2017-12-31,2017-01-28,2017-01-28,2018-04-04,-715000000,36505000000,35368750000,10340000000,26165000000,3.261,7.202,-3699000000,322000000,322000000,89502000000,1957000000,0.804,4.448,14077000000,2252000000,11825000000,14077000000,0,2340000000,0,0.013,0.45,3454000000,5794000000,0.05,5794000000,3454000000,2932000000,2.08,2.05,2.08,6698000000,6573000000,6698000000,44757838490,12,7.725,573000000,0.608,1.0,25835000000,0.224,4184000000,522000000,33216000000,30795000000,6561000000,0,0,0,29795000000,12860000000,16935000000,31295838490,45000000,-401000000,-1698000000,1861000000,-429000000,-352000000,-3875000000,0,4272000000,0,1975000000,1975000000,1975000000,0,-18000000,0.017,22399000000,3436000000,5818000000,0.216,4.672,15.846,16.038,21016000000,0,33.36,0.271,0.272,1649000000,15543000000,115337000000,115337000000,0,0.056,0.3,0.112,0.03,141000000,19178000000,1.0,938124655,942000000,958000000,122.438,32321000000,0,957000000,2178000000,34.754,-2520000000
KR,MRY,2018-12-31,2018-02-03,2018-02-03,2018-04-04,-471000000,37197000000,36656000000,11117000000,26080000000,3.346,7.903,-2809000000,347000000,347000000,95662000000,1889000000,0.783,4.371,15589000000,3560000000,12029000000,15589000000,0,2436000000,0,0.017,0.49,2103000000,4539000000,0.037,4539000000,2103000000,1502000000,2.11,2.09,2.11,6931000000,6367500000,6931000000,40354155036,19,8.891,604000000,0.675,1.0,27000000000,0.22,4025000000,601000000,34217000000,33732500000,6533000000,0,0,0,30292000000,14197000000,16095000000,25859155036,25000000,-16000000,-1582000000,1431000000,-443000000,-681000000,-2707000000,0,3413000000,0,1907000000,1907000000,1907000000,0,-18000000,0.016,24915000000,2085000000,5858000000,0.232,3.731,13.56,13.905,21071000000,0,29.34,0.211,0.214,1637000000,17007000000,122662000000,122662000000,0,0.052,0.299,0.062,0.017,151000000,21568000000,1.0,881361794,895000000,904000000,137.053,33172000000,0,-405000000,1568000000,37.824,-3080000000
