ticker,dimension,calendardate,datekey,reportperiod,lastupdated,accoci,assets,assetsavg,assetsc,assetsnc,assetturnover,bvps,capex,cashneq,cashnequsd,cor,consolinc,currentratio,de,debt,debtc,debtnc,debtusd,deferredrev,depamor,deposits,divyield,dps,ebit,ebitda,ebitdamargin,ebitdausd,ebitusd,ebt,eps,epsdil,epsusd,equity,equityavg,equityusd,ev,evebit,evebitda,fcf,fcfps,fxusd,gp,grossmargin,intangibles,intexp,invcap,invcapavg,inventory,investments,investmentsc,investmentsnc,liabilities,liabilitiesc,liabilitiesnc,marketcap,ncf,ncfbus,ncfcommon,ncfdebt,ncfdiv,ncff,ncfi,ncfinv,ncfo,ncfx,netinc,netinccmn,netinccmnusd,netincdis,netincnci,netmargin,opex,opinc,payables,payoutratio,pb,pe,pe1,ppnenet,prefdivis,price,ps,ps1,receivables,retearn,revenue,revenueusd,rnd,roa,roe,roic,ros,sbcomp,sgna,sharefactor,sharesbas,shareswa,shareswadil,sps,tangibles,taxassets,taxexp,taxliabilities,tbvps,workingcapital
KRNY,MRY,2011-12-31,2011-06-30,2011-06-30,2018-05-10,15432000,2904136000,2763882750,,,0.025,5.264,-1630000,222580000,222580000,0,7851000,,4.953,247642000,,,247642000,0,2310000,2149353000,0.022,0.145,12137000,14447000,0.211,14447000,12137000,12137000,0.087,0.087,0.087,487874000,481983250,487874000,665930595,54,46.095,27159000,0.293,1.0,68379000,1.0,108591000,0,2820607000,2733779250,0,2482876000,,,2416262000,,,619256595,41158000,-24529000,-4462000,-15106000,-3233000,25627000,-13258000,12819000,28789000,0,7851000,7851000,7851000,0,0,0.115,56242000,12137000,0,1.667,1.269,78.876,75.879,39556000,0,6.601,9.056,8.942,0,317354000,68379000,68379000,0,0.003,0.016,0.004,0.177,0,44854000,1.0,93806158,92622840,92622840,0.738,2795545000,0,4286000,1669000,30.164,
KRNY,MRY,2012-12-31,2012-06-30,2012-06-30,2018-05-10,23596000,2937006000,2904973750,,,0.023,5.376,-1794000,155584000,155584000,0,5078000,,4.974,249777000,,,249777000,0,2820000,2171797000,0.016,0.109,7854000,10674000,0.16,10674000,7854000,7854000,0.058,0.058,0.058,491617000,488959750,491617000,784473129,99,73.494,35563000,0.388,1.0,66575000,1.0,108591000,0,2922608000,2866070250,0,2566719000,,,2445389000,,,648957129,-66996000,0,-8464000,100000,-3617000,13521000,-117874000,-92683000,37357000,0,5078000,5078000,5078000,0,0,0.076,58721000,7854000,0,1.879,1.32,127.798,121.064,38677000,0,7.022,9.748,9.678,0,319661000,66575000,66575000,0,0.002,0.01,0.003,0.118,0,49184000,1.0,92421139,91763100,91763100,0.726,2828415000,0,2776000,7276000,30.929,
KRNY,MRY,2013-12-31,2013-06-30,2013-06-30,2018-05-10,-4139000,3145360000,2957403750,,,0.026,5.127,-822000,127034000,127034000,0,6506000,,5.725,287695000,,,287695000,0,2748000,2370508000,0.0,0.0,8756000,11504000,0.147,11504000,8756000,8756000,0.07,0.07,0.07,467707000,484981500,467707000,671747354,76,58.393,29101000,0.319,1.0,78181000,1.0,108591000,0,3197430000,2911647000,0,2757544000,,,2677653000,,,698440354,-28550000,0,-4319000,31311000,0,225889000,-284362000,-248037000,29923000,0,6506000,6506000,6506000,0,0,0.083,60737000,17444000,0,0.0,1.493,107.353,108.592,36994000,0,7.601,8.934,8.879,0,326167000,78181000,78181000,0,0.002,0.013,0.003,0.112,0,51327000,1.0,91882525,91316000,91316000,0.856,3036769000,9782000,2250000,0,33.292,
KRNY,MRY,2014-12-31,2014-06-30,2014-06-30,2018-05-10,-2280000,3510009000,3344384000,,,0.023,5.442,-3560000,135034000,135034000,0,10188000,,6.096,512257000,,,512257000,0,2767000,2479941000,0.0,0.0,14405000,17172000,0.219,17172000,14405000,14405000,0.11,0.11,0.11,494676000,474981750,494676000,1347884210,93,78.493,22447000,0.247,1.0,78563000,1.0,108591000,0,3778641000,3552169250,0,3112267000,,,3015333000,,,1002110210,8000000,9133000,-2640000,206997000,0,227683000,-245690000,-251263000,26007000,0,10188000,10188000,10188000,0,0,0.13,64158000,14405000,0,0.0,2.026,98.362,99.736,40105000,0,10.971,12.755,12.683,0,336355000,78563000,78563000,0,0.003,0.021,0.004,0.183,0,53739000,1.0,91341617,90825000,90880000,0.865,3401418000,10314000,4217000,0,37.419,
KRNY,MRY,2015-12-31,2015-06-30,2015-06-30,2018-05-10,-7761000,4237187000,3757469750,,,0.022,13.076,-2002000,340136000,340136000,0,5629000,,2.63,571499000,,,571499000,0,3135000,2465650000,0.0,0.0,4360000,7495000,0.091,7495000,4360000,4360000,0.06,0.06,0.06,1167375000,662073750,1167375000,1586256704,363,211.642,18500000,0.202,1.0,82441000,1.0,108591000,0,4359959000,4070035500,0,3545346000,,,3069812000,,,1037632704,205102000,162000,700962000,59304000,0,709992000,-525392000,-444485000,20502000,0,5629000,5629000,5629000,0,0,0.068,78081000,4360000,0,0.0,0.889,184.337,186.0,39180000,0,11.16,12.586,12.416,0,342148000,82441000,82441000,0,0.001,0.009,0.001,0.053,0,56571000,1.0,92977840,91717000,91841000,0.899,4128596000,17827000,-1269000,0,46.244,
KRNY,MRY,2016-12-31,2016-06-30,2016-06-30,2018-05-10,-16787000,4500059000,4423263750,,,0.021,12.831,-2179000,199200000,199200000,0,15822000,,2.921,614423000,,,614423000,0,3155000,2694833000,0.006,0.08,22605000,25760000,0.271,25760000,22605000,22605000,0.18,0.18,0.18,1147629000,1160615250,1147629000,1679947397,74,65.215,36998000,0.413,1.0,95022000,1.0,108591000,0,4806691000,4802636000,0,3934509000,,,3352430000,,,1176583397,-140936000,0,0,41805000,-7164000,241519000,-421632000,-419453000,39177000,0,15822000,15822000,15822000,0,0,0.167,72417000,22605000,0,0.444,1.025,74.364,69.889,38385000,0,12.58,12.382,11.861,0,350806000,95022000,95022000,0,0.004,0.014,0.005,0.238,0,60153000,1.0,93528092,89591000,89625000,1.061,4391468000,25973000,6783000,0,49.097,
KRNY,MRY,2017-12-31,2017-06-30,2017-06-30,2018-05-10,1044000,4818127000,4680739500,,,0.023,12.833,-4035000,78237000,78237000,0,18603000,,3.558,806228000,,,806228000,0,2981000,2930127000,0.007,0.1,27423000,30404000,0.28,30404000,27423000,27423000,0.22,0.22,0.22,1057181000,1096344250,1057181000,1937698144,70,63.732,34495000,0.408,1.0,108541000,1.0,108591000,0,5437527000,5224216750,0,4367706000,,,3760946000,,,1283029144,-120963000,0,482000,192599000,-8286000,294055000,-453548000,-449513000,38530000,0,18603000,18603000,18603000,0,0,0.171,81118000,27423000,0,0.455,1.214,68.969,67.5,39585000,0,14.85,11.821,11.573,0,361039000,108541000,108541000,0,0.004,0.017,0.005,0.253,0,68794000,1.0,86399269,84590000,84661000,1.283,4709536000,15454000,8820000,0,57.167,
