ticker,dimension,calendardate,datekey,reportperiod,lastupdated,accoci,assets,assetsavg,assetsc,assetsnc,assetturnover,bvps,capex,cashneq,cashnequsd,cor,consolinc,currentratio,de,debt,debtc,debtnc,debtusd,deferredrev,depamor,deposits,divyield,dps,ebit,ebitda,ebitdamargin,ebitdausd,ebitusd,ebt,eps,epsdil,epsusd,equity,equityavg,equityusd,ev,evebit,evebitda,fcf,fcfps,fxusd,gp,grossmargin,intangibles,intexp,invcap,invcapavg,inventory,investments,investmentsc,investmentsnc,liabilities,liabilitiesc,liabilitiesnc,marketcap,ncf,ncfbus,ncfcommon,ncfdebt,ncfdiv,ncff,ncfi,ncfinv,ncfo,ncfx,netinc,netinccmn,netinccmnusd,netincdis,netincnci,netmargin,opex,opinc,payables,payoutratio,pb,pe,pe1,ppnenet,prefdivis,price,ps,ps1,receivables,retearn,revenue,revenueusd,rnd,roa,roe,roic,ros,sbcomp,sgna,sharefactor,sharesbas,shareswa,shareswadil,sps,tangibles,taxassets,taxexp,taxliabilities,tbvps,workingcapital
KT,MRY,2011-12-31,2011-12-31,2011-12-31,2018-04-30,-22865000000,32085409000000,29513506000000,9790659000000,22294750000000,0.722,48122.835,-2641699000000,1445169000000,1246892275,0,1455357000000,1.12,1.67,11431509000000,2166880000000,9264629000000,9863109619,328888000000,0,0,0.0,0.0,2406504000000,2406504000000,0.113,2076332420,2076332420,1764149000000,2971.5,2971.0,2.564,11704236000000,11418749000000,10098418562,15914595715,7,7.665,277556000000,1141.192,1159.017,21310805000000,1.0,2643485000000,642355000000,30683139000000,28337327000000,674727000000,4489604000000,1200358000000,3289246000000,19547600000000,8745125000000,10802475000000,7607791600,283610000000,572784000000,0,1156047000000,-595385000000,772423000000,-2665640000000,-119158000000,2919255000000,12795000000,1445690000000,1445690000000,1247341794,0,9667000000,0.068,20100734000000,1210071000000,6542138000000,0.0,0.753,6.099,6.1,14022695000000,0,15.64,0.414,0.207,7882329000000,10219633000000,21310805000000,18386969367,0,0.049,0.127,0.085,0.113,0,0,2.0,243215844,243215844,,75.599,29441924000000,530694000000,318459000000,311507000000,121052.656,1045534000000
KT,MRY,2012-12-31,2012-12-31,2012-12-31,2018-04-30,1325000000,34557908000000,33321658500000,10517419000000,24040489000000,0.716,47141.411,-3141469000000,2057613000000,1932903255,0,1105439000000,0.933,1.734,11619561000000,3283045000000,8336516000000,10915311713,328077000000,0,0,0.0,0.0,2105989000000,2105989000000,0.088,1978347237,1978347237,1323996000000,2148.0,2148.0,2.018,12309179000000,12006707500000,11563132697,17558596837,8,8.875,3298223000000,12631.459,1064.519,23856375000000,1.0,3213638000000,781993000000,29639452000000,30161295500000,935033000000,4495523000000,1253944000000,3241579000000,21339933000000,11266766000000,10073167000000,8742023331,595464000000,-43377000000,11369000000,-521993000000,-498057000000,-1277804000000,-3851179000000,-128774000000,6439692000000,-1038000000,1046127000000,1046127000000,982722350,0,59312000000,0.044,22963673000000,892702000000,7922662000000,0.0,0.756,8.896,8.296,15806366000000,0,16.74,0.39,0.195,6980474000000,10646383000000,23856375000000,22410465377,0,0.031,0.087,0.07,0.088,0,0,2.0,261111808,261111808,,85.827,31344270000000,611624000000,277869000000,281028000000,120041.565,-749347000000
KT,MRY,2013-12-31,2013-12-31,2013-12-31,2018-04-30,24538000000,34850117000000,34704012500000,9971919000000,24878198000000,0.658,44914.633,-2987716000000,2070869000000,1967010794,0,-87745000000,0.888,1.877,11794735000000,3104013000000,8690722000000,11203205545,291438000000,0,0,0.0,0.0,455419000000,455419000000,0.02,432578829,432578829,-178039000000,-389.5,-391.0,-0.37,11727741000000,12018460000000,11139571428,16370994395,37,37.845,1689544000000,6470.577,1052.8,22818217000000,1.0,3827393000000,633458000000,29522474000000,29580963000000,673618000000,4680639000000,1612994000000,3067645000000,22012701000000,11224116000000,10788585000000,7765465169,13256000000,15261000000,0,236420000000,-511275000000,-311794000000,-3782583000000,-253856000000,4677260000000,-3440000000,-189931000000,-189931000000,-180405582,-38062000000,102186000000,-0.008,22911435000000,-93218000000,8472707000000,0.0,0.697,-43.044,-40.193,16386964000000,0,14.87,0.358,0.179,6053040000000,10019389000000,22818217000000,21673837965,0,-0.005,-0.016,0.015,0.02,0,0,2.0,261111808,261111808,,83.006,31022724000000,742250000000,11892000000,269346000000,118810.115,-1252197000000
KT,MRY,2014-12-31,2014-12-31,2014-12-31,2018-04-30,25790000000,33799275000000,34324696000000,8773835000000,25025440000000,0.651,39593.142,-2775225000000,1888663000000,1725930771,0,-941413000000,0.879,2.129,13084634000000,2999516000000,10085118000000,11957227123,290969000000,0,0,0.0,0.0,-509481000000,-509481000000,-0.023,-465582761,-465582761,-1301681000000,-2107.5,-2107.5,-1.926,10338237000000,11032989000000,9447466995,16712250108,-35,-35.895,-395914000000,-1516.262,1094.287,22359280000000,1.0,3544033000000,792200000000,31464066000000,30493270000000,418883000000,4315573000000,1302058000000,3013515000000,22011718000000,9987147000000,12024571000000,7373797457,-182206000000,15974000000,34053000000,1227684000000,-222773000000,1071691000000,-3170958000000,189338000000,2379311000000,648000000,-1030240000000,-1030240000000,-941471780,-86400000000,88827000000,-0.046,23391553000000,-1032273000000,7317303000000,0.0,0.781,-7.832,-7.332,16468196000000,0,14.12,0.361,0.18,5659913000000,8568399000000,22359280000000,20432744948,0,-0.03,-0.093,-0.017,-0.023,0,0,2.0,261111808,261111808,,78.253,30255242000000,1082358000000,-271441000000,189763000000,115870.83,-1213312000000
KT,MRY,2015-12-31,2015-12-31,2015-12-31,2018-04-30,13870000000,29404725000000,31602000000000,8643735000000,20760990000000,0.703,41498.449,-3087425000000,2559464000000,2178171489,0,624685000000,0.994,1.592,8782225000000,1769743000000,7012482000000,7473905515,194343000000,0,0,0.0,0.0,1418823000000,1418823000000,0.064,1207455860,1207455860,773492000000,1115.5,1115.5,0.949,10835735000000,10586986000000,9221496782,16702916553,13,13.833,1491835000000,5713.395,1175.052,22211673000000,1.0,2599751000000,645331000000,24328347000000,27896206500000,616911000000,1221295000000,292943000000,928352000000,17248594000000,8699388000000,8549206000000,6219683266,670801000000,756791000000,0,-1119050000000,-41575000000,-1163996000000,-2401868000000,161389000000,4579260000000,6700000000,546361000000,546361000000,464967646,0,78324000000,0.025,21622788000000,588885000000,7004000000000,0.0,0.674,13.377,12.546,14478914000000,0,11.91,0.329,0.165,5557779000000,9049971000000,22211673000000,18902720590,0,0.017,0.052,0.051,0.064,0,0,2.0,261111808,261111808,,72.393,26804974000000,849278000000,227131000000,210764000000,102657.073,-55653000000
KT,MRY,2016-12-31,2016-12-31,2016-12-31,2018-04-30,-1432000000,30664298000000,30034511500000,9716020000000,20948278000000,0.758,46681.165,-2670945000000,2900311000000,2404014273,0,795117000000,1.02,1.564,8229455000000,1820234000000,6409221000000,6821243405,120989000000,0,0,0.0,0.0,1551763000000,1551763000000,0.068,1286227718,1286227718,1036676000000,1446.5,1445.5,1.199,11429874000000,11132804500000,9474011662,12483192307,9,9.705,2531575000000,10339.298,1206.445,22755006000000,1.0,3022803000000,515087000000,23447502000000,23887924500000,454588000000,1669356000000,720555000000,948801000000,17881580000000,9523137000000,8358443000000,6899867364,340847000000,-54055000000,0,-721633000000,-184099000000,-943271000000,-3484958000000,-311262000000,5202520000000,-1674000000,708362000000,708362000000,587148191,0,86755000000,0.031,21781098000000,973908000000,8328082000000,0.0,0.728,11.751,11.752,14312111000000,0,14.09,0.366,0.183,6036363000000,9644483000000,22755006000000,18861204613,0,0.024,0.064,0.065,0.068,0,0,2.0,244849800,244849800,,77.032,27641495000000,703488000000,328314000000,226419000000,112891.638,192883000000
KT,MRY,2017-12-31,2017-12-31,2017-12-31,2018-04-30,30985000000,29745439000000,30204868500000,9678243000000,20067196000000,0.77,47586.594,-2373994000000,1928182000000,1808970822,0,546341000000,1.023,1.432,6870152000000,1610697000000,5259455000000,6445400131,109604000000,0,0,0.0,0.0,1376746000000,1376746000000,0.059,1291627732,1291627732,732215000000,942.0,941.5,0.884,11657366000000,11543620000000,10936641336,12372265607,9,9.579,1944890000000,7939.245,1065.9,23259541000000,1.0,2632704000000,644531000000,22596601000000,23022051500000,642027000000,2007054000000,972631000000,1034423000000,16696309000000,9458104000000,7238205000000,7648014694,-972129000000,15064000000,0,-1235652000000,-243140000000,-1363499000000,-3483245000000,-522596000000,4318884000000,-3134000000,461559000000,461559000000,433022797,0,84782000000,0.02,22477837000000,781704000000,8425503000000,0.0,0.699,17.662,17.663,13562319000000,0,15.61,0.35,0.175,6643115000000,9826926000000,23259541000000,21821503893,0,0.015,0.04,0.06,0.059,0,0,2.0,244971643,244971643,,89.078,27112735000000,721252000000,270656000000,197342000000,110677.035,220139000000
