ticker,dimension,calendardate,datekey,reportperiod,lastupdated,accoci,assets,assetsavg,assetsc,assetsnc,assetturnover,bvps,capex,cashneq,cashnequsd,cor,consolinc,currentratio,de,debt,debtc,debtnc,debtusd,deferredrev,depamor,deposits,divyield,dps,ebit,ebitda,ebitdamargin,ebitdausd,ebitusd,ebt,eps,epsdil,epsusd,equity,equityavg,equityusd,ev,evebit,evebitda,fcf,fcfps,fxusd,gp,grossmargin,intangibles,intexp,invcap,invcapavg,inventory,investments,investmentsc,investmentsnc,liabilities,liabilitiesc,liabilitiesnc,marketcap,ncf,ncfbus,ncfcommon,ncfdebt,ncfdiv,ncff,ncfi,ncfinv,ncfo,ncfx,netinc,netinccmn,netinccmnusd,netincdis,netincnci,netmargin,opex,opinc,payables,payoutratio,pb,pe,pe1,ppnenet,prefdivis,price,ps,ps1,receivables,retearn,revenue,revenueusd,rnd,roa,roe,roic,ros,sbcomp,sgna,sharefactor,sharesbas,shareswa,shareswadil,sps,tangibles,taxassets,taxexp,taxliabilities,tbvps,workingcapital
KTEC,MRY,2011-12-31,2011-09-30,2011-09-30,2018-02-13,5000,94405000,93177500,69349000,25056000,1.248,11.066,-5546000,28754000,28754000,78531000,1454000,2.581,0.606,5542000,345000,5197000,5542000,0,2944000,10812000,0.0,0.0,2210000,5154000,0.044,5154000,2210000,1949000,0.27,0.27,0.27,58774000,58365500,58774000,34080974,15,6.613,204000,0.038,1.0,37797000,0.325,2575000,261000,41753000,40024000,24269000,1178000,0,1178000,35631000,26865000,8766000,60283974,-342000,0,147000,-333000,0,-526000,-5546000,0,5750000,-20000,1454000,1454000,1454000,0,0,0.012,35306000,2491000,5318000,0.0,1.026,41.461,41.852,19433000,0,11.3,0.518,0.516,8776000,37631000,116328000,116328000,6939000,0.016,0.025,0.055,0.019,1331000,28356000,1.0,5334865,5311000,5329000,21.903,91830000,5712000,495000,3071000,17.291,42484000
KTEC,MRY,2012-12-31,2012-09-30,2012-09-30,2018-02-13,-58000,86355000,89610750,64193000,22162000,1.285,11.026,-2592000,23755000,23755000,79339000,449000,3.201,0.453,5197000,364000,4833000,5197000,0,3654000,5213000,0.0,0.0,858000,4512000,0.039,4512000,858000,594000,0.08,0.08,0.08,59430000,58731500,59430000,34703252,40,7.691,-3854000,-0.715,1.0,35835000,0.311,2560000,264000,45180000,45753500,23166000,1153000,0,1153000,26925000,20057000,6868000,51802252,-4999000,0,-616000,-345000,0,-1111000,-2592000,0,-1262000,-34000,449000,449000,449000,0,0,0.004,34882000,953000,4550000,0.0,0.872,115.373,121.006,18370000,0,9.681,0.45,0.453,11426000,37682000,115174000,115174000,8343000,0.005,0.008,0.019,0.007,1127000,26509000,1.0,5351196,5390000,5399000,21.368,83795000,3181000,145000,1436000,15.546,44136000
KTEC,MRY,2013-12-31,2013-09-30,2013-09-30,2018-02-13,697000,114624000,110611750,72573000,42051000,1.237,12.53,-2391000,17601000,17601000,90739000,4011000,2.4,0.568,6483000,871000,5612000,6483000,0,4868000,6048000,0.0,0.0,5690000,10558000,0.077,10558000,5690000,5413000,0.69,0.69,0.69,73125000,67830750,73125000,71937481,12,6.814,6378000,1.093,1.0,46044000,0.337,22803000,277000,50468000,45989250,27921000,1148000,0,1148000,41499000,30235000,11264000,85129481,-6154000,-11607000,65000,-697000,0,-1020000,-13998000,0,8769000,95000,4011000,4011000,4011000,0,0,0.029,40171000,5873000,6669000,0.0,1.164,21.224,20.0,17259000,0,13.8,0.622,0.589,17725000,41677000,136783000,136783000,9647000,0.036,0.059,0.124,0.042,1236000,29570000,1.0,6168803,5836000,5855000,23.438,91821000,5880000,1402000,5656000,15.734,42338000
KTEC,MRY,2014-12-31,2014-09-30,2014-09-30,2018-02-13,-175000,98345000,104913750,59993000,38352000,1.127,10.829,-3082000,9741000,9741000,83961000,-5413000,2.753,0.443,5537000,804000,4733000,5537000,0,5346000,3702000,0.0,0.0,-7971000,-2625000,-0.022,-2625000,-7971000,-8247000,-0.86,-0.86,-0.86,68168000,69681500,68168000,76507218,-9,-29.146,-6798000,-1.08,1.0,34297000,0.29,19878000,276000,52473000,52009000,26673000,1127000,0,1127000,30177000,21790000,8387000,83430218,-7860000,0,124000,-871000,0,-935000,-3082000,0,-3716000,-127000,-5413000,-5413000,-5413000,0,0,-0.046,42302000,-8005000,6073000,0.0,1.224,-15.413,-15.395,16652000,0,13.24,0.705,0.705,12557000,36264000,118258000,118258000,11564000,-0.052,-0.078,-0.153,-0.067,1404000,29007000,1.0,6301376,6295000,6295000,18.786,78467000,7312000,-2834000,3283000,12.465,38203000
KTEC,MRY,2015-12-31,2015-09-30,2015-09-30,2018-02-13,-1849000,97546000,96005750,61939000,35607000,1.072,9.966,-2055000,7726000,7726000,74111000,-5019000,2.285,0.555,5854000,705000,5149000,5854000,0,5266000,4712000,0.0,0.0,-7706000,-2440000,-0.024,-2440000,-7706000,-7979000,-0.8,-0.8,-0.8,62737000,63759750,62737000,70892526,-9,-29.054,-2103000,-0.334,1.0,28814000,0.28,16444000,273000,52122000,51635000,31297000,1127000,0,1127000,34809000,27108000,7701000,75036526,-2015000,0,151000,433000,0,261000,-2055000,0,-48000,-173000,-5019000,-5019000,-5019000,0,0,-0.049,36172000,-7358000,10800000,0.0,1.196,-14.95,-14.7,14799000,0,11.76,0.729,0.719,14836000,31245000,102925000,102925000,9560000,-0.052,-0.079,-0.149,-0.075,1469000,25141000,1.0,6380657,6295000,6295000,16.35,81102000,6954000,-2960000,2146000,12.884,34831000
KTEC,MRY,2016-12-31,2016-09-30,2016-09-30,2018-02-13,-1791000,95984000,96487250,62421000,33563000,1.244,9.949,-2251000,10491000,10491000,83994000,-697000,2.372,0.524,5152000,587000,4565000,5152000,0,4828000,9139000,0.0,0.0,-772000,4056000,0.034,4056000,-772000,-1154000,-0.11,-0.11,-0.11,62994000,61654000,62994000,71970613,-93,17.744,3562000,0.563,1.0,36046000,0.3,15426000,382000,48903000,52074500,30687000,1127000,0,1127000,32990000,26316000,6674000,70430613,2765000,0,49000,-699000,0,-888000,-2251000,0,5813000,91000,-697000,-697000,-697000,0,0,-0.006,36196000,-150000,7381000,0.0,1.118,-101.048,-100.0,13789000,0,11.0,0.587,0.58,14024000,30548000,120040000,120040000,10615000,-0.007,-0.011,-0.015,-0.006,1128000,24459000,1.0,6402783,6332000,6332000,18.958,80558000,6994000,-457000,1761000,12.722,36105000
KTEC,MRY,2017-12-31,2017-09-30,2017-09-30,2018-02-13,0,107838000,104197250,77311000,30527000,1.343,10.649,-2138000,9337000,9337000,92729000,4032000,2.064,0.571,4566000,4566000,0,4566000,0,4065000,8085000,0.0,0.0,6493000,10558000,0.075,10558000,6493000,6169000,0.63,0.63,0.63,68652000,64983500,68652000,116939069,18,11.076,-701000,-0.109,1.0,47185000,0.337,15190000,324000,50427000,51157750,38588000,1127000,0,1127000,39186000,37450000,1736000,122538069,-1154000,0,43000,-582000,0,-753000,-2138000,0,1437000,300000,4032000,4032000,4032000,0,0,0.029,40132000,7053000,10490000,0.0,1.785,30.391,29.984,12911000,0,18.89,0.876,0.87,20177000,33693000,139914000,139914000,11497000,0.039,0.062,0.127,0.046,977000,27768000,1.0,6486928,6447000,6447000,21.702,92648000,6069000,2137000,2871000,14.371,39861000
