ticker,dimension,calendardate,datekey,reportperiod,lastupdated,accoci,assets,assetsavg,assetsc,assetsnc,assetturnover,bvps,capex,cashneq,cashnequsd,cor,consolinc,currentratio,de,debt,debtc,debtnc,debtusd,deferredrev,depamor,deposits,divyield,dps,ebit,ebitda,ebitdamargin,ebitdausd,ebitusd,ebt,eps,epsdil,epsusd,equity,equityavg,equityusd,ev,evebit,evebitda,fcf,fcfps,fxusd,gp,grossmargin,intangibles,intexp,invcap,invcapavg,inventory,investments,investmentsc,investmentsnc,liabilities,liabilitiesc,liabilitiesnc,marketcap,ncf,ncfbus,ncfcommon,ncfdebt,ncfdiv,ncff,ncfi,ncfinv,ncfo,ncfx,netinc,netinccmn,netinccmnusd,netincdis,netincnci,netmargin,opex,opinc,payables,payoutratio,pb,pe,pe1,ppnenet,prefdivis,price,ps,ps1,receivables,retearn,revenue,revenueusd,rnd,roa,roe,roic,ros,sbcomp,sgna,sharefactor,sharesbas,shareswa,shareswadil,sps,tangibles,taxassets,taxexp,taxliabilities,tbvps,workingcapital
KTOS,MRY,2011-12-31,2011-12-25,2011-12-25,2018-05-10,-200000,1216000000,1088300000,421000000,795000000,0.656,11.409,-7500000,70700000,70700000,522700000,-24200000,1.969,2.89,655900000,1600000,654300000,655900000,36200000,48000000,0,0.0,0.0,28800000,76800000,0.108,76800000,28800000,-22300000,-0.88,-0.88,-0.88,312600000,275500000,312600000,757422196,26,9.862,-5000000,-0.182,1.0,191200000,0.268,696200000,51100000,891200000,794275000,76600000,0,0,0,903400000,213800000,689600000,212922196,58800000,-391100000,52200000,400900000,0,452400000,-395600000,0,2500000,-500000,-24200000,-24200000,-24200000,700000,0,-0.034,161700000,29500000,48800000,0.0,0.681,-8.798,-7.034,72500000,0,6.19,0.298,0.238,245300000,-407800000,713900000,713900000,8600000,-0.022,-0.088,0.036,0.04,3300000,140600000,1.0,34397770,27400000,27400000,26.055,519800000,2900000,1900000,11000000,18.971,207200000
KTOS,MRY,2012-12-31,2012-12-30,2012-12-30,2018-05-10,-800000,1283900000,1298300000,455400000,828500000,0.747,5.767,-16600000,54500000,54500000,712000000,-114400000,1.633,2.961,650300000,1500000,648800000,650300000,43700000,58000000,0,0.0,0.0,-49900000,8100000,0.008,8100000,-49900000,-116000000,-2.44,-2.44,-2.44,324100000,359725000,324100000,878199200,-17,108.42,37000000,0.789,1.0,257200000,0.265,702500000,66100000,898400000,893850000,94300000,0,0,0,959800000,278800000,681000000,271699200,-20600000,-149100000,97000000,-2200000,0,90900000,-165100000,0,53600000,0,-114400000,-114400000,-114400000,1500000,0,-0.118,306900000,-49700000,83600000,0.0,0.838,-2.375,-1.967,85600000,0,4.8,0.28,0.232,271900000,-522200000,969200000,969200000,17800000,-0.088,-0.318,-0.056,-0.051,6600000,193100000,1.0,56604000,46900000,46900000,20.665,581400000,3700000,-1600000,28900000,10.345,176600000
KTOS,MRY,2013-12-31,2013-12-29,2013-12-29,2018-05-10,-800000,1216600000,1233550000,430300000,786300000,0.684,5.18,-13300000,60700000,60700000,639600000,-37200000,1.714,3.113,644700000,1300000,643400000,644700000,52500000,46400000,0,0.0,0.0,10100000,56500000,0.067,56500000,10100000,-36100000,-0.65,-0.65,-0.65,295800000,305300000,295800000,998557553,98,17.674,7200000,0.127,1.0,204500000,0.242,666300000,46200000,883300000,887250000,74600000,0,0,0,920800000,251000000,669800000,408757553,5800000,2200000,1500000,-1000000,0,-2000000,-12700000,0,20500000,0,-37200000,-37200000,-37200000,7700000,0,-0.044,186300000,18200000,61900000,0.0,1.382,-10.988,-11.023,84800000,0,7.165,0.484,0.482,265800000,-559400000,844100000,844100000,19700000,-0.03,-0.122,0.011,0.012,7200000,172800000,1.0,57049205,56800000,56800000,14.861,550300000,2100000,1100000,29100000,9.637,179300000
KTOS,MRY,2014-12-31,2014-12-28,2014-12-28,2018-05-10,-1700000,1131200000,1161400000,373200000,758000000,0.657,3.894,-11600000,38900000,38900000,583600000,-78000000,1.651,4.043,656500000,1100000,655400000,656500000,49600000,32400000,0,0.0,0.0,-34900000,-2500000,-0.003,-2500000,-34900000,-74100000,-1.35,-1.35,-1.35,224300000,244125000,224300000,936261104,-26,-374.504,-5000000,-0.087,1.0,179400000,0.235,532900000,39200000,989800000,916975000,47400000,0,0,0,906900000,226100000,680800000,294761104,-20700000,-2600000,3300000,-13000000,0,-9700000,-17200000,0,6600000,-400000,-78000000,-78000000,-78000000,2300000,0,-0.102,174100000,5300000,44600000,0.0,1.314,-3.779,-3.778,61600000,0,5.1,0.386,0.385,217500000,-637400000,763000000,763000000,18600000,-0.067,-0.32,-0.038,-0.046,3600000,153600000,1.0,57796295,57600000,57600000,13.247,598300000,1700000,3900000,31200000,10.387,147100000
KTOS,MRY,2015-12-31,2015-12-27,2015-12-27,2018-05-10,-1400000,903300000,1012500000,320400000,582900000,0.649,4.308,-11300000,29200000,29200000,495300000,19800000,1.858,2.554,445100000,1000000,444100000,445100000,42300000,25500000,0,0.0,0.0,44400000,69900000,0.106,69900000,44400000,8400000,0.34,0.34,0.34,254200000,230500000,254200000,657807398,14,9.411,-38200000,-0.651,1.0,161800000,0.246,519900000,36000000,626900000,783500000,55600000,0,0,0,649100000,172400000,476700000,245807398,-5000000,0,3400000,-217000000,0,-214700000,236800000,0,-26900000,-200000,19800000,19800000,19800000,-53000000,0,0.03,166300000,-4500000,48300000,0.0,0.967,12.415,12.235,56200000,0,4.16,0.374,0.372,206800000,-617600000,657100000,657100000,16200000,0.02,0.086,0.057,0.068,6100000,150700000,1.0,59088317,58700000,58700000,11.194,383400000,4600000,-11400000,10500000,6.498,148000000
KTOS,MRY,2016-12-31,2016-12-25,2016-12-25,2018-05-10,-1700000,948600000,895775000,373100000,575500000,0.747,4.239,-9200000,69600000,69600000,515100000,-60500000,1.899,2.432,432000000,1000000,431000000,432000000,41800000,22800000,0,0.0,0.0,-17700000,5100000,0.008,5100000,-17700000,-52400000,-0.99,-0.99,-0.99,276400000,235200000,276400000,878280544,-49,172.212,-21500000,-0.351,1.0,153600000,0.23,518000000,34700000,596500000,609775000,55400000,0,0,0,672200000,196500000,475700000,454480544,40600000,-5100000,78200000,-15100000,0,63100000,-9900000,0,-12300000,-300000,-60500000,-60500000,-60500000,100000,0,-0.09,172200000,-18600000,52700000,0.0,1.644,-7.512,-7.586,49800000,0,7.51,0.68,0.688,229400000,-678100000,668700000,668700000,13900000,-0.068,-0.257,-0.029,-0.026,5100000,146300000,1.0,60516717,61300000,61300000,10.909,430600000,4600000,8100000,17300000,6.604,176600000
KTOS,MRY,2017-12-31,2017-12-31,2017-12-31,2018-05-10,-1400000,1024000000,1019575000,471400000,552600000,0.737,4.966,-26500000,130900000,130900000,554600000,-42700000,2.496,1.002,293500000,0,293500000,293500000,42800000,22500000,0,0.0,0.0,-22300000,200000,0.0,200000,-22300000,-50900000,-0.48,-0.48,-0.48,511500000,435450000,511500000,1224220789,-54,6121.104,-53500000,-0.598,1.0,197300000,0.262,447700000,28600000,550000000,554075000,49000000,0,0,0,512500000,188900000,323600000,1093920789,60500000,0,270600000,-156400000,0,113400000,-26400000,0,-27000000,500000,-42700000,-42700000,-42700000,100000,0,-0.057,203100000,-5800000,34700000,0.0,2.139,-25.619,-22.063,58000000,0,10.59,1.455,1.261,212300000,-720800000,751900000,751900000,17800000,-0.042,-0.098,-0.04,-0.03,7800000,160600000,1.0,103297525,89500000,89500000,8.401,576300000,0,-8200000,0,5.595,282500000
