ticker,dimension,calendardate,datekey,reportperiod,lastupdated,accoci,assets,assetsavg,assetsc,assetsnc,assetturnover,bvps,capex,cashneq,cashnequsd,cor,consolinc,currentratio,de,debt,debtc,debtnc,debtusd,deferredrev,depamor,deposits,divyield,dps,ebit,ebitda,ebitdamargin,ebitdausd,ebitusd,ebt,eps,epsdil,epsusd,equity,equityavg,equityusd,ev,evebit,evebitda,fcf,fcfps,fxusd,gp,grossmargin,intangibles,intexp,invcap,invcapavg,inventory,investments,investmentsc,investmentsnc,liabilities,liabilitiesc,liabilitiesnc,marketcap,ncf,ncfbus,ncfcommon,ncfdebt,ncfdiv,ncff,ncfi,ncfinv,ncfo,ncfx,netinc,netinccmn,netinccmnusd,netincdis,netincnci,netmargin,opex,opinc,payables,payoutratio,pb,pe,pe1,ppnenet,prefdivis,price,ps,ps1,receivables,retearn,revenue,revenueusd,rnd,roa,roe,roic,ros,sbcomp,sgna,sharefactor,sharesbas,shareswa,shareswadil,sps,tangibles,taxassets,taxexp,taxliabilities,tbvps,workingcapital
LABL,MRY,2011-12-31,2011-03-31,2011-03-31,2018-02-09,15544000,411829000,369421250,102628000,309201000,0.916,14.447,-12292000,15152000,15152000,270306000,18411000,1.42,1.147,127331000,12304000,115027000,127331000,0,16494000,0,0.01,0.2,32470000,48964000,0.145,48964000,32470000,25449000,1.42,1.4,1.42,191826000,172567750,191826000,387528808,11,7.915,24791000,1.906,1.0,67978000,0.201,196573000,7021000,255164000,241615250,26275000,0,0,0,220003000,72271000,147732000,268564808,7003000,-43180000,342000,26513000,-2612000,23875000,-55497000,0,37083000,1542000,18411000,18411000,18411000,0,0,0.054,35718000,32260000,31717000,0.141,1.4,14.587,14.232,108173000,0,20.21,0.794,0.777,54765000,103278000,338284000,338284000,0,0.05,0.107,0.134,0.096,2713000,33176000,1.0,13288709,13005000,13139000,26.012,215256000,6004000,7038000,0,16.211,30357000
LABL,MRY,2012-12-31,2012-03-31,2012-03-31,2018-02-09,9811000,809654000,621933000,167102000,642552000,0.82,15.74,-18987000,10014000,10014000,411963000,19668000,1.264,2.2,402055000,24471000,377584000,402055000,0,27174000,0,0.009,0.2,46166000,73340000,0.144,73340000,46166000,31156000,1.34,1.32,1.34,253020000,222962000,253020000,764969524,16,10.43,37490000,2.557,1.0,98284000,0.193,459017000,15010000,610445000,457416000,44176000,0,0,0,556634000,132233000,424401000,364002524,-5138000,-275872000,1249000,247321000,-2941000,233781000,-294891000,0,56477000,-505000,19700000,19700000,19700000,0,-32000,0.039,52733000,45551000,55947000,0.149,1.439,18.477,16.799,173137000,0,22.51,0.713,0.647,100630000,120037000,510247000,510247000,0,0.032,0.088,0.101,0.09,724000,51551000,1.0,16170703,14662000,14903000,34.801,350637000,8436000,11456000,0,21.813,34869000
LABL,MRY,2013-12-31,2013-03-31,2013-03-31,2018-02-09,2484000,839550000,841883000,190544000,649006000,0.784,17.063,-27295000,15737000,15737000,533464000,30300000,1.556,2.053,402856000,23946000,378910000,402856000,0,36344000,0,0.008,0.2,70924000,107268000,0.163,107268000,70924000,48687000,1.88,1.86,1.88,275024000,265080250,275024000,816444342,11,7.611,42418000,2.627,1.0,126351000,0.191,464456000,22237000,639776000,655209000,48734000,0,0,0,564526000,122437000,442089000,417089342,5723000,-15354000,994000,283000,-3237000,-21189000,-42649000,0,69713000,-152000,30300000,30300000,30300000,0,0,0.046,55646000,70705000,61759000,0.106,1.517,13.765,13.718,178552000,0,25.79,0.632,0.631,107253000,147100000,659815000,659815000,0,0.036,0.114,0.108,0.107,1055000,54115000,1.0,16172522,16145000,16332000,40.868,375094000,10463000,18387000,43115000,23.272,68107000
LABL,MRY,2014-12-31,2014-03-31,2014-03-31,2018-02-09,-3166000,964466000,894222250,213424000,751042000,0.79,18.143,-25444000,10020000,10020000,574375000,28224000,1.364,2.239,478202000,42648000,435554000,478202000,0,37818000,0,0.006,0.2,66033000,103851000,0.147,103851000,66033000,44257000,1.73,1.7,1.73,297747000,287428500,297747000,967249065,14,9.314,55173000,3.376,1.0,132057000,0.187,547633000,21776000,728584000,672648500,56296000,0,0,0,666719000,156431000,510288000,573939065,-5717000,-133499000,1377000,71860000,-3276000,67480000,-153375000,0,80617000,-439000,28224000,28224000,28224000,0,0,0.04,71934000,60123000,69405000,0.116,1.928,20.335,20.231,194589000,0,35.0,0.812,0.81,125643000,172052000,706432000,706432000,0,0.032,0.098,0.098,0.093,849000,57293000,1.0,16398259,16342000,16599000,43.228,416833000,12285000,16033000,56561000,25.4,56993000
LABL,MRY,2015-12-31,2015-03-31,2015-03-31,2018-02-09,-58972000,927371000,940933750,207972000,719399000,0.862,17.252,-28682000,18049000,18049000,637498000,45716000,1.925,2.204,458530000,2947000,455583000,458530000,0,41369000,0,0.003,0.2,97258000,138627000,0.171,138627000,97258000,70872000,2.75,2.71,2.75,289473000,301989500,289473000,1589776009,16,11.468,78293000,4.71,1.0,173274000,0.214,513244000,26386000,746587000,732371750,56067000,0,0,0,637898000,108021000,529877000,1151621009,8029000,-31240000,2019000,-27816000,-3302000,-37371000,-59922000,0,106975000,-1653000,45716000,45716000,45716000,0,0,0.056,76362000,96912000,62821000,0.073,3.978,25.191,25.211,190078000,0,69.33,1.42,1.421,116488000,214463000,810772000,810772000,0,0.049,0.151,0.133,0.12,-674000,68012000,1.0,16610717,16623000,16877000,48.774,414127000,9969000,25156000,59677000,24.681,99951000
LABL,MRY,2016-12-31,2016-03-31,2016-03-31,2018-02-09,-61123000,1070066000,1040376250,248525000,821541000,0.837,20.159,-31787000,27709000,27709000,689199000,47829000,1.808,2.146,506279000,1573000,504706000,506279000,0,44473000,0,0.004,0.2,92471000,136944000,0.157,136944000,92471000,66720000,2.85,2.82,2.85,338992000,319332250,338992000,1383688783,14,10.104,67614000,4.037,1.0,181626000,0.209,591155000,25751000,820056000,833014750,61191000,0,0,0,727434000,137425000,590009000,896396783,9660000,-103245000,2706000,44979000,-3351000,45200000,-135032000,0,99401000,91000,47739000,47739000,47739000,0,90000,0.055,87198000,94428000,82958000,0.07,2.644,18.777,18.719,221295000,0,53.35,1.029,1.026,143727000,258848000,870825000,870825000,0,0.046,0.149,0.111,0.106,975000,81998000,1.0,16802189,16750000,16952000,51.99,478911000,3318000,18981000,65798000,28.479,111100000
LABL,MRY,2017-12-31,2017-03-31,2017-03-31,2018-02-09,-85795000,1091990000,1062355750,253746000,838244000,0.869,22.387,-44796000,25229000,25229000,726486000,61365000,1.758,1.874,481501000,2093000,479408000,481501000,0,47905000,0,0.003,0.2,113332000,161237000,0.175,161237000,113332000,87844000,3.61,3.58,3.61,378951000,358722750,378951000,1662177962,14,10.309,62414000,3.698,1.0,196809000,0.213,581770000,25488000,822166000,824277750,63995000,0,0,0,710170000,144326000,565844000,1203195962,-2480000,-28839000,2742000,-31467000,-3876000,-33641000,-73635000,0,107210000,-2414000,60996000,60996000,60996000,0,369000,0.066,85843000,110966000,88475000,0.055,3.175,19.726,19.668,247261000,0,71.0,1.303,1.298,149082000,316461000,923295000,923295000,0,0.057,0.17,0.137,0.123,1784000,84922000,1.0,16946422,16879000,17024000,54.701,510220000,2848000,26848000,65761000,30.142,109420000
