ticker,dimension,calendardate,datekey,reportperiod,lastupdated,accoci,assets,assetsavg,assetsc,assetsnc,assetturnover,bvps,capex,cashneq,cashnequsd,cor,consolinc,currentratio,de,debt,debtc,debtnc,debtusd,deferredrev,depamor,deposits,divyield,dps,ebit,ebitda,ebitdamargin,ebitdausd,ebitusd,ebt,eps,epsdil,epsusd,equity,equityavg,equityusd,ev,evebit,evebitda,fcf,fcfps,fxusd,gp,grossmargin,intangibles,intexp,invcap,invcapavg,inventory,investments,investmentsc,investmentsnc,liabilities,liabilitiesc,liabilitiesnc,marketcap,ncf,ncfbus,ncfcommon,ncfdebt,ncfdiv,ncff,ncfi,ncfinv,ncfo,ncfx,netinc,netinccmn,netinccmnusd,netincdis,netincnci,netmargin,opex,opinc,payables,payoutratio,pb,pe,pe1,ppnenet,prefdivis,price,ps,ps1,receivables,retearn,revenue,revenueusd,rnd,roa,roe,roic,ros,sbcomp,sgna,sharefactor,sharesbas,shareswa,shareswadil,sps,tangibles,taxassets,taxexp,taxliabilities,tbvps,workingcapital
LAZ,MRY,2011-12-31,2011-12-31,2011-12-31,2018-04-30,-88364000,3081936000,3114694750,,,0.587,6.083,-45277000,1079297000,1079297000,0,190559000,,3.05,1096934000,,,1096934000,0,24580000,288427000,0.023,0.605,219857000,244437000,0.134,244437000,219857000,219857000,1.48,1.36,1.48,726143000,725921000,726143000,3250478778,14,13.298,352525000,2.987,1.0,1829512000,1.0,393099000,0,2706474000,2825898500,0,664558000,,,2215080000,,,3208165778,-205904000,0,-204835000,-134151000,-70572000,-552359000,-45277000,0,397802000,-6070000,174917000,174917000,174917000,0,15642000,0.096,1594013000,235499000,6075000,0.409,4.418,18.341,17.642,168429000,0,26.11,1.754,1.685,504455000,258646000,1829512000,1829512000,0,0.056,0.241,0.078,0.12,0,1542383000,1.0,122871152,118032020,137629525,15.5,2688837000,0,44940000,0,22.525,
LAZ,MRY,2012-12-31,2012-12-31,2012-12-31,2018-04-30,-110541000,2986893000,2966922750,,,0.645,4.964,-84933000,915422000,915422000,0,92785000,,4.1,1094713000,,,1094713000,0,30855000,269763000,0.039,1.16,115409000,146264000,0.076,146264000,115409000,115409000,0.72,0.65,0.72,569656000,681560500,569656000,3949812412,34,27.005,396975000,3.394,1.0,1912448000,1.0,392822000,0,2773362000,2797616750,0,707167000,,,2335353000,,,3749617412,-153601000,0,-354464000,-2519000,-135108000,-563220000,-84933000,0,481908000,12644000,84309000,84309000,84309000,0,8476000,0.044,1788563000,123885000,3648000,1.611,6.582,44.475,41.444,225033000,0,29.84,1.961,1.825,478043000,182647000,1912448000,1912448000,0,0.028,0.124,0.041,0.06,0,1742105000,1.0,125657420,116953989,129325622,16.352,2594071000,0,31100000,0,22.607,
LAZ,MRY,2013-12-31,2013-12-31,2013-12-31,2018-04-30,-133004000,3011137000,2904247250,,,0.684,4.601,-54553000,903528000,903528000,0,165114000,,4.25,1064184000,,,1064184000,0,34750000,275434000,0.022,1.0,211905000,246655000,0.124,246655000,211905000,211905000,1.33,1.21,1.33,560209000,539416750,560209000,6193857590,29,25.111,472144000,3.907,1.0,1985352000,1.0,363877000,0,2807916000,2872823750,0,722984000,,,2381139000,,,5848821590,-8708000,0,-132477000,-87725000,-121620000,-487072000,-54553000,0,526697000,6220000,160212000,160212000,160212000,0,4902000,0.081,1768545000,216807000,5031000,0.752,10.44,36.507,34.075,248796000,0,45.32,2.946,2.759,512675000,203236000,1985352000,1985352000,0,0.055,0.297,0.074,0.107,0,1676924000,1.0,129056081,120854267,133737079,16.428,2647260000,0,51693000,0,21.744,
LAZ,MRY,2014-12-31,2014-12-31,2014-12-31,2018-04-30,-200766000,3332236000,3088201250,,,0.745,5.778,-20099000,1109870000,1109870000,0,434063000,,3.625,1060365000,,,1060365000,0,34464000,316601000,0.024,1.2,512679000,547143000,0.238,547143000,512679000,512679000,3.49,3.2,3.49,706744000,566305000,706744000,6688142532,13,12.224,715918000,5.851,1.0,2300447000,1.0,347438000,0,2935293000,2925841250,0,828112000,,,2562179000,,,6492197532,225098000,0,-192657000,-2171000,-146241000,-435369000,-20099000,0,736017000,-55451000,427277000,427277000,427277000,0,6786000,0.186,1780982000,519465000,0,0.344,9.186,15.194,14.335,222569000,0,50.03,2.822,2.661,557596000,464655000,2300447000,2300447000,0,0.138,0.754,0.175,0.223,0,1716305000,1.0,129766091,122351836,133813123,18.802,2984798000,59041000,85402000,49506000,24.404,
LAZ,MRY,2015-12-31,2015-12-31,2015-12-31,2018-04-30,-234356000,4477774000,3901370750,,,0.603,10.451,-25952000,1167031000,1167031000,0,992932000,,2.368,998386000,,,998386000,0,32785000,506665000,0.03,1.35,-23179000,9606000,0.004,9606000,-23179000,-23179000,7.87,7.4,7.87,1313455000,937849250,1313455000,5953963755,-256,619.817,861344000,6.871,1.0,2353608000,1.0,326976000,0,3982153000,3713633500,0,931772000,,,3110468000,,,5840771755,65503000,0,-172772000,-114652000,-290684000,-746804000,-25952000,0,887296000,-49037000,986373000,986373000,986373000,0,6559000,0.419,2370228000,-16620000,0,0.172,4.447,5.921,5.719,207165000,0,45.01,2.482,2.397,497213000,1123728000,2353608000,2353608000,0,0.253,1.052,-0.006,-0.01,0,1717574000,1.0,129766091,125366272,133244546,18.774,4150798000,1130595000,-1009552000,535066000,33.029,
LAZ,MRY,2016-12-31,2016-12-31,2016-12-31,2018-04-30,-314222000,4556508000,4271505750,,,0.546,10.035,-37653000,1187815000,1187815000,0,393692000,,2.64,1188600000,,,1188600000,0,33264000,472283000,0.065,2.69,511467000,544731000,0.233,544731000,511467000,511467000,3.11,2.92,3.11,1235987000,1197672750,1235987000,5441558679,10,9.989,563634000,4.517,1.0,2333371000,1.0,382024000,0,4175269000,4095379500,0,879090000,,,3262695000,,,5332088679,26702000,0,-300217000,193697000,-336138000,-486952000,-37653000,0,601287000,-49980000,387698000,387698000,387698000,0,5994000,0.166,1815910000,517461000,0,0.865,4.314,13.753,13.212,209021000,0,41.09,2.285,2.197,638282000,1134186000,2333371000,2333371000,0,0.091,0.324,0.125,0.219,0,1739444000,1.0,129766091,124770401,132633630,18.701,4174484000,1075777000,123769000,522778000,33.892,
LAZ,MRY,2017-12-31,2017-12-31,2017-12-31,2018-04-30,-232518000,4928677000,4730021250,,,0.559,10.009,-26920000,1519375000,1519375000,0,259847000,,3.059,1190383000,,,1190383000,0,31498000,992338000,0.054,2.81,819182000,850680000,0.322,850680000,819182000,819182000,2.09,1.91,2.09,1199803000,1225937000,1199803000,6713276777,8,7.892,988522000,8.131,1.0,2644311000,1.0,391364000,0,4208321000,4350319500,0,1362617000,,,3669772000,,,6812719777,325051000,0,-306741000,-7337000,-341450000,-740393000,-26920000,0,1015442000,76922000,253583000,253583000,253583000,0,6264000,0.096,1818865000,825446000,0,1.344,5.678,26.866,25.12,205301000,0,52.5,2.576,2.414,571616000,1080413000,2644311000,2644311000,0,0.054,0.207,0.188,0.31,0,1967828000,1.0,129766091,121573442,132479728,21.751,4537313000,650260000,565599000,319682000,37.853,
