ticker,dimension,calendardate,datekey,reportperiod,lastupdated,accoci,assets,assetsavg,assetsc,assetsnc,assetturnover,bvps,capex,cashneq,cashnequsd,cor,consolinc,currentratio,de,debt,debtc,debtnc,debtusd,deferredrev,depamor,deposits,divyield,dps,ebit,ebitda,ebitdamargin,ebitdausd,ebitusd,ebt,eps,epsdil,epsusd,equity,equityavg,equityusd,ev,evebit,evebitda,fcf,fcfps,fxusd,gp,grossmargin,intangibles,intexp,invcap,invcapavg,inventory,investments,investmentsc,investmentsnc,liabilities,liabilitiesc,liabilitiesnc,marketcap,ncf,ncfbus,ncfcommon,ncfdebt,ncfdiv,ncff,ncfi,ncfinv,ncfo,ncfx,netinc,netinccmn,netinccmnusd,netincdis,netincnci,netmargin,opex,opinc,payables,payoutratio,pb,pe,pe1,ppnenet,prefdivis,price,ps,ps1,receivables,retearn,revenue,revenueusd,rnd,roa,roe,roic,ros,sbcomp,sgna,sharefactor,sharesbas,shareswa,shareswadil,sps,tangibles,taxassets,taxexp,taxliabilities,tbvps,workingcapital
LBIX,MRY,2011-12-31,2011-02-28,2011-02-28,2017-10-25,577916,15670153,16716499,3754138,11916015,1.131,3.028,-597762,1870600,1919176,11690856,-82028,1.785,0.343,2116025,487613,1628412,2170974,0,701389,0,0.0,0.0,766259,1467648,0.078,1505760,786157,598851,-0.02,-0.02,-0.021,11668233,11617805,11971236,15062931,19,10.004,2694300,0.699,0.975,7218175,0.382,0,167408,13812544,14979424,974739,0,0,0,4001920,2103034,1898886,13143363,-28833,0,-1032525,-1690608,0,-2723133,-597762,0,3292062,47,-82028,-82028,-84158,0,0,-0.004,6408856,809319,1589861,0.0,1.098,-156.175,-163.265,9108285,0,3.35,0.677,0.666,730884,-42138300,18909031,19400066,0,-0.005,-0.007,0.051,0.041,1674875,5862189,1.0,3923275,3853866,3853866,5.034,15670153,2807730,680879,0,4.066,1651104
LBIX,MRY,2012-12-31,2012-02-29,2012-02-29,2017-10-25,577916,14981079,15325616,3367229,11613850,1.201,3.706,-401158,1189539,1203278,11287079,1550858,1.671,0.2,353226,134852,218374,357305,0,676464,0,0.0,0.0,1759588,2436052,0.132,2464188,1779911,1643961,0.46,0.44,0.465,12484400,12076316,12628593,13854157,7,5.622,2231252,0.662,0.989,7116973,0.387,0,115627,12129604,12971074,1281653,0,0,0,2496679,2015162,481517,13601146,-681051,0,-1149513,-1762800,0,-2912313,-401158,0,2632410,-10,1550858,1550858,1568770,0,0,0.084,5343775,1773198,1855819,0.0,1.077,8.67,8.167,8821967,0,3.8,0.731,0.688,722387,-40587442,18404052,18616616,0,0.101,0.128,0.136,0.096,414822,4656298,1.0,3579249,3368751,3541859,5.526,14981079,2714627,93103,0,4.447,1352067
LBIX,MRY,2013-12-31,2013-02-28,2013-02-28,2017-10-25,577916,14127121,14554100,2194503,11932618,1.185,3.898,-1474617,53352,51888,10832783,591304,1.063,0.203,218374,143347,75027,212384,0,681045,0,0.0,0.0,916121,1597166,0.093,1553359,890994,897956,0.2,0.17,0.195,11742831,12113615,11420754,11120484,12,7.159,483143,0.16,1.028,6407559,0.372,0,18165,12227771,12178687,1079590,0,0,0,2384290,2064372,319918,11943304,-1136498,0,-1484789,-134852,0,-1619641,-1474617,0,1957760,311,591304,591304,575085,0,0,0.034,5512005,895554,1921025,0.0,1.046,20.768,18.97,9524643,0,3.69,0.712,0.663,754404,-39996138,17240342,16767482,0,0.041,0.049,0.075,0.053,151916,4740375,1.0,3236668,3012647,3314762,5.566,14127121,2407975,306652,0,4.689,130131
LBIX,MRY,2014-12-31,2014-02-28,2014-02-28,2017-10-25,577916,15140842,14633981,3653475,11487367,1.046,4.376,-565015,2393784,2160507,8408558,1163295,1.794,0.181,75027,75027,0,67715,0,753210,0,0.0,0.0,1428177,2181387,0.142,1968808,1288999,1418703,0.4,0.37,0.361,12820201,12281516,11570860,11970111,9,6.08,2624622,0.896,1.108,6904910,0.451,0,9474,10785639,11506705,586513,0,0,0,2320641,2036446,284195,11809838,2340879,0,-140396,-143347,0,-283743,-565015,0,3189637,-447,1163295,1163295,1049930,0,0,0.076,5437881,1467029,1961419,0.0,1.021,11.248,11.163,9334800,0,4.03,0.854,0.854,499337,-38832843,15313468,13821156,0,0.079,0.095,0.124,0.093,54471,4682576,1.0,2930481,2929722,3246223,4.718,15140842,2152567,255408,0,5.168,1617029
LBIX,MRY,2015-12-31,2015-02-28,2015-02-28,2017-10-25,577916,14755112,14947977,3612263,11142849,0.035,4.473,-498295,1702922,1361490,551656,335582,2.314,0.129,0,0,0,0,0,723610,0,0.0,0.0,335582,1059192,2.022,846826,268298,335582,0.11,0.04,0.088,13073486,12946843,10452283,7582703,28,8.954,-517302,-0.177,1.251,-27823,-0.053,0,0,11490901,11138270,1316626,0,0,0,1681626,1561289,120337,9718049,-690862,0,-98533,-75027,0,-173560,-498295,0,-19007,0,335582,335582,268298,-4170306,0,0.641,4001074,-4028897,1561289,0.0,0.93,36.221,37.934,9099246,0,3.336,23.204,23.281,303132,-38497261,523833,418805,0,0.022,0.026,0.03,0.641,48806,3769262,1.0,2912997,2922684,3192963,0.143,14755112,2043603,0,0,5.048,2050974
LBIX,MRY,2016-12-31,2016-02-29,2016-02-29,2017-10-25,577916,13274708,14014910,1710602,11564106,0.057,4.054,-409914,282819,209082,946909,-1303284,1.071,0.137,0,0,0,0,0,705024,0,0.0,0.0,-1303284,-598260,-0.753,-442282,-963493,-1303284,-0.45,-0.45,-0.333,11677766,12375626,8633154,4964542,-5,-11.225,-1243787,-0.432,1.353,-152368,-0.192,205620,0,11189327,11340114,968030,0,0,0,1596942,1596942,0,6381192,-1420103,0,-176316,0,0,-176316,-409914,0,-833873,0,-1303284,-1303284,-963493,-2616297,0,-1.64,3843565,-3995933,1514718,0.0,0.739,-6.623,-6.613,1766611,0,2.2,10.864,10.79,94302,-39800545,794541,587389,0,-0.093,-0.105,-0.115,-1.64,104850,3612461,1.0,2900542,2880882,2880882,0.204,13069088,0,0,0,4.536,113660
LBIX,MRY,2017-12-31,2017-02-28,2017-02-28,2017-10-25,577916,5979686,9627197,4891278,1088408,0.126,1.783,5523802,4315028,3294920,1349734,-6509689,5.141,0.189,0,0,0,0,0,634692,0,0.0,0.0,-6509689,-5874997,-4.845,-4486100,-4970746,-6509689,-2.31,-2.31,-1.764,5028288,8353027,3839560,4932293,0,-1.099,4171998,1.479,1.31,-137205,-0.113,297189,0,416071,5802699,361102,0,0,0,951398,951398,0,5147706,4032209,0,-139789,0,0,-139789,5523802,0,-1351804,0,-6509689,-6509689,-4970746,3406368,0,-5.369,2982670,-3119875,605046,0.0,1.341,-1.036,-1.02,765024,0,1.8,5.56,5.484,85628,-46310234,1212529,925877,0,-0.676,-0.779,-1.122,-5.369,0,3054182,1.0,2859837,2820647,2820647,0.328,5682497,0,0,0,2.015,3939880
