ticker,dimension,calendardate,datekey,reportperiod,lastupdated,accoci,assets,assetsavg,assetsc,assetsnc,assetturnover,bvps,capex,cashneq,cashnequsd,cor,consolinc,currentratio,de,debt,debtc,debtnc,debtusd,deferredrev,depamor,deposits,divyield,dps,ebit,ebitda,ebitdamargin,ebitdausd,ebitusd,ebt,eps,epsdil,epsusd,equity,equityavg,equityusd,ev,evebit,evebitda,fcf,fcfps,fxusd,gp,grossmargin,intangibles,intexp,invcap,invcapavg,inventory,investments,investmentsc,investmentsnc,liabilities,liabilitiesc,liabilitiesnc,marketcap,ncf,ncfbus,ncfcommon,ncfdebt,ncfdiv,ncff,ncfi,ncfinv,ncfo,ncfx,netinc,netinccmn,netinccmnusd,netincdis,netincnci,netmargin,opex,opinc,payables,payoutratio,pb,pe,pe1,ppnenet,prefdivis,price,ps,ps1,receivables,retearn,revenue,revenueusd,rnd,roa,roe,roic,ros,sbcomp,sgna,sharefactor,sharesbas,shareswa,shareswadil,sps,tangibles,taxassets,taxexp,taxliabilities,tbvps,workingcapital
LCI,MRY,2011-12-31,2011-06-30,2011-06-30,2018-05-08,24000,147744000,140855278,94142000,53602000,0.758,3.723,-7245000,5277000,5277000,83515000,-240000,2.701,0.398,7822000,629000,7193000,7822000,0,4976000,0,0.0,0.0,-524000,4452000,0.042,4452000,-524000,-738000,-0.01,-0.01,-0.01,105689000,102151034,105689000,129910079,-247,29.18,-13447000,-0.503,1.0,23320000,0.218,5910000,214000,109519000,90026010,26903000,19382000,19382000,0,42055000,34860000,7195000,141374451,-16619000,0,15230000,102000,0,15243000,-25648000,-18403000,-6202000,-12000,-277000,-277000,-277000,0,37000,-0.003,24499000,-1179000,31942000,0.0,1.338,-510.377,-498.0,35690000,0,4.98,1.323,1.247,33464000,9288000,106835000,106835000,8587000,-0.002,-0.003,-0.006,-0.005,1877000,15912000,1.0,28388444,26758552,26758552,3.993,141834000,18620000,-461000,0,4.996,59282000
LCI,MRY,2012-12-31,2012-06-30,2012-06-30,2018-05-08,-63000,142592000,147545532,90855000,51737000,0.834,4.037,-5230000,22562000,22562000,84043000,4018000,3.669,0.281,7161000,648000,6513000,7161000,0,5735000,0,0.0,0.0,6821000,12556000,0.102,12556000,6821000,6548000,0.14,0.14,0.14,111123000,108572995,111123000,108701140,15,8.657,5891000,0.208,1.0,38947000,0.317,4429000,273000,97996000,98506292,27064000,6667000,6667000,0,31279000,24766000,6513000,120268855,17285000,0,-450000,-661000,0,-1130000,7379000,12609000,11121000,-85000,3948000,3948000,3948000,0,70000,0.032,32037000,6910000,17989000,0.0,1.082,30.463,30.286,37068000,0,4.24,0.978,0.974,26586000,13236000,122990000,122990000,11844000,0.027,0.036,0.069,0.055,2162000,20193000,1.0,28365296,28263335,28408432,4.352,138163000,16022000,2600000,0,5.02,66089000
LCI,MRY,2013-12-31,2013-06-30,2013-06-30,2018-05-08,-47000,167752000,166295250,116129000,51623000,0.908,4.471,-7509000,42689000,42689000,93634000,13382000,3.509,0.303,6514000,670000,5844000,6514000,0,6198000,0,0.0,0.0,20871000,27069000,0.179,27069000,20871000,20620000,0.47,0.46,0.47,128576000,121343000,128576000,315338688,15,11.649,18991000,0.667,1.0,57420000,0.38,2547000,251000,95931000,97718500,32531000,8461000,8461000,0,38943000,33099000,5844000,341622688,20127000,0,2643000,-647000,0,2214000,-8603000,-1094000,26500000,16000,13317000,13317000,13317000,0,65000,0.088,38663000,18757000,23735000,0.0,2.657,25.653,25.34,40141000,0,11.91,2.262,2.245,26413000,26553000,151054000,151054000,16253000,0.08,0.11,0.214,0.138,1237000,22410000,1.0,28683685,28467598,28942933,5.306,165205000,12879000,7303000,154000,5.745,83030000
LCI,MRY,2014-12-31,2014-06-30,2014-06-30,2018-05-08,-54000,342773000,274216250,265547000,77226000,0.998,8.317,-26034000,105587000,105587000,119363000,57163000,5.65,0.163,1138000,129000,1009000,1138000,0,5984000,0,0.0,0.0,90088000,96072000,0.351,96072000,90088000,89958000,1.7,1.62,1.7,294470000,235978000,294470000,1682050366,18,17.508,19069000,0.566,1.0,154408000,0.564,927000,130000,190398000,159722750,44844000,40693000,40693000,0,48008000,46999000,1009000,1764994366,62898000,0,72922000,-5778000,0,74161000,-56359000,-30325000,45103000,-7000,57101000,57101000,57101000,0,62000,0.209,66319000,88089000,25540000,0.0,5.994,30.91,29.188,61704000,0,49.62,6.447,6.101,61325000,83654000,273771000,273771000,27713000,0.208,0.242,0.564,0.329,2009000,38606000,1.0,35570221,33663589,35193376,8.133,341846000,25499000,32857000,4569000,9.655,218548000
LCI,MRY,2015-12-31,2015-06-30,2015-06-30,2018-05-08,-295000,508766000,442399250,370546000,138220000,0.92,12.814,-31582000,200340000,200340000,100481000,149992000,8.509,0.097,1009000,135000,874000,1009000,0,5583000,0,0.0,0.0,227556000,233139000,0.573,233139000,227556000,227349000,4.18,4.04,4.18,463413000,400486000,463413000,1946536682,8,8.349,96936000,2.706,1.0,306356000,0.753,29231000,207000,236656000,215468000,46191000,13467000,13467000,0,45000000,43548000,1452000,2154266682,94753000,-41862000,4817000,-564000,0,12289000,-45813000,27931000,128518000,-241000,149919000,149919000,149919000,0,73000,0.368,79869000,226487000,26748000,0.0,4.649,14.37,14.22,94556000,0,59.44,5.295,5.234,91103000,233573000,406837000,406837000,30342000,0.339,0.374,1.056,0.559,-1654000,45206000,1.0,36242710,35827167,37127117,11.356,479535000,28765000,77430000,1340000,13.26,326998000
LCI,MRY,2016-12-31,2016-06-30,2016-06-30,2018-05-08,-295000,1764018000,1453034500,612815000,1151203000,0.373,15.147,-24251000,224769000,224769000,256000000,44857000,1.998,2.183,1061848000,178236000,883612000,1061848000,0,33433000,0,0.0,0.0,128041000,161474000,0.298,161474000,128041000,62104000,1.23,1.2,1.23,554049000,537994250,554049000,1702629048,13,10.544,111026000,3.047,1.0,286493000,0.528,909114000,65937000,1385314000,1175493000,114904000,14094000,14094000,0,1209561000,306669000,902892000,874223048,24429000,-934178000,2865000,843867000,0,848219000,-959067000,-638000,135277000,0,44782000,44782000,44782000,0,75000,0.083,155735000,130758000,61741000,0.0,1.578,19.522,19.341,216638000,0,23.79,1.611,1.598,211722000,278355000,542493000,542493000,45054000,0.031,0.083,0.109,0.236,10055000,68325000,1.0,36747501,36442782,37389445,14.886,854904000,52448000,17322000,743000,23.373,306146000
LCI,MRY,2017-12-31,2017-06-30,2017-06-30,2018-05-08,-222000,1603312000,1679323500,494793000,1108519000,0.377,15.21,-48582000,117737000,117737000,332128000,-547000,2.574,1.857,903647000,60117000,843530000,903647000,0,55340000,0,0.0,0.0,89936000,145276000,0.229,145276000,89936000,516000,-0.02,-0.02,-0.02,561122000,544747000,561122000,1564529648,17,10.769,116791000,3.173,1.0,301213000,0.476,793427000,89420000,1403587000,1406186500,122604000,27091000,27091000,0,1042190000,192208000,849982000,759503648,-107032000,0,920000,-178233000,0,-213813000,-58665000,-10083000,165373000,73000,-581000,-581000,-581000,0,34000,-0.001,214767000,86446000,92328000,0.0,1.354,-1307.235,-1020.0,243148000,0,20.4,1.199,1.186,204066000,277774000,633341000,633341000,42073000,0.0,-0.001,0.064,0.142,7719000,73477000,1.0,37230571,36812524,36812524,17.204,809885000,69456000,1097000,0,21.953,302585000
