ticker,dimension,calendardate,datekey,reportperiod,lastupdated,accoci,assets,assetsavg,assetsc,assetsnc,assetturnover,bvps,capex,cashneq,cashnequsd,cor,consolinc,currentratio,de,debt,debtc,debtnc,debtusd,deferredrev,depamor,deposits,divyield,dps,ebit,ebitda,ebitdamargin,ebitdausd,ebitusd,ebt,eps,epsdil,epsusd,equity,equityavg,equityusd,ev,evebit,evebitda,fcf,fcfps,fxusd,gp,grossmargin,intangibles,intexp,invcap,invcapavg,inventory,investments,investmentsc,investmentsnc,liabilities,liabilitiesc,liabilitiesnc,marketcap,ncf,ncfbus,ncfcommon,ncfdebt,ncfdiv,ncff,ncfi,ncfinv,ncfo,ncfx,netinc,netinccmn,netinccmnusd,netincdis,netincnci,netmargin,opex,opinc,payables,payoutratio,pb,pe,pe1,ppnenet,prefdivis,price,ps,ps1,receivables,retearn,revenue,revenueusd,rnd,roa,roe,roic,ros,sbcomp,sgna,sharefactor,sharesbas,shareswa,shareswadil,sps,tangibles,taxassets,taxexp,taxliabilities,tbvps,workingcapital
LDR,MRY,2011-12-31,2011-09-30,2011-09-30,2017-10-20,-3129000,168656000,159445500,50642000,118014000,0.755,8.481,-13415000,7914000,7914000,47510000,25208000,0.874,1.06,19805000,19805000,0,19805000,14713000,7991000,0,0.044,2.2,36335000,44326000,0.368,44326000,36335000,36065000,2.6,2.58,2.6,81332000,82884750,81332000,471617999,12,10.64,18314000,1.949,1.0,72948000,0.606,50870000,270000,71728000,65569250,8286000,10699000,0,10699000,86248000,57949000,28299000,466752999,255000,-2847000,0,7313000,-20593000,-13435000,-17841000,0,31729000,-198000,24538000,24538000,24538000,0,670000,0.204,38065000,34883000,5457000,0.846,5.739,19.022,19.054,53259000,0,49.54,3.875,3.864,25516000,49724000,120458000,120458000,0,0.154,0.296,0.554,0.302,1435000,36576000,1.0,9421740,9395000,9477000,12.822,117786000,4921000,11527000,12805000,12.282,-7307000
LDR,MRY,2012-12-31,2012-09-30,2012-09-30,2017-10-20,-5272000,302125000,289994750,67559000,234566000,0.524,8.405,-14519000,17633000,17633000,65435000,19374000,1.491,2.773,141347000,0,141347000,141347000,14947000,11961000,0,0.037,2.2,30187000,42148000,0.277,42148000,30187000,26752000,1.96,1.95,1.96,79717000,82372250,79717000,672860342,22,15.964,21886000,2.331,1.0,86667000,0.57,144119000,3435000,236416000,214995750,8638000,24108000,0,24108000,221023000,45304000,175719000,564447342,9513000,-110057000,0,119694000,-20808000,98676000,-125425000,0,36405000,-143000,18546000,18546000,18546000,0,828000,0.122,58960000,27707000,9656000,1.122,7.081,30.435,30.469,60581000,0,59.72,3.711,3.686,35165000,48142000,152102000,152102000,0,0.064,0.225,0.14,0.198,2413000,51218000,1.0,9451563,9389000,9437000,16.2,158006000,2148000,8206000,15733000,16.659,22255000
LDR,MRY,2013-12-31,2013-09-30,2013-09-30,2017-10-20,-4408000,274706000,286361500,63005000,211701000,0.523,6.656,-9145000,8672000,8672000,71094000,3636000,1.484,3.306,142785000,0,142785000,142785000,14509000,15051000,0,0.043,2.2,6533000,21584000,0.144,21584000,6533000,2222000,0.28,0.27,0.28,63427000,70550500,63427000,618782646,94,28.669,16204000,1.718,1.0,78596000,0.525,121447000,4311000,244902000,244496750,9729000,23234000,0,23234000,209694000,42470000,167224000,488219646,-7003000,0,0,485000,-20897000,-20673000,-11679000,0,25349000,0,2782000,2782000,2782000,0,854000,0.019,75207000,3389000,6310000,7.857,7.697,175.492,183.036,56088000,0,51.25,3.262,3.23,37839000,27412000,149690000,149690000,0,0.01,0.039,0.027,0.044,2541000,51115000,1.0,9526237,9434000,9482000,15.867,153259000,4996000,-560000,11102000,16.082,20535000
LDR,MRY,2014-12-31,2014-09-30,2014-09-30,2017-10-20,-10148000,216586000,245958000,54333000,162253000,0.63,1.264,-4161000,6761000,6761000,74155000,-24698000,1.215,16.554,133585000,0,133585000,133585000,14750000,13915000,0,0.067,2.2,-37579000,-23664000,-0.153,-23664000,-37579000,-41003000,-2.65,-2.65,-2.65,12254000,42207750,12254000,442421987,-11,-18.696,32524000,3.415,1.0,80907000,0.522,57295000,3424000,241387000,242430250,6687000,23835000,0,23835000,202852000,44728000,158124000,315290987,-1911000,-1800000,0,-9260000,-21048000,-30905000,-7216000,0,36685000,-475000,-25203000,-25203000,-25203000,0,505000,-0.163,120894000,-39987000,6248000,-0.83,25.73,-12.51,-12.457,50715000,0,33.01,2.033,2.027,34707000,-18873000,155062000,155062000,0,-0.102,-0.597,-0.155,-0.242,2074000,54904000,1.0,9551378,9524000,9524000,16.281,159291000,22579000,-15800000,3793000,16.425,9605000
LDR,MRY,2015-12-31,2015-09-30,2015-09-30,2017-10-20,-13741000,208744000,209155500,61753000,146991000,0.723,1.164,-7974000,15314000,15314000,72585000,15049000,1.604,17.545,133385000,0,133385000,133385000,13904000,12312000,0,0.037,1.38,25186000,37498000,0.248,37498000,25186000,20816000,1.52,1.52,1.52,11195000,10528250,11195000,480253565,19,12.807,20279000,2.132,1.0,78729000,0.52,48124000,4370000,240198000,240526500,7035000,24010000,0,24010000,196417000,38493000,157924000,354309565,8553000,6958000,0,-200000,-15874000,-16523000,-2278000,0,28253000,-899000,14543000,14543000,14543000,0,506000,0.096,55030000,23699000,5773000,0.908,31.649,24.363,24.336,49929000,0,36.99,2.342,2.325,32412000,-17559000,151314000,151314000,0,0.07,1.381,0.105,0.166,1583000,53989000,1.0,9578523,9511000,9540000,15.909,160620000,21613000,6273000,2580000,16.703,23260000
LDR,MRY,2016-12-31,2016-09-30,2016-09-30,2017-10-20,-15266000,190816000,197443250,56002000,134814000,0.756,2.011,-8893000,13285000,13285000,73761000,18454000,1.623,8.876,109100000,0,109100000,109100000,13932000,11072000,0,0.025,1.1,31071000,42143000,0.282,42143000,31071000,27652000,1.86,1.85,1.86,19178000,17162000,19178000,527504870,16,12.517,22647000,2.377,1.0,75478000,0.506,43104000,3419000,209029000,223648000,5670000,26174000,0,26174000,170217000,34498000,135719000,427179870,-2029000,10089000,0,-24285000,-10574000,-35279000,1779000,0,31540000,-69000,17753000,17753000,17753000,0,701000,0.119,48837000,26641000,3012000,0.591,22.274,24.062,23.914,49579000,0,44.48,2.862,2.839,31998000,-10511000,149239000,149239000,0,0.09,1.034,0.139,0.208,2841000,48837000,1.0,9603864,9526000,9569000,15.666,147712000,11966000,9899000,1581000,15.492,21504000
