ticker,dimension,calendardate,datekey,reportperiod,lastupdated,accoci,assets,assetsavg,assetsc,assetsnc,assetturnover,bvps,capex,cashneq,cashnequsd,cor,consolinc,currentratio,de,debt,debtc,debtnc,debtusd,deferredrev,depamor,deposits,divyield,dps,ebit,ebitda,ebitdamargin,ebitdausd,ebitusd,ebt,eps,epsdil,epsusd,equity,equityavg,equityusd,ev,evebit,evebitda,fcf,fcfps,fxusd,gp,grossmargin,intangibles,intexp,invcap,invcapavg,inventory,investments,investmentsc,investmentsnc,liabilities,liabilitiesc,liabilitiesnc,marketcap,ncf,ncfbus,ncfcommon,ncfdebt,ncfdiv,ncff,ncfi,ncfinv,ncfo,ncfx,netinc,netinccmn,netinccmnusd,netincdis,netincnci,netmargin,opex,opinc,payables,payoutratio,pb,pe,pe1,ppnenet,prefdivis,price,ps,ps1,receivables,retearn,revenue,revenueusd,rnd,roa,roe,roic,ros,sbcomp,sgna,sharefactor,sharesbas,shareswa,shareswadil,sps,tangibles,taxassets,taxexp,taxliabilities,tbvps,workingcapital
LEDS,MRY,2011-12-31,2011-08-31,2011-08-31,2018-04-13,6982000,178326000,163031000,106858000,71468000,0.208,71.448,-21732000,83619000,83619000,29434000,-16138000,7.727,0.13,8058000,1953000,6105000,8058000,492000,6663000,0,0.0,0.0,-15407000,-8744000,-0.258,-8744000,-15407000,-15379000,-8.8,-8.8,-8.8,156378000,143702000,156378000,55938479,-3,-6.397,-23782000,-10.866,1.0,4468000,0.132,2959000,-28000,85977000,85617250,16217000,15579000,0,15579000,20375000,13829000,6546000,139851479,70099000,-1330000,92784000,1837000,0,94621000,-23640000,-993000,-2050000,1168000,-16104000,-16104000,-16104000,0,-34000,-0.475,16198000,-11730000,4464000,0.0,0.894,-8.684,-5.83,51804000,0,51.3,4.125,3.312,5480000,-14974000,33902000,33902000,4556000,-0.099,-0.112,-0.18,-0.454,1785000,11642000,1.0,2726149,2188700,2188700,15.49,175367000,0,725000,0,80.124,93029000
LEDS,MRY,2012-12-31,2012-08-31,2012-08-31,2018-04-13,5179000,127534000,152424000,75121000,52413000,0.192,39.222,-11719000,47228000,47228000,34901000,-49949000,5.631,0.173,7505000,2552000,4953000,7505000,441000,8677000,0,0.0,0.0,-49494000,-40817000,-1.393,-40817000,-49494000,-49457000,-18.0,-18.0,-18.0,107818000,132344000,107818000,305699,0,-0.007,-27490000,-10.028,1.0,-5602000,-0.191,2624000,-37000,71847000,81529000,13016000,10652000,8831000,1821000,18683000,13340000,5343000,55488699,-36391000,0,73000,-254000,0,-181000,-20533000,-8831000,-15771000,94000,-49457000,-49457000,-49457000,0,-492000,-1.688,30750000,-36352000,5768000,0.0,0.515,-1.122,-1.122,46642000,0,20.2,1.894,1.89,4916000,-64431000,29299000,29299000,7443000,-0.324,-0.374,-0.607,-1.689,2616000,14300000,1.0,2746965,2741400,2741400,10.688,124910000,0,0,0,45.44,61781000
LEDS,MRY,2013-12-31,2013-08-31,2013-08-31,2018-04-13,5557000,85705000,104248000,50124000,35581000,0.172,23.941,-3145000,36272000,36272000,32665000,-44638000,3.946,0.289,8463000,2294000,6169000,8463000,390000,8317000,0,0.0,0.0,-43732000,-35415000,-1.971,-35415000,-43732000,-43721000,-15.8,-15.8,-15.8,66516000,86800500,66516000,-9653729,0,0.273,-17606000,-6.372,1.0,-14698000,-0.818,1438000,-11000,43754000,58549500,10500000,2275000,0,2275000,19212000,12704000,6508000,23874270,-10956000,-638000,0,1152000,0,1024000,2180000,5958000,-14461000,301000,-43724000,-43724000,-43724000,0,-914000,-2.434,27969000,-42667000,3534000,0.0,0.359,-0.546,-0.544,30473000,0,8.6,1.329,1.323,2272000,-108155000,17967000,17967000,4592000,-0.419,-0.504,-0.747,-2.434,2020000,11377000,1.0,2776078,2763000,2763000,6.503,84267000,0,3000,0,30.33,37420000
LEDS,MRY,2014-12-31,2014-08-31,2014-08-31,2018-04-13,5583000,57617000,67114750,25941000,31676000,0.216,15.434,-2991000,12649000,12649000,25792000,-24610000,2.74,0.313,6190000,1934000,4256000,6190000,0,6614000,0,0.0,0.0,-24392000,-17778000,-1.228,-17778000,-24392000,-24475000,-8.7,-8.7,-8.7,43906000,52015250,43906000,13672839,0,-0.769,-18689000,-6.641,1.0,-11311000,-0.781,1645000,83000,40044000,43119750,9212000,2204000,0,2204000,13725000,9469000,4256000,23023839,-23623000,-2069000,0,-2476000,0,-2464000,-5503000,-92000,-15698000,42000,-24475000,-24475000,-24475000,0,-135000,-1.69,13478000,-24789000,2675000,0.0,0.524,-0.941,-0.931,27063000,0,8.1,1.59,1.574,2171000,-132630000,14481000,14481000,4199000,-0.365,-0.471,-0.566,-1.684,1945000,9279000,1.0,2842449,2814100,2814100,5.146,55972000,0,0,0,19.676,16472000
LEDS,MRY,2015-12-31,2015-08-31,2015-08-31,2018-04-13,3083000,38520000,44749750,13672000,24848000,0.316,10.078,-1500000,4808000,4808000,18214000,-13318000,2.165,0.312,3907000,1068000,2839000,3907000,0,4969000,0,0.0,0.0,-13179000,-8210000,-0.581,-8210000,-13179000,-13273000,-4.62,-4.62,-4.62,29296000,34370750,29296000,12802570,0,-1.559,-6025000,-2.099,1.0,-4090000,-0.29,1407000,94000,29897000,34313750,5924000,2014000,0,2014000,9154000,6315000,2839000,14235570,-7841000,0,0,-1808000,0,-1808000,-1140000,0,-4525000,-368000,-13274000,-13274000,-13274000,0,-44000,-0.94,9208000,-13298000,1650000,0.0,0.486,-1.072,-1.061,20779000,0,4.9,1.008,0.996,2049000,-145904000,14124000,14124000,2443000,-0.297,-0.386,-0.384,-0.933,1289000,6986000,1.0,2905218,2871000,2871000,4.92,37113000,0,1000,0,12.767,7357000
LEDS,MRY,2016-12-31,2016-08-31,2016-08-31,2018-04-13,3398000,22235000,30636000,11637000,10598000,0.331,3.883,-518000,6030000,6030000,15078000,-21304000,2.374,0.913,2909000,314000,2595000,2909000,0,5526000,0,0.0,0.0,-21223000,-15697000,-1.548,-15697000,-21223000,-21275000,-7.25,-7.25,-7.25,11603000,20275750,11603000,17732006,0,-1.13,-3957000,-1.349,1.0,-4938000,-0.487,44000,52000,14169000,22763750,4067000,1368000,0,1368000,10593000,4901000,5692000,18318006,1222000,0,2885000,-1065000,0,5320000,-535000,0,-3439000,-124000,-21275000,-21275000,-21275000,0,-29000,-2.098,15667000,-20605000,1326000,0.0,1.579,-0.861,-0.859,8813000,0,6.23,1.807,1.803,900000,-167179000,10140000,10140000,2026000,-0.694,-1.049,-0.932,-2.093,382000,4767000,1.0,2940290,2934000,2934000,3.456,22191000,0,0,0,7.427,6736000
LEDS,MRY,2017-12-31,2017-08-31,2017-08-31,2018-04-13,3701000,17670000,19231750,8044000,9626000,0.479,2.206,-26000,3582000,3582000,9132000,-4104000,1.078,1.26,2726000,335000,2391000,2726000,0,1096000,0,0.0,0.0,-4057000,-2961000,-0.321,-2961000,-4057000,-4091000,-1.16,-1.16,-1.16,7817000,9418750,7817000,5777533,-1,-1.951,-2135000,-0.602,1.0,82000,0.009,104000,34000,9248000,11505250,2946000,992000,0,992000,9853000,7462000,2391000,6095533,-2448000,0,0,-323000,0,-369000,31000,59000,-2109000,-1000,-4091000,-4091000,-4091000,0,-13000,-0.444,4410000,-4328000,1145000,0.0,0.78,-1.49,-1.483,8275000,0,1.72,0.662,0.662,1111000,-171270000,9214000,9214000,851000,-0.213,-0.434,-0.353,-0.44,25000,3708000,1.0,3543915,3544000,3544000,2.6,17566000,0,0,0,4.957,582000
