ticker,dimension,calendardate,datekey,reportperiod,lastupdated,accoci,assets,assetsavg,assetsc,assetsnc,assetturnover,bvps,capex,cashneq,cashnequsd,cor,consolinc,currentratio,de,debt,debtc,debtnc,debtusd,deferredrev,depamor,deposits,divyield,dps,ebit,ebitda,ebitdamargin,ebitdausd,ebitusd,ebt,eps,epsdil,epsusd,equity,equityavg,equityusd,ev,evebit,evebitda,fcf,fcfps,fxusd,gp,grossmargin,intangibles,intexp,invcap,invcapavg,inventory,investments,investmentsc,investmentsnc,liabilities,liabilitiesc,liabilitiesnc,marketcap,ncf,ncfbus,ncfcommon,ncfdebt,ncfdiv,ncff,ncfi,ncfinv,ncfo,ncfx,netinc,netinccmn,netinccmnusd,netincdis,netincnci,netmargin,opex,opinc,payables,payoutratio,pb,pe,pe1,ppnenet,prefdivis,price,ps,ps1,receivables,retearn,revenue,revenueusd,rnd,roa,roe,roic,ros,sbcomp,sgna,sharefactor,sharesbas,shareswa,shareswadil,sps,tangibles,taxassets,taxexp,taxliabilities,tbvps,workingcapital
LFUS,MRY,2011-12-31,2011-12-31,2011-12-31,2018-05-02,8631000,678424000,679749250,378382000,300042000,0.978,23.263,-17338000,164016000,164016000,408261000,87024000,2.535,0.354,85000000,85000000,0,85000000,0,32252000,0,0.015,0.66,116792000,149044000,0.224,149044000,116792000,115101000,3.96,3.9,3.96,500960000,504563250,500960000,918774066,7,6.164,103412000,4.722,1.0,256694000,0.386,160280000,1691000,289851000,301770750,75575000,28864000,13997000,14867000,177321000,149277000,28044000,989198066,54296000,-17077000,-14056000,10284000,-14508000,-14060000,-48643000,-14228000,120750000,-3751000,87024000,87024000,87024000,0,0,0.131,142790000,113904000,19934000,0.167,1.975,11.367,10.854,118884000,0,42.98,1.488,1.416,92088000,376572000,664955000,664955000,19439000,0.128,0.172,0.387,0.176,1585000,116740000,1.0,23015311,21901000,22255000,30.362,518144000,16086000,28077000,10591000,24.061,229105000
LFUS,MRY,2012-12-31,2012-12-29,2012-12-29,2018-05-02,16548000,777728000,745757250,445465000,332263000,0.896,26.727,-18865000,235404000,235404000,409446000,75332000,2.866,0.324,84000000,84000000,0,84000000,0,31433000,0,0.013,0.76,101753000,133186000,0.199,133186000,101753000,100052000,3.45,3.4,3.45,587415000,560992750,587415000,1288720055,12,9.676,97305000,4.459,1.0,258467000,0.387,182404000,1701000,288500000,302463500,75580000,18993000,0,18993000,190170000,155420000,34750000,1407584055,71388000,-46016000,16367000,-1781000,-16564000,750000,-51692000,13189000,116170000,6160000,75332000,75332000,75332000,0,0,0.113,151597000,106870000,27226000,0.22,2.396,18.685,17.383,120911000,0,59.97,2.107,1.959,100559000,435340000,667913000,667913000,21231000,0.101,0.134,0.336,0.152,4620000,124277000,1.0,23471470,21822000,22098000,30.607,595324000,19980000,24720000,11559000,27.087,290045000
LFUS,MRY,2013-12-31,2013-12-28,2013-12-28,2018-05-02,20417000,1024373000,944733250,565599000,458774000,0.802,30.608,-34777000,305192000,305192000,461621000,88784000,2.71,0.491,219750000,126000000,93750000,219750000,0,34480000,0,0.009,0.84,127152000,161632000,0.213,161632000,127152000,124235000,3.98,3.94,3.98,686773000,641808000,686773000,2011595705,15,12.446,82590000,3.701,1.0,296232000,0.391,284821000,2917000,445372000,404888750,92591000,19172000,6886000,12286000,337457000,208738000,128719000,2076031705,69788000,-144382000,21959000,134941000,-18722000,142232000,-185593000,-6434000,117367000,-4218000,88784000,88784000,88784000,0,0,0.117,166351000,129881000,33872000,0.211,3.023,23.383,23.284,150173000,0,92.67,2.739,2.729,127887000,445059000,757853000,757853000,24415000,0.094,0.138,0.314,0.168,4555000,132657000,1.0,22402414,22315000,22537000,33.962,739552000,15555000,35451000,17745000,32.96,356861000
LFUS,MRY,2014-12-31,2014-12-27,2014-12-27,2018-05-02,-21126000,1070826000,1107301500,554024000,516802000,0.769,32.243,-32156000,297571000,297571000,527567000,98100000,2.71,0.472,195158000,88500000,106658000,195158000,0,41875000,0,0.01,0.94,136549000,178424000,0.209,178424000,136549000,131646000,4.35,4.32,4.35,727522000,724820250,727522000,2119280304,15,11.878,120985000,5.367,1.0,324428000,0.381,299929000,4903000,464018000,467668250,97391000,16358000,4302000,12056000,343161000,204466000,138695000,2221056304,-7621000,-56368000,-222000,-24699000,-21175000,-43253000,-103993000,-15469000,153141000,-13516000,98100000,98100000,98100000,0,0,0.115,190598000,133830000,50793000,0.216,3.053,22.641,22.703,158640000,0,98.76,2.607,2.613,135356000,523302000,851995000,851995000,31122000,0.089,0.135,0.292,0.16,6226000,146975000,1.0,22489432,22543000,22727000,37.794,770897000,22874000,33546000,20121000,34.165,349558000
LFUS,MRY,2015-12-31,2016-01-02,2016-01-02,2018-05-02,-45673000,1065475000,1078914500,583929000,481546000,0.804,33.009,-43917000,328786000,328786000,537365000,80866000,2.767,0.441,170753000,87000000,83753000,170753000,0,41599000,0,0.01,1.08,111039000,152638000,0.176,152638000,111039000,106948000,3.58,3.56,3.58,739109000,743850500,739109000,2258599624,20,14.797,121909000,5.403,1.0,330499000,0.381,281390000,4091000,415004000,453059000,98629000,19376000,4179000,15197000,326223000,211048000,115175000,2386222624,31215000,-4558000,-22102000,-23103000,-24341000,-67655000,-44164000,4311000,165826000,-22792000,80866000,80866000,80866000,0,0,0.093,226342000,104157000,51658000,0.302,3.229,29.508,29.891,162568000,0,107.01,2.75,2.782,142882000,557771000,867864000,867864000,30802000,0.075,0.109,0.245,0.128,8375000,153714000,1.0,22299062,22565000,22719000,38.461,784085000,9843000,26082000,19850000,35.018,372881000
LFUS,MRY,2016-12-31,2016-12-31,2016-12-31,2018-05-02,-74579000,1491194000,1423551250,612081000,879113000,0.742,35.908,-45980000,275124000,275124000,643042000,104488000,3.264,0.83,454142000,6250000,447892000,454142000,0,53137000,0,0.008,1.24,131902000,185039000,0.175,185039000,131902000,123274000,4.63,4.6,4.63,814788000,791583500,814788000,3665663370,27,19.81,134153000,5.947,1.0,413117000,0.391,616571000,8628000,866100000,828495750,114063000,17623000,3690000,13933000,676263000,187541000,488722000,3419701370,-53662000,-471118000,20494000,288147000,-27866000,284196000,-511243000,5855000,180133000,-6748000,104488000,104488000,104488000,0,0,0.099,282473000,130644000,90712000,0.268,4.197,32.728,32.78,217175000,0,151.77,3.238,3.242,176032000,634391000,1056159000,1056159000,42198000,0.073,0.132,0.159,0.125,8566000,206129000,1.0,22532130,22559000,22727000,46.818,874623000,32256000,18786000,15912000,38.545,424540000
LFUS,MRY,2017-12-31,2017-12-30,2017-12-30,2018-05-02,-63668000,1740102000,1652132750,792340000,947762000,0.739,40.83,-64963000,429676000,429676000,715001000,119519000,3.525,0.876,495611000,6250000,489361000,495611000,0,63011000,0,0.007,1.4,217417000,280428000,0.23,280428000,217417000,204037000,5.27,5.21,5.27,927419000,902858250,927419000,4621980622,21,16.482,204207000,9.001,1.0,506533000,0.415,657264000,13380000,923979000,929997250,140789000,11028000,35000,10993000,812546000,224794000,587752000,4493161622,154552000,-38512000,-2373000,9462000,-31770000,-24681000,-96137000,7338000,269170000,6200000,119519000,119519000,119519000,0,0,0.098,288022000,218511000,101844000,0.266,4.845,37.594,37.537,250577000,0,197.82,3.678,3.674,182699000,722140000,1221534000,1221534000,50489000,0.072,0.132,0.234,0.178,16315000,212833000,1.0,22713384,22687000,22931000,53.843,1082838000,13547000,84518000,33354000,47.673,567546000
