ticker,dimension,calendardate,datekey,reportperiod,lastupdated,accoci,assets,assetsavg,assetsc,assetsnc,assetturnover,bvps,capex,cashneq,cashnequsd,cor,consolinc,currentratio,de,debt,debtc,debtnc,debtusd,deferredrev,depamor,deposits,divyield,dps,ebit,ebitda,ebitdamargin,ebitdausd,ebitusd,ebt,eps,epsdil,epsusd,equity,equityavg,equityusd,ev,evebit,evebitda,fcf,fcfps,fxusd,gp,grossmargin,intangibles,intexp,invcap,invcapavg,inventory,investments,investmentsc,investmentsnc,liabilities,liabilitiesc,liabilitiesnc,marketcap,ncf,ncfbus,ncfcommon,ncfdebt,ncfdiv,ncff,ncfi,ncfinv,ncfo,ncfx,netinc,netinccmn,netinccmnusd,netincdis,netincnci,netmargin,opex,opinc,payables,payoutratio,pb,pe,pe1,ppnenet,prefdivis,price,ps,ps1,receivables,retearn,revenue,revenueusd,rnd,roa,roe,roic,ros,sbcomp,sgna,sharefactor,sharesbas,shareswa,shareswadil,sps,tangibles,taxassets,taxexp,taxliabilities,tbvps,workingcapital
LIVE,MRY,2011-12-31,2011-09-30,2011-09-30,2018-05-17,0,2808629,3832127,1012649,1795980,1.066,2.198,-1551,244470,244470,3606143,-5502248,0.491,2.764,1036992,1036992,0,1036992,0,563826,0,0.082,0.264,-5433025,-4869199,-1.192,-4869199,-5433025,-5502248,-16.58,-16.58,-16.58,746134,2050711,746134,1560455,0,-0.32,-4322579,-13.017,1.0,477269,0.117,1222334,69223,316322,348016,0,0,0,0,2062495,2062495,0,1106227,-2982904,0,300000,938382,0,1238382,99742,101293,-4321028,0,-5502248,-5502248,-5502248,118355,0,-1.347,5779003,-5301734,600908,-0.016,1.483,-0.201,-0.193,171201,0,3.2,0.271,0.26,1026294,-20007589,4083412,4083412,0,-1.436,-2.683,-15.611,-1.331,56116,5779003,1.0,345674,332083,332083,12.296,1586295,0,0,0,4.674,-1049846
LIVE,MRY,2012-12-31,2012-09-30,2012-09-30,2018-05-17,0,4256721,4328922,1798247,2458474,0.709,2.735,-530677,1305785,1305785,715457,-1575208,1.26,0.505,0,0,0,0,0,259975,0,0.0,0.0,-964723,-704748,-0.23,-704748,-964723,-1575208,-1.52,-1.52,-1.52,2829254,2653840,2829254,10979004,-11,-15.579,-501693,-0.485,1.0,2355046,0.767,1997671,610485,-474202,-154847,0,0,0,0,1427467,1427467,0,12584395,1061315,0,2350000,-786992,0,1563008,-530677,0,28984,0,-1575208,-1575208,-1575208,-12433,0,-0.513,3302312,-947266,1017363,0.0,4.448,-7.989,-6.803,50526,0,10.34,4.098,3.483,814418,-21584715,3070503,3070503,0,-0.364,-0.594,6.23,-0.314,16942,3302312,1.0,1217059,1034414,1034414,2.968,2259050,0,0,0,2.184,370780
LIVE,MRY,2013-12-31,2013-09-30,2013-09-30,2018-05-17,0,3993250,4099207,1003485,2989765,0.574,2.024,-141478,761458,761458,916331,-5747014,1.219,0.26,0,0,0,0,0,264112,0,0.0,0.0,-2455983,-2191871,-0.932,-2191871,-2455983,-5747014,-3.66,-3.66,-3.66,3169733,3016519,3169733,11042700,-4,-5.038,-1946487,-1.243,1.0,1435537,0.61,2848401,3291031,-440126,-249700,0,0,0,0,823517,823517,0,12076357,-544327,0,152160,1250000,0,1402160,-141478,0,-1805009,0,-5747014,-5747014,-5747014,-2708,0,-2.444,4173631,-2738094,524053,0.0,3.81,-2.101,-1.877,71162,0,6.87,5.135,4.574,219540,-27333647,2351868,2351868,0,-1.402,-1.905,9.836,-1.044,173073,4173631,1.0,1757839,1565710,1565710,1.502,1144849,0,0,0,0.731,179968
LIVE,MRY,2014-12-31,2014-09-30,2014-09-30,2018-05-17,0,18289446,12931763,13830057,4459389,0.562,5.474,-99073,8114682,8114682,5226637,-4661381,3.192,0.4,1559329,920360,638969,1559329,0,490256,0,0.0,0.0,-4202447,-3712191,-0.511,-3712191,-4202447,-4661381,-2.1,-2.1,-2.1,13066620,10542542,13066620,32971625,-7,-8.882,-5293727,-2.416,1.0,2038639,0.281,4241114,458934,3160122,1084371,4277145,0,0,0,5222826,4332857,889969,42841797,7353224,-1259483,13681054,241247,0,13905034,-1357156,0,-5194654,0,-4661381,-4661381,-4661381,0,0,-0.642,6537923,-4499284,2282887,0.0,3.279,-9.191,-8.514,153114,0,17.88,5.897,5.391,854583,-31996953,7265276,7265276,0,-0.36,-0.442,-3.875,-0.578,167985,6537923,1.0,2396073,2190708,2190708,3.316,14048332,0,0,0,5.885,9497200
LIVE,MRY,2015-12-31,2015-09-30,2015-09-30,2018-05-17,0,40664356,22738110,25829435,14834921,1.468,2.403,-63257,2727818,2727818,22115472,-14712285,2.345,5.131,22507051,1443036,21064015,22507051,0,1047752,0,0.0,0.0,-9804468,-8756716,-0.262,-8756716,-9804468,-14290129,-5.58,-5.58,-5.58,6313716,10515205,6313716,22497043,-2,-2.569,-1080658,-0.411,1.0,11254394,0.337,2316930,4485661,47109878,12683557,13335598,0,0,0,32396796,11016781,21380015,28394281,-5386864,-5503056,538441,-539674,0,1196850,-5566313,0,-1017401,0,-14666129,-14666129,-14666129,0,-46156,-0.44,21390661,-10136267,5536796,0.0,4.497,-1.936,-1.806,12481901,0,10.08,0.851,0.794,8243992,-46665003,33369866,33369866,0,-0.645,-1.395,-0.773,-0.294,767215,17677189,1.0,2816893,2627636,2627636,12.7,38347426,0,376000,376000,14.594,14812654
LIVE,MRY,2016-12-31,2016-09-30,2016-09-30,2018-05-17,0,53467400,46177123,25218762,28248638,1.71,8.578,-2539683,770895,770895,58979377,17954051,1.826,1.21,17472162,2011880,15460282,17472162,0,3125311,0,0.0,0.0,6282560,9407871,0.119,9407871,6282560,2262013,6.33,5.4,6.33,24195812,14996344,24195812,49588552,7,5.271,5338950,1.897,1.0,19974870,0.253,1689790,4020547,54667571,49883747,11053085,0,0,0,29271588,13811306,15460282,31967049,-1956923,0,-300027,-4993929,0,-7295873,-2539683,0,7878633,0,17829857,17829857,17829857,0,124194,0.226,17656621,2318249,5402654,0.0,1.321,1.793,1.81,14014501,0,11.46,0.405,0.409,7602764,-35075579,78954247,78954247,0,0.386,1.189,0.126,0.08,256146,17656621,1.0,2789445,2815072,3303698,28.047,51777610,12524582,-15567844,0,18.356,11407456
LIVE,MRY,2017-12-31,2017-09-30,2017-09-30,2018-05-17,0,128594595,124030801,55547156,73047439,1.226,17.035,-6255060,3972539,3972539,89494297,6501780,0.836,2.829,77447807,48877536,28570271,77447807,0,5025548,0,0.0,0.0,18180584,23206132,0.153,23206132,18180584,10583599,2.94,1.61,2.94,33584308,31532267,33584308,98605708,5,4.249,1619272,0.733,1.0,62566635,0.411,41152049,7596985,94477798,112557856,34501801,0,0,0,95010287,66440016,28570271,24929121,3201644,-47381108,-699557,49759972,0,49059456,-53732144,0,7874332,0,6501780,6501780,6501780,0,0,0.043,44467258,18099377,8224057,0.0,0.742,3.834,4.218,22817860,0,12.4,0.164,0.18,10636925,-28575716,152060932,152060932,0,0.052,0.206,0.162,0.12,203690,44467258,1.0,2010413,2210104,4047696,68.803,87442546,9000010,4081819,351689,44.354,-10892860
