ticker,dimension,calendardate,datekey,reportperiod,lastupdated,accoci,assets,assetsavg,assetsc,assetsnc,assetturnover,bvps,capex,cashneq,cashnequsd,cor,consolinc,currentratio,de,debt,debtc,debtnc,debtusd,deferredrev,depamor,deposits,divyield,dps,ebit,ebitda,ebitdamargin,ebitdausd,ebitusd,ebt,eps,epsdil,epsusd,equity,equityavg,equityusd,ev,evebit,evebitda,fcf,fcfps,fxusd,gp,grossmargin,intangibles,intexp,invcap,invcapavg,inventory,investments,investmentsc,investmentsnc,liabilities,liabilitiesc,liabilitiesnc,marketcap,ncf,ncfbus,ncfcommon,ncfdebt,ncfdiv,ncff,ncfi,ncfinv,ncfo,ncfx,netinc,netinccmn,netinccmnusd,netincdis,netincnci,netmargin,opex,opinc,payables,payoutratio,pb,pe,pe1,ppnenet,prefdivis,price,ps,ps1,receivables,retearn,revenue,revenueusd,rnd,roa,roe,roic,ros,sbcomp,sgna,sharefactor,sharesbas,shareswa,shareswadil,sps,tangibles,taxassets,taxexp,taxliabilities,tbvps,workingcapital
LMNR,MRY,2011-12-31,2011-10-31,2011-10-31,2018-03-08,-903000,159028000,160741500,6452000,152576000,0.327,4.644,-6359000,21000,21000,40961000,1598000,0.95,2.055,82871000,736000,82135000,82871000,0,2207000,0,0.007,0.125,3565000,5772000,0.11,5772000,3565000,2305000,0.12,0.12,0.12,52052000,50062500,52052000,280131931,78,48.533,-359000,-0.032,1.0,11534000,0.22,0,1260000,235089000,241802750,0,26470000,386000,26084000,106976000,6789000,100187000,194410931,-241000,4713000,-42000,-3067000,-1400000,-4771000,-1470000,142000,6000000,0,1598000,1336000,1336000,0,0,0.025,10524000,1010000,3654000,1.042,3.735,145.517,144.583,121810000,262000,17.35,3.703,3.703,2410000,14980000,52495000,52495000,0,0.008,0.027,0.015,0.068,795000,9328000,1.0,11205241,11205000,11208000,4.685,159028000,1324000,707000,10160000,14.189,-337000
LMNR,MRY,2012-12-31,2012-10-31,2012-10-31,2018-03-08,-2522000,172622000,171762250,9387000,163235000,0.383,4.703,-10263000,11000,11000,50755000,3150000,0.809,2.275,90707000,1832000,88875000,90707000,0,2131000,0,0.006,0.131,5636000,7767000,0.118,7767000,5636000,5128000,0.26,0.26,0.26,52702000,52283750,52702000,338980387,60,43.644,-3739000,-0.334,1.0,15073000,0.229,0,508000,251714000,250100500,0,27002000,42000,26960000,119920000,11604000,108316000,251729387,-10000,-1114000,-6000,6673000,-1470000,4739000,-11273000,107000,6524000,0,3150000,2888000,2888000,0,0,0.044,10517000,4556000,5755000,0.504,4.776,87.164,86.423,131152000,262000,22.47,3.824,3.824,4252000,16398000,65828000,65828000,0,0.017,0.055,0.023,0.086,947000,10517000,1.0,11202910,11202000,11202000,5.876,172622000,712000,1978000,10488000,15.406,-2217000
LMNR,MRY,2013-12-31,2013-10-31,2013-10-31,2018-03-08,255000,209914000,185987500,13597000,196317000,0.456,7.869,-10803000,82000,82000,67541000,4906000,0.927,0.922,62132000,569000,61563000,62132000,0,2403000,0,0.006,0.15,8265000,10668000,0.126,10668000,8265000,8141000,0.36,0.36,0.36,107653000,84965750,107653000,398411208,48,37.346,-5134000,-0.402,1.0,17343000,0.204,0,124000,257289000,238723250,0,18686000,0,18686000,99261000,14675000,84586000,350606208,71000,-919000,35897000,-27526000,-1944000,5929000,-11527000,225000,5669000,0,4906000,4644000,4644000,0,0,0.055,11945000,5398000,7109000,0.417,3.257,75.497,73.167,169629000,262000,26.34,4.13,3.964,6419000,19098000,84884000,84884000,0,0.025,0.055,0.035,0.097,753000,11850000,1.0,13310790,12775000,12775000,6.645,209914000,0,3235000,18540000,15.343,-1078000
LMNR,MRY,2014-12-31,2014-10-31,2014-10-31,2018-03-08,5111000,246887000,229362000,14820000,232067000,0.451,8.406,-25866000,92000,92000,78798000,6991000,0.701,0.982,68354000,583000,67771000,68354000,0,3516000,0,0.006,0.165,10564000,14080000,0.136,14080000,10564000,10564000,0.46,0.46,0.46,118329000,115415500,118329000,413293455,39,29.353,-9774000,-0.695,1.0,24664000,0.238,0,0,294016000,273354500,0,29992000,0,29992000,116227000,21133000,95094000,361243455,10000,-999000,0,6116000,-2321000,12541000,-28623000,-1758000,16092000,0,6991000,6531000,6531000,0,0,0.063,14771000,9893000,12202000,0.359,3.053,55.312,55.783,193961000,460000,25.66,3.492,3.486,7236000,23308000,103462000,103462000,0,0.028,0.057,0.039,0.102,1116000,14336000,1.0,14078077,14055000,14055000,7.361,246887000,1143000,3573000,21041000,17.54,-6313000
LMNR,MRY,2015-12-31,2015-10-31,2015-10-31,2018-03-08,3156000,269370000,264808000,13762000,255608000,0.379,8.582,-34643000,39000,39000,81956000,7082000,0.7,1.12,89668000,589000,89079000,89668000,0,4184000,0,0.011,0.18,11204000,15388000,0.153,15388000,11204000,11056000,0.46,0.46,0.46,121272000,119912500,121272000,308851243,27,20.071,-26948000,-1.909,1.0,18355000,0.183,0,148000,339327000,331803500,0,21555000,0,21555000,135817000,19672000,116145000,224083243,-53000,8845000,0,21470000,-2539000,18059000,-25807000,-9000,7695000,0,7082000,6447000,6447000,0,0,0.064,13772000,4583000,12452000,0.391,1.848,34.758,34.478,225018000,635000,15.86,2.234,2.232,7420000,27216000,100311000,100311000,0,0.024,0.054,0.034,0.112,1077000,13772000,1.0,14128830,14119000,14119000,7.105,269370000,0,3974000,19425000,19.062,-5910000
LMNR,MRY,2016-12-31,2016-10-31,2016-10-31,2018-03-08,2703000,305448000,299835250,18499000,286949000,0.373,8.923,-31350000,38000,38000,89282000,8058000,0.779,1.318,90672000,2508000,88164000,90672000,0,5339000,0,0.01,0.2,14734000,20073000,0.18,20073000,14734000,13325000,0.52,0.52,0.52,126498000,122844250,126498000,368659269,25,18.366,-17046000,-1.203,1.0,22507000,0.201,0,1409000,372331000,373926750,0,23999000,0,23999000,166719000,23751000,142968000,279169269,-1000,21723000,0,955000,-2834000,-2783000,-11522000,-2890000,14304000,0,8058000,7430000,7430000,0,0,0.066,13319000,9188000,14132000,0.385,2.207,37.573,37.865,254232000,628000,19.69,2.497,2.495,9298000,31812000,111789000,111789000,0,0.025,0.06,0.039,0.132,1309000,13319000,1.0,14178226,14168000,14168000,7.89,305448000,2810000,5267000,25328000,21.545,-5252000
LMNR,MRY,2017-12-31,2017-10-31,2017-10-31,2018-03-08,7076000,339031000,328261750,23120000,315911000,0.37,9.459,-12901000,492000,492000,95379000,6549000,0.979,1.405,105113000,3030000,102083000,105113000,0,6467000,0,0.009,0.22,12450000,18917000,0.156,18917000,12450000,10672000,0.42,0.42,0.42,136206000,131899000,136206000,435108473,34,23.001,5581000,0.39,1.0,25930000,0.214,0,1778000,420038000,409077000,0,36171000,0,36171000,191428000,23614000,167814000,336357473,454000,-6065000,0,12389000,-3155000,8380000,-26416000,-7450000,18482000,8000,6595000,6035000,6035000,0,-46000,0.05,14067000,11863000,15139000,0.524,2.469,55.734,55.595,269307000,560000,23.35,2.773,2.755,10953000,34692000,121309000,121309000,0,0.018,0.046,0.03,0.103,1328000,13947000,1.0,14405031,14315000,14315000,8.474,339031000,570000,4077000,31415000,23.545,-494000
