ticker,dimension,calendardate,datekey,reportperiod,lastupdated,accoci,assets,assetsavg,assetsc,assetsnc,assetturnover,bvps,capex,cashneq,cashnequsd,cor,consolinc,currentratio,de,debt,debtc,debtnc,debtusd,deferredrev,depamor,deposits,divyield,dps,ebit,ebitda,ebitdamargin,ebitdausd,ebitusd,ebt,eps,epsdil,epsusd,equity,equityavg,equityusd,ev,evebit,evebitda,fcf,fcfps,fxusd,gp,grossmargin,intangibles,intexp,invcap,invcapavg,inventory,investments,investmentsc,investmentsnc,liabilities,liabilitiesc,liabilitiesnc,marketcap,ncf,ncfbus,ncfcommon,ncfdebt,ncfdiv,ncff,ncfi,ncfinv,ncfo,ncfx,netinc,netinccmn,netinccmnusd,netincdis,netincnci,netmargin,opex,opinc,payables,payoutratio,pb,pe,pe1,ppnenet,prefdivis,price,ps,ps1,receivables,retearn,revenue,revenueusd,rnd,roa,roe,roic,ros,sbcomp,sgna,sharefactor,sharesbas,shareswa,shareswadil,sps,tangibles,taxassets,taxexp,taxliabilities,tbvps,workingcapital
LNCE,MRY,2011-12-31,2011-12-31,2011-12-31,2018-03-01,13719000,1466790000,1476350000,388028000,1078762000,1.107,12.333,-53375000,20841000,20841000,1065107000,38741000,2.501,0.751,258195000,4256000,253939000,258195000,0,55337000,0,0.028,0.64,69922000,125259000,0.077,125259000,69922000,59362000,0.57,0.56,0.57,836111000,831000250,836111000,1793037095,25,14.315,58153000,0.863,1.0,569929000,0.349,743915000,10560000,805083000,757779000,106261000,0,0,0,628199000,155146000,473053000,1525234095,-7036000,-4518000,8142000,-27211000,-42918000,-65719000,-52721000,960000,111528000,-124000,38258000,38258000,38258000,0,483000,0.023,507971000,61958000,52930000,1.123,1.824,39.867,39.474,313043000,0,22.5,0.933,0.928,143238000,35539000,1635036000,1635036000,0,0.026,0.046,0.092,0.043,2535000,495267000,1.0,67788182,67400000,68478000,24.259,722875000,39161000,21104000,196244000,10.663,232882000
LNCE,MRY,2012-12-31,2012-12-29,2012-12-29,2018-03-01,15118000,1746732000,1503245500,320733000,1425999000,0.907,12.652,-70980000,9276000,9276000,872316000,59510000,2.074,1.006,535049000,20462000,514587000,535049000,0,53764000,0,0.027,0.64,102491000,156255000,0.115,156255000,102491000,93004000,0.86,0.85,0.86,869504000,860932250,869504000,1813702584,17,11.607,21788000,0.319,1.0,490595000,0.36,1072124000,9487000,1045758000,819005000,118256000,0,0,0,874557000,154623000,719934000,1626604584,-11565000,-278808000,9375000,275866000,-44011000,243848000,-348344000,1444000,92768000,163000,59085000,59085000,59085000,0,425000,0.043,425026000,65569000,52753000,0.744,1.871,27.53,27.535,331385000,0,23.68,1.193,1.188,141862000,50847000,1362911000,1362911000,0,0.039,0.069,0.125,0.075,4693000,415610000,1.0,68691072,68382000,69215000,19.931,674608000,11625000,33919000,177300000,9.816,166110000
LNCE,MRY,2013-12-31,2013-12-28,2013-12-28,2018-03-01,10171000,1769560000,1775299500,336266000,1433294000,0.847,13.162,-65131000,14080000,14080000,963073000,79084000,2.3,0.927,497373000,17291000,480082000,497373000,0,59631000,0,0.022,0.64,125425000,185056000,0.123,185056000,125425000,111017000,1.13,1.12,1.13,918730000,897602500,918730000,2543968699,20,13.747,75605000,1.09,1.0,541259000,0.36,938925000,14408000,1167724000,1109778000,100447000,0,0,0,851660000,146204000,705456000,2015876699,4804000,-2078000,9006000,-36635000,-44892000,-71021000,-64911000,2298000,140736000,0,78720000,78720000,78720000,0,364000,0.052,449070000,92189000,45966000,0.566,2.194,25.608,25.531,312527000,0,28.85,1.34,1.331,121599000,85146000,1504332000,1504332000,0,0.044,0.088,0.113,0.083,5944000,447170000,1.0,69874409,69383000,70158000,21.682,830635000,24485000,32297000,190393000,11.9,190062000
LNCE,MRY,2014-12-31,2015-01-03,2015-01-03,2018-03-01,-1007000,1850199000,1867219750,315962000,1534237000,0.868,15.168,-69934000,36339000,36339000,1042458000,192533000,2.242,0.715,446937000,8561000,438376000,446937000,0,65164000,0,0.021,0.64,238224000,303388000,0.187,303388000,238224000,224882000,2.74,2.72,2.74,1067404000,993522000,1067404000,2443756618,10,8.055,-56909000,-0.811,1.0,578462000,0.357,1086751000,13342000,1033120000,1160907750,116236000,0,0,0,763491000,140926000,622565000,2106033618,21293000,168735000,5485000,-52228000,-44925000,-90767000,99035000,234000,13025000,0,192591000,192591000,192591000,0,-58000,0.119,491579000,86883000,57407000,0.234,1.973,10.935,10.938,423612000,0,29.97,1.299,1.298,126093000,232812000,1620920000,1620920000,0,0.103,0.194,0.205,0.147,6529000,478532000,1.0,70271392,70200000,70890000,23.09,763448000,4175000,32291000,155404000,10.848,175036000
LNCE,MRY,2015-12-31,2016-01-02,2016-01-02,2018-03-01,-630000,1810704000,1859942500,321613000,1489091000,0.891,15.37,-49692000,40071000,40071000,1077110000,50718000,2.229,0.646,380842000,8541000,372301000,380842000,0,70379000,0,0.019,0.64,90423000,160802000,0.097,160802000,90423000,79570000,0.72,0.71,0.72,1088250000,1080339500,1088250000,2803881839,31,17.437,96462000,1.362,1.0,579289000,0.35,1067777000,10853000,939438000,1026813000,110994000,0,0,0,703117000,144260000,558857000,2428631839,3732000,4840000,7026000,-62565000,-45183000,-98396000,-44026000,826000,146154000,0,50685000,50685000,50685000,0,33000,0.031,488657000,90632000,54207000,0.889,2.232,47.916,47.639,401465000,0,34.3,1.466,1.466,131339000,238314000,1656399000,1656399000,0,0.027,0.047,0.088,0.055,5616000,464534000,1.0,70805593,70805593,,23.394,742927000,2321000,28885000,157591000,10.492,177353000
LNCE,MRY,2016-12-31,2016-12-31,2016-12-31,2018-03-01,-17977000,3834076000,3914546500,591857000,3242219000,0.539,19.308,-71852000,36123000,36123000,1345437000,14703000,2.003,1.055,1294959000,49000000,1245959000,1294959000,0,99251000,0,0.017,0.64,72818000,172069000,0.082,172069000,72818000,40205000,0.17,0.16,0.17,1856633000,1863028500,1856633000,5010956458,68,29.122,195517000,2.033,1.0,763790000,0.362,2692162000,32613000,2105197000,2125585500,173456000,0,0,0,1958406000,295553000,1662853000,3686816458,-3948000,-1045261000,-234000,903746000,-57584000,846838000,-1117113000,0,267369000,-1042000,14885000,14885000,14885000,0,-182000,0.007,659141000,104649000,99249000,3.765,1.986,247.687,225.529,501884000,0,38.34,1.748,1.748,329300000,195733000,2109227000,2109227000,0,0.004,0.008,0.034,0.035,26648000,593957000,1.0,96161097,96161097,,21.934,1141914000,5744000,25320000,378236000,11.875,296304000
LNCE,MRY,2017-12-31,2017-12-30,2017-12-30,2018-03-01,2097000,3618337000,3668802500,483391000,3134946000,0.607,20.547,-68885000,19149000,19149000,1426666000,149343000,1.613,0.797,1074533000,49000000,1025533000,1074533000,0,96911000,0,0.013,0.64,41113000,138024000,0.062,138024000,41113000,2348000,1.53,1.52,1.53,2002401000,1885022500,2002401000,5976567556,145,43.301,127974000,1.313,1.0,800171000,0.359,2583600000,38765000,1790440000,1826212000,189889000,0,0,0,1596048000,299681000,1296367000,4880550556,-16974000,119772000,25278000,-228258000,-61966000,-264946000,50477000,-410000,196859000,636000,148492000,148492000,148492000,0,851000,0.067,761657000,38514000,111971000,0.418,2.437,32.867,32.732,492437000,0,50.08,2.192,2.192,219267000,282259000,2226837000,2226837000,0,0.04,0.079,0.023,0.018,13890000,643865000,1.0,97455083,97455083,,22.85,1034737000,5899000,-146144000,234878000,10.618,183710000
