ticker,dimension,calendardate,datekey,reportperiod,lastupdated,accoci,assets,assetsavg,assetsc,assetsnc,assetturnover,bvps,capex,cashneq,cashnequsd,cor,consolinc,currentratio,de,debt,debtc,debtnc,debtusd,deferredrev,depamor,deposits,divyield,dps,ebit,ebitda,ebitdamargin,ebitdausd,ebitusd,ebt,eps,epsdil,epsusd,equity,equityavg,equityusd,ev,evebit,evebitda,fcf,fcfps,fxusd,gp,grossmargin,intangibles,intexp,invcap,invcapavg,inventory,investments,investmentsc,investmentsnc,liabilities,liabilitiesc,liabilitiesnc,marketcap,ncf,ncfbus,ncfcommon,ncfdebt,ncfdiv,ncff,ncfi,ncfinv,ncfo,ncfx,netinc,netinccmn,netinccmnusd,netincdis,netincnci,netmargin,opex,opinc,payables,payoutratio,pb,pe,pe1,ppnenet,prefdivis,price,ps,ps1,receivables,retearn,revenue,revenueusd,rnd,roa,roe,roic,ros,sbcomp,sgna,sharefactor,sharesbas,shareswa,shareswadil,sps,tangibles,taxassets,taxexp,taxliabilities,tbvps,workingcapital
LNDC,MRY,2011-12-31,2011-05-29,2011-05-29,2018-04-05,-267000,206312000,206936500,85626000,120686000,1.337,5.155,-6684000,8135000,8135000,230034000,4261000,2.79,0.504,19830000,4330000,15500000,19830000,2657000,5313000,0,0.0,0.0,8921000,14234000,0.051,14234000,8921000,8101000,0.15,0.15,0.15,136055000,136515500,136055000,167983688,18,11.802,7785000,0.295,1.0,46695000,0.169,52256000,820000,135056000,134592000,20161000,44579000,28124000,16455000,68586000,30695000,37891000,153832688,-19682000,0,-1058000,-3940000,0,-4764000,-29387000,-22703000,14469000,0,3920000,3920000,3920000,0,341000,0.014,38663000,8032000,17047000,0.0,1.131,39.243,38.867,51779000,0,5.83,0.556,0.556,22106000,17126000,276729000,276729000,9275000,0.019,0.029,0.066,0.032,1187000,24608000,1.0,26386396,26397000,26626000,10.483,154056000,1113000,4181000,11338000,5.837,54931000
LNDC,MRY,2012-12-31,2012-05-27,2012-05-27,2018-04-05,0,277692000,226884250,81163000,196529000,1.4,5.858,-5371000,22177000,22177000,265414000,13099000,1.217,0.842,58983000,18678000,40305000,58983000,162000,5621000,0,0.0,0.0,20810000,26431000,0.083,26431000,20810000,19881000,0.49,0.49,0.49,149742000,144485750,149742000,184590055,8,6.984,16810000,0.65,1.0,52138000,0.164,108605000,929000,139209000,131185750,22011000,22293000,0,22293000,126134000,66684000,59450000,180624055,14042000,-66826000,-4945000,39153000,0,35934000,-44073000,28124000,22181000,0,12696000,12696000,12696000,0,403000,0.04,37561000,14577000,23420000,0.0,1.206,14.227,14.429,63495000,0,7.07,0.569,0.576,32274000,29822000,317552000,317552000,9625000,0.056,0.088,0.159,0.066,-2185000,26515000,1.0,25547957,25849000,26126000,12.285,169087000,2123000,7185000,18037000,6.614,14479000
LNDC,MRY,2013-12-31,2013-05-26,2013-05-26,2018-04-05,0,290942000,280727250,85660000,205282000,1.573,6.856,-8877000,13718000,13718000,378948000,22812000,1.688,0.619,44305000,9933000,34372000,44305000,1248000,7295000,0,0.0,0.0,34047000,41342000,0.094,41342000,34047000,32039000,0.87,0.85,0.87,178693000,168234750,178693000,396798238,11,9.598,12353000,0.478,1.0,62760000,0.142,107654000,2008000,163122000,161476000,24113000,31938000,1545000,30393000,110528000,50753000,59775000,359900238,-8459000,0,3416000,-14678000,0,-19267000,-10422000,-1545000,21230000,0,22587000,22587000,22587000,0,225000,0.051,37892000,24868000,32256000,0.0,2.014,15.934,15.954,65811000,0,13.88,0.815,0.812,36743000,52409000,441708000,441708000,9294000,0.08,0.134,0.211,0.077,393000,32531000,1.0,25929412,25830000,26626000,17.101,183288000,6685000,9452000,24054000,7.032,34907000
LNDC,MRY,2014-12-31,2014-05-25,2014-05-25,2018-04-05,0,313623000,303373250,90929000,222694000,1.572,7.58,-14886000,14243000,14243000,414249000,19342000,1.879,0.536,34372000,6055000,28317000,34372000,1254000,7114000,0,0.0,0.0,31378000,38492000,0.081,38492000,31378000,29728000,0.72,0.71,0.72,203069000,193361750,203069000,344424078,10,8.948,6159000,0.231,1.0,62564000,0.131,106768000,1650000,178593000,175505000,24735000,40393000,0,40393000,108862000,48391000,60471000,321631078,525000,0,2298000,-9933000,0,-7179000,-13341000,1545000,21045000,0,19145000,19145000,19145000,0,197000,0.04,42374000,20190000,32115000,0.0,1.584,16.8,16.681,74140000,0,12.01,0.675,0.671,44725000,71554000,476813000,476813000,7204000,0.063,0.099,0.179,0.066,-566000,35170000,1.0,26780273,26628000,27120000,17.906,206855000,4056000,10583000,30133000,7.721,42538000
LNDC,MRY,2015-12-31,2015-05-31,2015-05-31,2018-04-05,0,346465000,338451250,93202000,253263000,1.593,8.106,-16440000,14127000,14127000,473850000,13725000,1.66,0.578,42519000,8353000,34166000,42519000,843000,7090000,0,0.0,0.0,23119000,30209000,0.056,30209000,23119000,21290000,0.5,0.5,0.5,218432000,211898250,218432000,419175260,18,13.876,10178000,0.379,1.0,65407000,0.121,105883000,1829000,212815000,209408500,25027000,61500000,0,61500000,126356000,56159000,70197000,385078260,-116000,0,122000,8147000,0,7706000,-34440000,-18000000,26618000,0,13544000,13544000,13544000,0,181000,0.025,46946000,18461000,35009000,0.0,1.763,28.432,28.58,84465000,0,14.29,0.714,0.712,46479000,85098000,539257000,539257000,6988000,0.04,0.064,0.11,0.043,1577000,39958000,1.0,26947394,26884000,27336000,20.059,240582000,2111000,7746000,34340000,8.928,37043000
LNDC,MRY,2016-12-31,2016-05-29,2016-05-29,2018-04-05,0,342653000,343755000,86303000,256350000,1.574,7.777,-40740000,9894000,9894000,470142000,-11448000,1.532,0.618,61149000,11373000,49776000,61149000,832000,9395000,0,0.0,0.0,-17058000,-7663000,-0.014,-7663000,-17058000,-19045000,-0.43,-0.43,-0.43,210728000,215807250,210728000,362909364,-21,-47.359,-18806000,-0.695,1.0,70957000,0.131,71016000,1987000,266551000,246660000,25535000,62700000,0,62700000,130303000,56341000,73962000,310259364,-4233000,0,322000,15596000,0,15423000,-41590000,-850000,21934000,0,-11641000,-11641000,-11641000,0,193000,-0.022,90743000,-19786000,30904000,0.0,1.472,-26.652,-26.651,120880000,0,11.46,0.573,0.573,46406000,73457000,541099000,541099000,7228000,-0.034,-0.054,-0.069,-0.032,3465000,49515000,1.0,27073243,27044000,27044000,20.008,271637000,0,-7404000,22442000,10.024,29962000
LNDC,MRY,2017-12-31,2017-05-28,2017-05-28,2018-04-05,432000,358608000,347464250,81280000,277328000,1.532,8.286,-22511000,5409000,5409000,449071000,10677000,1.58,0.576,53970000,7940000,46030000,53970000,310000,10677000,0,0.0,0.0,16751000,27428000,0.052,27428000,16751000,14925000,0.39,0.38,0.39,226609000,220631000,226609000,412206693,24,15.029,6816000,0.25,1.0,83186000,0.156,77590000,1826000,278125000,272290750,25290000,63600000,0,63600000,130456000,51454000,79002000,372715693,-4485000,-2500000,706000,-8633000,0,-8801000,-25011000,0,29327000,0,10590000,10590000,10590000,0,87000,0.02,67681000,15505000,25868000,0.0,1.645,35.195,35.0,133220000,0,13.65,0.7,0.7,47083000,84470000,532257000,532257000,9473000,0.03,0.048,0.062,0.031,3964000,55628000,1.0,27305179,27276000,27652000,19.514,281018000,0,4335000,24581000,10.276,29826000
