ticker,dimension,calendardate,datekey,reportperiod,lastupdated,accoci,assets,assetsavg,assetsc,assetsnc,assetturnover,bvps,capex,cashneq,cashnequsd,cor,consolinc,currentratio,de,debt,debtc,debtnc,debtusd,deferredrev,depamor,deposits,divyield,dps,ebit,ebitda,ebitdamargin,ebitdausd,ebitusd,ebt,eps,epsdil,epsusd,equity,equityavg,equityusd,ev,evebit,evebitda,fcf,fcfps,fxusd,gp,grossmargin,intangibles,intexp,invcap,invcapavg,inventory,investments,investmentsc,investmentsnc,liabilities,liabilitiesc,liabilitiesnc,marketcap,ncf,ncfbus,ncfcommon,ncfdebt,ncfdiv,ncff,ncfi,ncfinv,ncfo,ncfx,netinc,netinccmn,netinccmnusd,netincdis,netincnci,netmargin,opex,opinc,payables,payoutratio,pb,pe,pe1,ppnenet,prefdivis,price,ps,ps1,receivables,retearn,revenue,revenueusd,rnd,roa,roe,roic,ros,sbcomp,sgna,sharefactor,sharesbas,shareswa,shareswadil,sps,tangibles,taxassets,taxexp,taxliabilities,tbvps,workingcapital
LOGI,MRY,2011-12-31,2011-03-31,2011-03-31,2018-05-22,-78518000,1861556000,1825105250,1076386000,785170000,1.297,6.742,-40351000,477931000,477931000,1527655000,131173000,2.287,0.545,0,0,0,0,0,48191000,0,0.0,0.0,148845000,197036000,0.083,197036000,148845000,151161000,0.74,0.73,0.74,1205001000,1125499250,1205001000,2767967650,18,14.048,116391000,0.658,1.0,839110000,0.355,621800000,-2316000,291105000,266172000,280814000,0,0,0,656555000,470720000,185835000,3228693650,157987000,1787000,43001000,0,0,46233000,-39861000,-12605000,156742000,-5127000,131173000,131173000,131173000,0,0,0.055,693392000,145718000,298160000,0.0,2.679,24.614,24.5,84160000,0,18.13,1.364,1.355,258294000,1514168000,2366765000,2366765000,156770000,0.072,0.117,0.559,0.063,31391000,536622000,1.0,178085695,176928000,178790000,13.377,1239756000,0,19988000,0,6.937,605666000
LOGI,MRY,2012-12-31,2012-03-31,2012-03-31,2018-05-22,-95929000,1849098000,1899141000,1066079000,783019000,1.22,6.627,-45232000,478370000,478370000,1508670000,104237000,2.144,0.648,0,0,0,0,0,52277000,0,0.0,0.0,121653000,173930000,0.075,173930000,121653000,124327000,0.6,0.59,0.6,1122232000,1165604000,1122232000,821943561,6,4.726,157302000,0.901,1.0,807533000,0.349,612497000,-2674000,260989000,282565000,297072000,0,0,0,726866000,497242000,229624000,1345276561,439000,-18814000,-138445000,0,0,-139374000,-57602000,6444000,202534000,-5119000,104237000,104237000,104237000,0,0,0.045,693535000,113998000,301111000,0.0,1.199,12.906,13.0,94884000,0,7.8,0.581,0.588,223104000,1528620000,2316203000,2316203000,162159000,0.055,0.089,0.431,0.053,31492000,531376000,1.0,172471354,174648000,175591000,13.262,1236601000,0,20090000,0,7.302,568837000
LOGI,MRY,2013-12-31,2013-03-31,2013-03-31,2018-05-22,-95129000,1382333000,1566032750,846764000,535569000,1.341,4.549,-54487000,333824000,333824000,1389643000,-227518000,1.834,0.915,0,0,0,0,0,51766000,0,0.121,0.84,-254235000,-202469000,-0.096,-202469000,-254235000,-253328000,-1.44,-1.44,-1.44,721953000,857181750,721953000,779282586,-3,-3.849,67902000,0.428,1.0,709634000,0.338,367381000,-907000,219437000,253157250,262644000,0,0,0,660380000,461691000,198689000,1101281586,-144546000,-4420000,-71830000,0,-133462000,-207641000,-57723000,1184000,122389000,-1571000,-227518000,-227518000,-227518000,0,0,-0.108,961671000,-252037000,265405000,-0.583,1.525,-4.84,-4.84,93721000,0,6.97,0.525,0.526,178959000,966924000,2099277000,2099277000,155012000,-0.145,-0.265,-1.004,-0.121,25172000,546267000,1.0,158003097,158468000,158468000,13.247,1014952000,0,-25810000,98827000,6.394,385073000
LOGI,MRY,2014-12-31,2014-03-31,2014-03-31,2018-05-22,-85802000,1451390000,1459137750,933000000,518390000,1.376,4.954,-46658000,469412000,469412000,1346489000,74304000,2.052,0.805,0,0,0,0,0,48967000,0,0.015,0.23,76048000,125015000,0.062,125015000,76048000,75617000,0.46,0.46,0.46,804128000,749441500,804128000,2026169078,26,16.207,158763000,0.988,1.0,661539000,0.329,355539000,431000,171652000,221836250,222402000,0,0,0,647262000,454787000,192475000,2406034078,135588000,-950000,16914000,0,-36123000,-22681000,-46803000,805000,205421000,-349000,74304000,74304000,74304000,31687000,0,0.037,555843000,105696000,242815000,0.5,2.992,32.381,32.37,88391000,0,14.89,1.198,1.191,182029000,976292000,2008028000,2008028000,112446000,0.051,0.099,0.343,0.038,23300000,435396000,1.0,161587245,160619000,162526000,12.502,1095851000,0,1313000,93126000,6.751,478213000
LOGI,MRY,2015-12-31,2015-03-31,2015-03-31,2018-05-22,-113237000,1426680000,1538611500,1052020000,374660000,1.303,4.613,-45253000,533380000,533380000,1299451000,9283000,2.126,0.882,0,0,0,0,0,49665000,0,0.02,0.267,12740000,62405000,0.031,62405000,12740000,13937000,0.06,0.06,0.06,758134000,839029250,758134000,1643051804,128,26.329,133379000,0.816,1.0,705457000,0.352,218213000,-1197000,180180000,192030750,255980000,0,0,0,668546000,494907000,173639000,2159664804,67626000,-3476000,1397000,0,-43767000,-48854000,-48289000,440000,178632000,-13863000,9283000,9283000,9283000,139146000,0,0.005,551273000,154184000,292797000,4.45,2.849,232.647,219.167,86478000,0,13.15,1.077,1.073,167196000,930174000,2004908000,2004908000,107543000,0.006,0.011,0.066,0.006,22994000,447744000,1.0,164233065,163536000,166174000,12.26,1208467000,0,4654000,72107000,7.353,557113000
LOGI,MRY,2016-12-31,2016-03-31,2016-03-31,2018-05-22,-111985000,1324147000,1440463000,926247000,397900000,1.401,4.673,-56615000,519195000,519195000,1337053000,119317000,2.232,0.742,0,0,0,0,0,52993000,0,0.033,0.52,122427000,175420000,0.087,175420000,122427000,122427000,0.73,0.72,0.73,759948000,733071250,759948000,2087989621,17,11.903,128580000,0.787,1.0,681047000,0.337,218224000,0,171798000,209404000,228786000,0,0,0,564199000,414930000,149269000,2593071621,-17843000,-3814000,-50591000,0,-85915000,-143753000,-60690000,454000,185195000,1405000,119317000,119317000,119317000,9045000,0,0.059,551989000,129058000,241166000,0.712,3.412,21.733,21.795,92860000,0,15.91,1.285,1.287,142778000,963576000,2018100000,2018100000,113176000,0.083,0.163,0.585,0.061,27351000,420027000,1.0,162983760,163296000,165792000,12.359,1105923000,0,3110000,59734000,6.801,511317000
LOGI,MRY,2017-12-31,2017-03-31,2017-03-31,2018-05-22,-100706000,1498677000,1463681750,1027845000,470832000,1.518,5.284,-31804000,547533000,547533000,1401386000,205876000,2.027,0.751,0,0,0,0,0,50488000,0,0.018,0.568,214989000,265477000,0.12,265477000,214989000,214989000,1.27,1.24,1.27,856111000,783115000,856111000,4640499717,21,17.48,256585000,1.583,1.0,820041000,0.369,297305000,0,146761000,160831000,253401000,0,0,0,642566000,507078000,135488000,5154077717,28338000,-67947000,-44212000,0,-93093000,-155717000,-98964000,72000,288389000,-5370000,205876000,205876000,205876000,0,0,0.093,616273000,203768000,274805000,0.447,6.02,25.035,25.094,85408000,0,31.87,2.32,2.325,185179000,1074110000,2221427000,2221427000,130525000,0.141,0.263,1.337,0.097,35890000,479911000,1.0,161721924,162058000,165540000,13.708,1201372000,0,9113000,51797000,7.415,520767000
LOGI,MRY,2018-12-31,2018-03-31,2018-03-31,2018-05-22,-93455000,1743157000,1703394500,1173100000,570057000,1.507,6.391,-39748000,641947000,641947000,1657622000,208542000,2.038,0.659,0,0,0,0,0,56902000,0,0.017,0.634,232265000,289167000,0.113,289167000,232265000,232265000,1.27,1.23,1.27,1050557000,982491500,1050557000,5462904989,23,18.892,306513000,1.869,1.0,909241000,0.354,362998000,0,162492000,218185250,259906000,0,0,0,692600000,575720000,116880000,6027792989,94414000,-89563000,11188000,0,-104248000,-127873000,-128704000,607000,346261000,4730000,208542000,208542000,208542000,0,0,0.081,684416000,224825000,293988000,0.499,5.738,28.904,28.921,86304000,0,36.73,2.348,2.347,214885000,1232316000,2566863000,2566863000,143760000,0.122,0.212,1.065,0.09,44138000,531842000,1.0,164110890,164038000,168971000,15.648,1380159000,0,23723000,34956000,8.396,597380000
