ticker,dimension,calendardate,datekey,reportperiod,lastupdated,accoci,assets,assetsavg,assetsc,assetsnc,assetturnover,bvps,capex,cashneq,cashnequsd,cor,consolinc,currentratio,de,debt,debtc,debtnc,debtusd,deferredrev,depamor,deposits,divyield,dps,ebit,ebitda,ebitdamargin,ebitdausd,ebitusd,ebt,eps,epsdil,epsusd,equity,equityavg,equityusd,ev,evebit,evebitda,fcf,fcfps,fxusd,gp,grossmargin,intangibles,intexp,invcap,invcapavg,inventory,investments,investmentsc,investmentsnc,liabilities,liabilitiesc,liabilitiesnc,marketcap,ncf,ncfbus,ncfcommon,ncfdebt,ncfdiv,ncff,ncfi,ncfinv,ncfo,ncfx,netinc,netinccmn,netinccmnusd,netincdis,netincnci,netmargin,opex,opinc,payables,payoutratio,pb,pe,pe1,ppnenet,prefdivis,price,ps,ps1,receivables,retearn,revenue,revenueusd,rnd,roa,roe,roic,ros,sbcomp,sgna,sharefactor,sharesbas,shareswa,shareswadil,sps,tangibles,taxassets,taxexp,taxliabilities,tbvps,workingcapital
LPTH,MRY,2011-12-31,2011-06-30,2011-06-30,2018-05-14,50593,7121476,7145470,4612404,2509072,1.4,0.416,-887911,928900,928900,6078829,-1601963,3.007,0.765,1087500,0,1087500,1087500,0,912929,0,0.0,0.0,-995708,-82779,-0.008,-82779,-995708,-1601963,-0.17,-0.17,-0.17,4035901,4127078,4035901,15102369,-15,-182.442,-793009,-0.083,1.0,3921773,0.392,101133,606255,5645130,5034447,1622637,0,0,0,3085575,1533813,1551762,14955268,-535451,0,19771,-14250,0,230431,-887911,0,94902,27127,-1601963,-1601963,-1601963,0,0,-0.16,4779118,-857345,928790,0.0,3.706,-9.336,-9.059,2373022,0,1.54,1.495,1.468,1863987,-203748263,10000602,10000602,995087,-0.224,-0.388,-0.198,-0.1,246149,3771643,1.0,9711213,9533558,9533558,1.049,7020343,0,0,0,0.723,3078591
LPTH,MRY,2012-12-31,2012-06-30,2012-06-30,2018-05-14,88258,8271093,7449822,6250259,2020834,1.515,0.393,-628593,2354087,2354087,7250098,-864867,3.59,1.067,1098005,3602,1094403,1098005,37750,1124038,0,0.0,0.0,-772840,351198,0.031,351198,-772840,-864867,-0.09,-0.09,-0.09,4002464,3767365,4002464,10659564,-13,30.352,-222859,-0.023,1.0,4034771,0.358,68265,92027,5205542,5493942,1513384,0,0,0,4268629,1741204,2527425,10062119,1425187,0,1610381,0,0,1610381,-628593,0,405734,37665,-864867,-864867,-864867,0,0,-0.077,4959070,-924299,1129708,0.0,2.514,-11.634,-11.446,1920950,0,1.03,0.892,0.9,2174079,-204613130,11284869,11284869,1045535,-0.116,-0.23,-0.141,-0.068,272044,3880667,1.0,9768100,9861596,9861596,1.144,8202828,0,0,0,0.806,4509055
LPTH,MRY,2013-12-31,2013-06-30,2013-06-30,2018-05-14,52736,8377484,8404338,6078569,2298915,1.402,0.419,-1097470,1565215,1565215,6608288,215322,3.747,0.543,6904,3602,3302,6904,1966,813234,0,0.0,0.0,315639,1128873,0.096,1128873,315639,215322,0.02,0.02,0.02,5429636,4948584,5429636,14669416,46,12.995,-541314,-0.045,1.0,5175251,0.439,35397,100317,5161467,4886388,1770681,0,0,0,2947848,1622309,1325539,16065102,-788872,0,11593,-183601,0,-212036,-1097470,0,556156,-35522,215322,215322,215322,0,0,0.018,4965093,210158,1065651,0.0,2.959,74.61,62.0,2235781,0,1.24,1.363,1.274,2480437,-204397808,11783539,11783539,939025,0.026,0.044,0.065,0.027,268307,3990927,1.0,12955728,12102124,12959218,0.974,8342087,0,0,0,0.644,4456260
LPTH,MRY,2014-12-31,2014-06-30,2014-06-30,2018-05-14,51681,10692760,10245455,7491118,3201642,1.155,0.51,-1982313,1197080,1197080,6444699,-313249,3.029,0.466,177411,61178,116233,177411,0,666322,0,0.0,0.0,-276568,389754,0.033,389754,-276568,-313249,-0.02,-0.02,-0.02,7295691,7157660,7295691,17828039,-64,45.742,-2071090,-0.148,1.0,5389417,0.455,0,36681,7200176,6310341,3322983,0,0,0,3397069,2472915,924154,19438894,-368135,0,1546474,157536,0,1704010,-1982313,0,-88777,-1055,-313249,-313249,-313249,0,0,-0.026,5765832,-376415,1809532,0.0,2.664,-62.056,-68.0,3173905,0,1.36,1.643,1.609,2672852,-204711057,11834116,11834116,1215472,-0.031,-0.044,-0.044,-0.023,356815,4514413,1.0,14293305,14002093,14002093,0.845,10692760,0,0,0,0.748,5018203
LPTH,MRY,2015-12-31,2015-06-30,2015-06-30,2018-05-14,50680,12714522,11187705,8372006,4342516,1.221,0.525,-688798,1643920,1643920,7682194,-715280,3.105,0.589,528299,218039,310260,528299,0,537143,0,0.0,0.0,-681415,-144272,-0.011,-144272,-681415,-712964,-0.05,-0.05,-0.05,7999644,7521269,7999644,26273177,-38,-182.109,-606616,-0.041,1.0,5979375,0.438,0,31549,8902432,7870584,3181377,0,0,0,4714878,2696469,2018409,26813728,446840,0,1135284,-172884,0,962400,-688798,0,82182,91056,-715280,-715280,-715280,0,0,-0.052,6238027,-258652,1551885,0.0,3.352,-37.487,-35.2,4275552,0,1.76,1.963,1.895,3302634,-205426337,13661569,13661569,1109095,-0.064,-0.095,-0.087,-0.05,284950,5130414,1.0,15235073,14711586,14711586,0.929,12714522,0,2316,0,0.835,5675537
LPTH,MRY,2016-12-31,2016-06-30,2016-06-30,2018-05-14,126108,15589193,14279307,11152184,4437009,1.21,0.701,-1125182,2908024,2908024,7967728,1414615,3.471,0.426,345373,166454,178919,345373,0,847990,0,0.0,0.0,1651517,2499507,0.145,2499507,1651517,1613890,0.09,0.08,0.09,10931912,9759559,10931912,24645654,14,9.86,400531,0.026,1.0,9304510,0.539,0,37627,9813775,9319074,3836809,0,0,0,4657281,3212767,1444514,27128244,1264104,0,420416,-182926,0,236908,-1125182,0,1525713,626665,1414615,1414615,1414615,0,0,0.082,7295095,2009415,1361914,0.0,2.482,19.177,19.333,4370045,0,1.74,1.571,1.552,3755043,-204011722,17272238,17272238,668840,0.099,0.145,0.177,0.096,348735,6581218,1.0,15590945,15401893,16875383,1.121,15589193,0,199275,0,1.0,7939417
LPTH,MRY,2017-12-31,2017-06-30,2017-06-30,2018-05-14,295396,46672214,35351103,19720375,26951839,0.802,1.486,-2223126,8085015,8085015,13648030,7703086,3.429,0.57,11419777,1350832,10068945,11419777,0,2080439,0,0.0,0.0,3775213,5855652,0.206,5855652,3775213,3361786,0.39,0.36,0.39,29721169,21444280,29721169,69714712,18,11.906,2775918,0.139,1.0,14719459,0.519,16229958,413427,28026606,23215953,5074576,0,0,0,16951045,5750412,11200633,65112479,5176991,-11777336,9474807,4806060,0,14208643,-14000462,0,4999044,-30234,7703086,7703086,7703086,0,0,0.272,10582348,4137111,1536121,0.0,2.191,8.453,6.923,10324558,0,2.7,2.295,1.904,5919315,-196308636,28367489,28367489,1235934,0.218,0.359,0.163,0.133,394875,8651023,1.0,24115733,20001868,21666392,1.418,30442256,285000,-4341300,182349,1.522,13969963
