ticker,dimension,calendardate,datekey,reportperiod,lastupdated,accoci,assets,assetsavg,assetsc,assetsnc,assetturnover,bvps,capex,cashneq,cashnequsd,cor,consolinc,currentratio,de,debt,debtc,debtnc,debtusd,deferredrev,depamor,deposits,divyield,dps,ebit,ebitda,ebitdamargin,ebitdausd,ebitusd,ebt,eps,epsdil,epsusd,equity,equityavg,equityusd,ev,evebit,evebitda,fcf,fcfps,fxusd,gp,grossmargin,intangibles,intexp,invcap,invcapavg,inventory,investments,investmentsc,investmentsnc,liabilities,liabilitiesc,liabilitiesnc,marketcap,ncf,ncfbus,ncfcommon,ncfdebt,ncfdiv,ncff,ncfi,ncfinv,ncfo,ncfx,netinc,netinccmn,netinccmnusd,netincdis,netincnci,netmargin,opex,opinc,payables,payoutratio,pb,pe,pe1,ppnenet,prefdivis,price,ps,ps1,receivables,retearn,revenue,revenueusd,rnd,roa,roe,roic,ros,sbcomp,sgna,sharefactor,sharesbas,shareswa,shareswadil,sps,tangibles,taxassets,taxexp,taxliabilities,tbvps,workingcapital
LSCC,MRY,2011-12-31,2011-12-31,2011-12-31,2018-05-08,-345000,467924000,419297750,300605000,167319000,0.759,3.349,-31501000,141423000,141423000,129769000,78232000,5.784,0.189,0,0,0,0,10761000,16666000,0,0.0,0.0,42723000,59389000,0.187,59389000,42723000,42723000,0.66,0.65,0.66,393561000,353753000,393561000,492333422,11,8.29,30860000,0.262,1.0,188597000,0.592,63185000,0,211340000,168336000,37278000,75657000,68711000,6946000,74363000,51976000,22387000,697253422,-32961000,-45645000,-8263000,0,0,-8905000,-86232000,-1946000,62361000,-185000,78232000,78232000,78232000,0,0,0.246,147308000,41289000,31842000,0.0,1.772,8.913,9.0,40430000,0,5.94,2.19,2.199,36993000,-234908000,318366000,318366000,71855000,0.187,0.221,0.254,0.134,6356000,68838000,1.0,117382731,117875000,121139000,2.701,404739000,45130000,-35509000,0,3.444,248629000
LSCC,MRY,2012-12-31,2012-12-29,2012-12-29,2018-05-08,-261000,414619000,440093750,287069000,127550000,0.635,3.084,-13593000,118536000,118536000,128499000,-29606000,5.407,0.16,0,0,0,0,10553000,22149000,0,0.0,0.0,-8861000,13288000,0.048,13288000,-8861000,-8861000,-0.25,-0.25,-0.25,357550000,371204750,357550000,308297390,-34,23.201,-9317000,-0.08,1.0,150757000,0.54,60238000,0,182752000,194616000,44194000,69582000,64865000,4717000,57069000,53093000,3976000,446547390,-22887000,0,-13167000,0,0,-13999000,-13383000,6332000,4276000,219000,-29606000,-29606000,-29606000,0,0,-0.106,160123000,-9366000,36391000,0.0,1.249,-15.083,-15.32,40384000,0,3.83,1.599,1.607,46947000,-264514000,279256000,279256000,77610000,-0.067,-0.08,-0.046,-0.032,7510000,72317000,1.0,116592008,117194000,117194000,2.383,354381000,15357000,20745000,0,3.057,233976000
LSCC,MRY,2013-12-31,2013-12-28,2013-12-28,2018-05-08,-145000,447876000,439482500,325801000,122075000,0.757,3.336,-12500000,114310000,114310000,154281000,22321000,5.559,0.161,0,0,0,0,7495000,20807000,0,0.0,0.0,26638000,47445000,0.143,47445000,26638000,26486000,0.19,0.19,0.19,385680000,373143250,385680000,503992226,18,10.623,44004000,0.38,1.0,178244000,0.536,57292000,152000,217666000,212764500,46222000,106746000,101505000,5241000,62196000,58608000,3588000,624762226,-4226000,0,-3085000,0,0,-3829000,-56396000,-36543000,56504000,-505000,22321000,22321000,22321000,0,0,0.067,151458000,26786000,37454000,0.0,1.62,27.99,28.263,41719000,0,5.37,1.879,1.868,50085000,-242193000,332525000,332525000,80966000,0.051,0.06,0.125,0.08,9522000,67144000,1.0,116343059,115701000,117081000,2.874,390584000,11703000,4165000,0,3.378,267193000
LSCC,MRY,2014-12-31,2015-01-03,2015-01-03,2018-05-08,-1884000,510530000,497713500,398422000,112108000,0.736,3.742,4358000,115611000,115611000,159940000,48580000,6.559,0.158,0,0,0,0,14946000,22248000,0,0.0,0.0,43113000,65361000,0.179,65361000,43113000,42941000,0.41,0.4,0.41,440975000,425674250,440975000,693954567,16,10.617,44480000,0.378,1.0,206187000,0.563,54345000,172000,279828000,254644250,64925000,139233000,139233000,0,69555000,60746000,8809000,816961567,1301000,0,-4348000,0,0,-4348000,-34144000,-32443000,40122000,-329000,48580000,48580000,48580000,0,0,0.133,164571000,41616000,32171000,0.0,1.853,16.817,16.854,27796000,0,6.91,2.231,2.222,62372000,-193613000,366127000,366127000,88079000,0.098,0.114,0.169,0.118,12802000,73527000,1.0,118228881,117708000,120245000,3.11,456185000,20105000,-5639000,0,3.871,337676000
LSCC,MRY,2015-12-31,2016-01-02,2016-01-02,2018-05-08,-2910000,785920000,834222250,285863000,500057000,0.487,2.587,-18209000,84606000,84606000,186057000,-159233000,2.571,1.572,338427000,7557000,330870000,338427000,19859000,60808000,0,0.0,0.0,-108304000,-47496000,-0.117,-47496000,-108304000,-126693000,-1.36,-1.36,-1.36,305520000,348107250,305520000,988993977,-9,-20.823,-41094000,-0.35,1.0,219909000,0.542,430132000,18389000,498432000,500920250,75896000,17968000,17968000,0,480400000,111177000,369223000,762845977,-31005000,-431068000,-1291000,335592000,0,329941000,-336818000,121974000,-22885000,-1243000,-159233000,-159233000,-159233000,0,0,-0.392,327141000,-107232000,74298000,0.0,2.497,-4.791,-4.757,51852000,0,6.47,1.879,1.871,88471000,-352846000,405966000,405966000,136868000,-0.191,-0.457,-0.216,-0.267,18396000,97349000,1.0,117905097,117387000,117387000,3.458,355788000,578000,32540000,0,3.013,174686000
LSCC,MRY,2016-12-31,2016-12-31,2016-12-31,2018-05-08,-4156000,766883000,776574250,314700000,452183000,0.55,2.231,-16717000,106552000,106552000,180620000,-54099000,1.997,1.836,334622000,33767000,300855000,334622000,32985000,61806000,0,0.0,0.0,-23855000,37951000,0.089,37951000,-23855000,-44182000,-0.45,-0.45,-0.45,270430000,279169750,270430000,1139883580,-47,30.036,25017000,0.208,1.0,246434000,0.577,388621000,20327000,448782000,461708750,79168000,10308000,10308000,0,496453000,157550000,338903000,891686580,21946000,1972000,7607000,-5154000,0,-1112000,-17373000,6407000,41734000,-1303000,-54099000,-54099000,-54099000,0,0,-0.127,273133000,-26699000,80933000,0.0,3.297,-16.482,-16.356,49481000,0,7.36,2.088,2.068,99637000,-406945000,427054000,427054000,117518000,-0.07,-0.194,-0.052,-0.056,16213000,98602000,1.0,121153068,119994000,119994000,3.559,378262000,372000,9917000,0,3.121,157150000
LSCC,MRY,2017-12-31,2017-12-30,2017-12-30,2018-05-08,-1452000,635961000,676528750,263371000,372590000,0.571,1.762,-5964000,106815000,106815000,169382000,-70562000,3.149,1.921,301175000,1508000,299667000,301175000,17318000,57861000,0,0.0,0.0,-50906000,6955000,0.018,6955000,-50906000,-69713000,-0.58,-0.58,-0.58,217693000,240561250,217693000,915682676,-17,131.658,32550000,0.265,1.0,216579000,0.561,318822000,18807000,427852000,434870000,79903000,4982000,4982000,0,418268000,83647000,334621000,713053676,263000,967000,6085000,-35429000,0,-32611000,-8260000,5269000,38514000,2620000,-70562000,-70562000,-70562000,0,0,-0.183,264199000,-47620000,54405000,0.0,3.276,-10.105,-9.966,40423000,0,5.78,1.847,1.837,55104000,-477862000,385961000,385961000,103357000,-0.104,-0.293,-0.117,-0.132,12543000,90718000,1.0,123365688,122677000,122677000,3.146,317139000,198000,849000,0,2.567,179724000
