ticker,dimension,calendardate,datekey,reportperiod,lastupdated,accoci,assets,assetsavg,assetsc,assetsnc,assetturnover,bvps,capex,cashneq,cashnequsd,cor,consolinc,currentratio,de,debt,debtc,debtnc,debtusd,deferredrev,depamor,deposits,divyield,dps,ebit,ebitda,ebitdamargin,ebitdausd,ebitusd,ebt,eps,epsdil,epsusd,equity,equityavg,equityusd,ev,evebit,evebitda,fcf,fcfps,fxusd,gp,grossmargin,intangibles,intexp,invcap,invcapavg,inventory,investments,investmentsc,investmentsnc,liabilities,liabilitiesc,liabilitiesnc,marketcap,ncf,ncfbus,ncfcommon,ncfdebt,ncfdiv,ncff,ncfi,ncfinv,ncfo,ncfx,netinc,netinccmn,netinccmnusd,netincdis,netincnci,netmargin,opex,opinc,payables,payoutratio,pb,pe,pe1,ppnenet,prefdivis,price,ps,ps1,receivables,retearn,revenue,revenueusd,rnd,roa,roe,roic,ros,sbcomp,sgna,sharefactor,sharesbas,shareswa,shareswadil,sps,tangibles,taxassets,taxexp,taxliabilities,tbvps,workingcapital
LSTR,MRY,2011-12-31,2011-12-31,2011-12-31,2018-05-04,727000,808449000,767638250,551792000,256657000,3.424,6.408,761000,80900000,80900000,2217583000,113007000,1.666,1.69,158247000,43117000,115130000,158247000,0,23905000,0,0.004,0.21,182291000,206196000,0.078,206196000,182291000,179182000,2.38,2.38,2.38,300577000,281008750,300577000,2328449731,12,11.292,118795000,2.533,1.0,410791000,0.156,57470000,3109000,497213000,469235000,0,27944000,27944000,0,507872000,331113000,176759000,2247723731,36194000,0,-49425000,-22307000,-9983000,-90478000,8809000,8761000,118034000,-171000,113007000,113007000,113007000,-1464000,0,0.043,231669000,179122000,163307000,0.088,7.478,19.89,20.134,142146000,0,47.92,0.855,0.855,421640000,947156000,2628374000,2628374000,0,0.147,0.402,0.388,0.069,5012000,179479000,1.0,46905754,46905754,,56.035,750979000,21308000,66175000,34135000,16.01,220679000
LSTR,MRY,2012-12-31,2012-12-29,2012-12-29,2018-05-04,1370000,879421000,870956750,591944000,287477000,3.181,8.166,4342000,74284000,74284000,2348445000,129781000,1.719,1.318,147788000,52663000,95125000,147788000,0,25213000,0,0.014,0.73,203954000,229167000,0.083,229167000,203954000,200844000,2.78,2.77,2.78,379454000,356748500,379454000,2464625525,12,10.755,129926000,2.796,1.0,422354000,0.152,57470000,3110000,551116000,541126500,0,35528000,35528000,0,499967000,344339000,155628000,2398753525,-6616000,0,-21443000,-61617000,-33981000,-111232000,-21211000,-23869000,125584000,243000,129781000,129781000,129781000,-3215000,0,0.047,223178000,199176000,188981000,0.263,6.322,18.483,18.568,158953000,0,51.62,0.866,0.866,464065000,1042956000,2770799000,2770799000,0,0.149,0.364,0.377,0.074,6149000,175383000,1.0,46469460,46469460,,59.626,821951000,18067000,71063000,38607000,17.688,247605000
LSTR,MRY,2013-12-31,2013-12-28,2013-12-28,2018-05-04,-12000,970696000,924723250,682468000,288228000,2.882,9.941,3338000,180302000,180302000,2258282000,146009000,1.817,1.136,129285000,55347000,73938000,129285000,0,27667000,0,0.006,0.35,213677000,241344000,0.091,241344000,213677000,210466000,3.17,3.16,3.17,454481000,419447000,454481000,2676579794,12,11.09,165351000,3.617,1.0,406498000,0.153,31134000,3211000,512885000,546759250,0,34939000,34939000,0,516215000,375660000,140555000,2629181794,106018000,74505000,-57173000,-59157000,0,-121116000,65839000,-11836000,162013000,-718000,146009000,146009000,146009000,-41145000,0,0.055,231383000,175115000,157796000,0.11,5.785,18.007,18.142,177329000,0,57.51,0.987,0.987,452635000,1173044000,2664780000,2664780000,0,0.158,0.348,0.391,0.08,4911000,182148000,1.0,45716950,45716950,,58.289,939562000,14592000,64457000,42446000,20.552,306808000
LSTR,MRY,2014-12-31,2014-12-27,2014-12-27,2018-05-04,-1185000,1044212000,982771750,732328000,311884000,3.241,10.914,-3074000,163944000,163944000,2711923000,138809000,1.784,1.139,145950000,69693000,76257000,145950000,0,27575000,0,0.003,0.26,224372000,251947000,0.079,251947000,224372000,221195000,3.09,3.07,3.09,488261000,471792000,488261000,3335221748,14,13.238,98795000,2.208,1.0,472867000,0.148,31134000,3177000,584633000,579380000,0,37007000,37007000,0,555951000,410451000,145500000,3328454748,-16358000,0,-52633000,-30567000,-27606000,-112347000,-4846000,-1772000,101869000,-1034000,138809000,138809000,138809000,0,0,0.044,249876000,222991000,220077000,0.084,6.817,23.979,24.078,202203000,0,74.4,1.045,1.045,507774000,1255374000,3184790000,3184790000,0,0.141,0.294,0.387,0.07,6797000,196530000,1.0,44737295,44737295,,71.189,1013078000,23603000,82386000,47474000,22.645,321877000
LSTR,MRY,2015-12-31,2015-12-26,2015-12-26,2018-05-04,-3488000,991518000,959782500,656118000,335400000,3.46,10.796,-3119000,114520000,114520000,2821603000,147689000,1.776,1.127,159901000,78108000,81793000,159901000,0,29102000,0,0.022,1.3,241706000,270808000,0.082,270808000,241706000,238757000,3.38,3.37,3.38,466237000,474691250,466237000,2526958342,10,9.331,212903000,4.93,1.0,499488000,0.15,31134000,2949000,636228000,612292000,0,48823000,48823000,0,525281000,369537000,155744000,2509973342,-49424000,0,-159693000,-35540000,-57882000,-254669000,-8673000,-5554000,216022000,-2104000,147689000,147689000,147689000,0,0,0.044,259178000,240310000,223709000,0.385,5.383,16.995,17.195,225927000,0,58.12,0.756,0.756,481171000,1389975000,3321091000,3321091000,0,0.154,0.311,0.395,0.073,6925000,198458000,1.0,43186052,43186052,,76.902,960384000,0,91068000,52474000,22.238,286581000
LSTR,MRY,2016-12-31,2016-12-31,2016-12-31,2018-05-04,-3089000,1096591000,1016649500,737407000,359184000,3.116,12.988,-12433000,178897000,178897000,2679868000,137350000,1.939,1.021,174555000,81298000,93257000,174555000,0,35796000,0,0.004,0.34,223251000,259047000,0.082,259047000,223251000,219457000,3.26,3.25,3.26,542557000,507232750,542557000,3555952298,15,13.727,177809000,4.256,1.0,487766000,0.154,31134000,3794000,680804000,634291250,0,66560000,66560000,0,554034000,380311000,173723000,3563431298,64377000,0,-48187000,-46850000,-14332000,-112074000,-14167000,-1734000,190242000,376000,137350000,137350000,137350000,0,0,0.043,266017000,221749000,219409000,0.104,6.568,25.944,26.166,272843000,0,85.3,1.125,1.125,481669000,1512993000,3167634000,3167634000,0,0.135,0.271,0.352,0.07,2747000,200519000,1.0,41775279,41775279,,75.826,1065457000,0,82107000,53583000,25.504,357096000
LSTR,MRY,2017-12-31,2017-12-30,2017-12-30,2018-05-04,-3162000,1352460000,1220303750,961203000,391257000,2.988,15.505,-11554000,242416000,242416000,3102519000,176996000,1.752,1.074,167355000,84293000,83062000,167355000,0,40560000,0,0.004,0.38,244060000,284620000,0.078,284620000,244060000,240894000,4.22,4.21,4.22,650672000,621065000,650672000,4270153467,17,15.003,127409000,3.036,1.0,543845000,0.149,39065000,3166000,689691000,671639750,0,48928000,48928000,0,698583000,548643000,149940000,4368639467,63519000,-8460000,3183000,-40760000,-15938000,-54396000,-22076000,-2062000,138963000,1028000,177088000,177088000,177088000,0,-92000,0.049,302375000,241470000,285132000,0.09,6.714,24.669,24.668,276011000,0,104.1,1.198,1.198,655465000,1611158000,3646364000,3646364000,0,0.145,0.285,0.363,0.067,7721000,233128000,1.0,41965797,41965797,,86.889,1313395000,0,63806000,36737000,31.297,412560000
