ticker,dimension,calendardate,datekey,reportperiod,lastupdated,accoci,assets,assetsavg,assetsc,assetsnc,assetturnover,bvps,capex,cashneq,cashnequsd,cor,consolinc,currentratio,de,debt,debtc,debtnc,debtusd,deferredrev,depamor,deposits,divyield,dps,ebit,ebitda,ebitdamargin,ebitdausd,ebitusd,ebt,eps,epsdil,epsusd,equity,equityavg,equityusd,ev,evebit,evebitda,fcf,fcfps,fxusd,gp,grossmargin,intangibles,intexp,invcap,invcapavg,inventory,investments,investmentsc,investmentsnc,liabilities,liabilitiesc,liabilitiesnc,marketcap,ncf,ncfbus,ncfcommon,ncfdebt,ncfdiv,ncff,ncfi,ncfinv,ncfo,ncfx,netinc,netinccmn,netinccmnusd,netincdis,netincnci,netmargin,opex,opinc,payables,payoutratio,pb,pe,pe1,ppnenet,prefdivis,price,ps,ps1,receivables,retearn,revenue,revenueusd,rnd,roa,roe,roic,ros,sbcomp,sgna,sharefactor,sharesbas,shareswa,shareswadil,sps,tangibles,taxassets,taxexp,taxliabilities,tbvps,workingcapital
LTRE,MRY,2011-12-31,2011-09-30,2011-09-30,2018-05-08,-217000,102152000,101361000,67238000,34914000,1.32,2.829,-5643000,40293000,40293000,61641000,3242000,1.306,1.706,0,0,0,0,34572000,4616000,0,0.0,0.0,5352000,9968000,0.075,9968000,5352000,5352000,0.24,0.24,0.24,37751000,36753000,37751000,64516832,12,6.472,4274000,0.317,1.0,72141000,0.539,0,0,10394000,13683250,0,11594000,2352000,9242000,64401000,51465000,12936000,99612832,5844000,0,-428000,0,0,-467000,-3137000,2506000,9917000,-469000,3242000,3242000,3242000,0,0,0.024,66894000,5247000,7468000,0.0,2.639,30.726,30.792,17677000,0,7.39,0.745,0.746,18220000,32433000,133782000,133782000,7493000,0.032,0.088,0.391,0.04,601000,59401000,1.0,13479409,13496000,13514000,9.913,102152000,7467000,2110000,2883000,7.654,15773000
LTRE,MRY,2012-12-31,2012-09-28,2012-09-28,2018-05-08,10000,89046000,95620250,57298000,31748000,1.35,1.86,-7434000,25784000,25784000,62820000,-11911000,1.098,2.634,0,0,0,0,31899000,4822000,0,0.0,0.0,-7021000,-2199000,-0.017,-2199000,-7021000,-7021000,-0.89,-0.89,-0.89,24506000,32726250,24506000,35330895,-5,-16.067,-8593000,-0.642,1.0,66227000,0.513,0,0,11099000,12537250,0,15662000,6131000,9531000,64540000,52163000,12377000,67061895,-14509000,0,-1678000,0,-40000,-1783000,-11467000,-4033000,-1159000,-100000,-11911000,-11911000,-11911000,0,0,-0.092,73175000,-6948000,9700000,0.0,2.737,-5.63,-5.719,20541000,0,5.09,0.52,0.528,16831000,18739000,129047000,129047000,8754000,-0.125,-0.364,-0.56,-0.054,222000,64421000,1.0,13175225,13392000,13392000,9.636,89046000,2615000,4890000,1963000,6.758,5135000
LTRE,MRY,2013-12-31,2013-09-27,2013-09-27,2018-05-08,-139000,68962000,72640750,46792000,22170000,1.608,1.185,-2436000,26583000,26583000,63010000,-8719000,1.038,3.403,0,0,0,0,29780000,6041000,0,0.0,0.0,-8275000,-2234000,-0.019,-2234000,-8275000,-8275000,-0.66,-0.66,-0.66,15661000,18542250,15661000,20908466,-2,-9.359,-5200000,-0.394,1.0,53800000,0.461,0,0,-2718000,-478000,0,4175000,0,4175000,53301000,45097000,8204000,47979466,799000,0,0,0,-26000,-46000,3682000,6118000,-2764000,-73000,-8719000,-8719000,-8719000,0,0,-0.075,62040000,-8240000,7309000,0.0,3.064,-5.503,-5.5,16698000,0,3.63,0.411,0.411,14057000,9974000,116810000,116810000,7841000,-0.12,-0.47,17.312,-0.071,69000,54145000,1.0,13217484,13210000,13210000,8.843,68962000,1387000,444000,1440000,5.218,1695000
LTRE,MRY,2014-12-31,2014-10-03,2014-10-03,2018-05-08,-325000,66200000,64667500,52844000,13356000,1.655,1.195,7967000,29881000,29881000,60745000,1000,1.219,3.191,0,0,0,0,26572000,5154000,0,0.0,0.0,262000,5416000,0.051,5416000,262000,262000,0.0,0.0,0.0,15797000,13491500,15797000,9349741,35,1.726,4829000,0.365,1.0,46312000,0.433,0,0,-7037000,-4455750,0,3231000,0,3231000,50403000,43356000,7047000,30940741,4982000,0,0,0,0,-2000,7819000,0,-3138000,-184000,1000,1000,1000,-18000,0,0.0,45980000,332000,6768000,,1.959,30940.741,,8420000,0,2.34,0.289,0.289,13523000,9973000,107057000,107057000,7225000,0.0,0.0,-0.059,0.002,323000,45077000,1.0,13222539,13221000,13224000,8.097,66200000,1072000,261000,1621000,5.007,9488000
LTRE,MRY,2015-12-31,2015-10-02,2015-10-02,2018-05-08,-578000,43921000,49426750,33429000,10492000,1.92,0.23,-2233000,17936000,17936000,55809000,-12573000,0.947,13.415,0,0,0,0,22909000,4318000,0,0.0,0.0,-12106000,-7788000,-0.082,-7788000,-12106000,-12106000,-0.95,-0.95,-0.95,3047000,6530000,3047000,-2019320,0,0.259,-11900000,-0.9,1.0,39075000,0.412,0,0,-9333000,-9546500,0,3265000,0,3265000,40874000,35318000,5556000,16662679,-11945000,0,0,0,0,0,-2978000,0,-9667000,-497000,-12573000,-12573000,-12573000,2765000,0,-0.133,48770000,-9695000,6744000,0.0,5.469,-1.325,-1.326,6070000,0,1.26,0.176,0.176,10475000,-2600000,94884000,94884000,8146000,-0.254,-1.925,1.268,-0.128,76000,40620000,1.0,13224349,13224000,13224000,7.175,43921000,974000,467000,1486000,3.321,-1889000
LTRE,MRY,2016-12-31,2016-09-30,2016-09-30,2018-05-08,-882000,31607000,34964750,21988000,9619000,2.333,-0.74,-373000,8540000,8540000,50163000,-12696000,0.684,-4.229,1667000,1667000,0,1667000,21017000,2830000,0,0.0,0.0,-12289000,-9459000,-0.116,-9459000,-12289000,-12274000,-0.96,-0.96,-0.96,-9789000,-5349250,-9789000,15145558,-1,-1.601,-9364000,-0.708,1.0,31424000,0.385,0,-15000,-7432000,-7903000,0,2581000,0,2581000,41396000,32166000,9230000,24200558,-9396000,0,0,0,0,0,-373000,0,-8991000,-32000,-12696000,-12696000,-12696000,0,0,-0.156,43925000,-12501000,6095000,0.0,-2.472,-1.906,-1.906,5910000,0,1.83,0.297,0.297,9538000,-15296000,81587000,81587000,5128000,-0.363,2.373,1.555,-0.151,164000,36868000,1.0,13224349,13224000,13224000,6.17,31607000,635000,422000,1564000,2.39,-10178000
LTRE,MRY,2017-12-31,2017-09-29,2017-09-29,2018-05-08,-877000,26263000,25906500,18840000,7423000,2.728,-0.894,-27000,5080000,5080000,40298000,-2137000,0.645,-3.222,1925000,1560000,365000,1925000,18383000,1945000,0,0.0,0.0,-1610000,335000,0.005,335000,-1610000,-1663000,-0.16,-0.16,-0.16,-11822000,-12140500,-11822000,34569047,-21,103.191,-3249000,-0.246,1.0,30365000,0.43,0,53000,-6084000,-8310250,0,1477000,0,1477000,38085000,29192000,8893000,39673047,-3460000,0,0,-88000,0,-88000,-27000,0,-3222000,-123000,-2137000,-2137000,-2137000,0,0,-0.03,31700000,-1335000,6245000,0.0,-3.356,-18.565,-18.75,4530000,0,3.0,0.561,0.561,9725000,-17433000,70663000,70663000,2868000,-0.082,0.176,0.194,-0.023,99000,28393000,1.0,13224349,13224000,13224000,5.344,26263000,634000,474000,2024000,1.986,-10352000
