ticker,dimension,calendardate,datekey,reportperiod,lastupdated,accoci,assets,assetsavg,assetsc,assetsnc,assetturnover,bvps,capex,cashneq,cashnequsd,cor,consolinc,currentratio,de,debt,debtc,debtnc,debtusd,deferredrev,depamor,deposits,divyield,dps,ebit,ebitda,ebitdamargin,ebitdausd,ebitusd,ebt,eps,epsdil,epsusd,equity,equityavg,equityusd,ev,evebit,evebitda,fcf,fcfps,fxusd,gp,grossmargin,intangibles,intexp,invcap,invcapavg,inventory,investments,investmentsc,investmentsnc,liabilities,liabilitiesc,liabilitiesnc,marketcap,ncf,ncfbus,ncfcommon,ncfdebt,ncfdiv,ncff,ncfi,ncfinv,ncfo,ncfx,netinc,netinccmn,netinccmnusd,netincdis,netincnci,netmargin,opex,opinc,payables,payoutratio,pb,pe,pe1,ppnenet,prefdivis,price,ps,ps1,receivables,retearn,revenue,revenueusd,rnd,roa,roe,roic,ros,sbcomp,sgna,sharefactor,sharesbas,shareswa,shareswadil,sps,tangibles,taxassets,taxexp,taxliabilities,tbvps,workingcapital
LYTS,MRY,2011-12-31,2011-06-30,2011-06-30,2018-05-08,0,176021000,177506750,106100000,69921000,1.653,6.226,-4676000,4056000,4056000,221156000,10828000,4.918,0.164,35000,35000,0,35000,0,7877000,0,0.025,0.2,16347000,24224000,0.083,24224000,16347000,16167000,0.45,0.44,0.45,151218000,149815000,151218000,181390150,11,7.488,-8482000,-0.349,1.0,72345000,0.246,23280000,180000,127144000,119047500,50298000,0,0,0,24803000,21576000,3227000,190939150,-13361000,0,-37000,-33000,-4809000,-4879000,-4676000,0,-3806000,0,10828000,10828000,10828000,0,0,0.037,56041000,16304000,9568000,0.444,1.263,17.634,17.644,44284000,0,7.94,0.651,0.657,44974000,50274000,293501000,293501000,0,0.061,0.072,0.137,0.056,892000,56041000,1.0,24047752,24287000,24339000,12.085,152741000,1795000,5339000,0,6.288,84524000
LYTS,MRY,2012-12-31,2012-06-30,2012-06-30,2018-05-08,0,175226000,174206000,106623000,68603000,1.541,6.147,-3433000,15255000,15255000,208089000,3224000,4.652,0.173,0,0,0,0,0,7805000,0,0.032,0.23,6356000,14161000,0.053,14161000,6356000,6191000,0.13,0.13,0.13,149368000,150202750,149368000,152579003,24,10.775,20927000,0.861,1.0,60313000,0.225,23995000,165000,113055000,114085500,41276000,0,0,0,25858000,22921000,2937000,171126003,11199000,-2973000,-127000,-1099000,-5529000,-6755000,-6406000,0,24360000,0,3224000,3224000,3224000,0,0,0.012,53982000,6331000,11512000,1.769,1.146,53.079,54.769,42526000,0,7.12,0.638,0.645,44412000,47969000,268402000,268402000,0,0.019,0.021,0.056,0.024,458000,53724000,1.0,24034551,24298000,24352000,11.046,151231000,227000,2967000,0,6.223,83702000
LYTS,MRY,2013-12-31,2013-06-30,2013-06-30,2018-05-08,0,169179000,171210750,102913000,66266000,1.64,5.824,-7533000,7949000,7949000,220380000,-123000,3.926,0.194,0,0,0,0,0,7197000,0,0.044,0.36,677000,7874000,0.028,7874000,677000,615000,-0.01,-0.01,-0.01,141690000,144036500,141690000,180568046,266,22.932,1317000,0.054,1.0,60410000,0.215,19087000,62000,115933000,112410750,42093000,0,0,0,27489000,26210000,1279000,194418046,-7306000,0,25000,0,-8648000,-8623000,-7533000,0,8850000,0,-123000,-123000,-123000,0,0,0.0,59780000,630000,12429000,-36.0,1.372,-1580.635,-809.0,45350000,0,8.09,0.692,0.7,45991000,39198000,280790000,280790000,0,-0.001,-0.001,0.006,0.002,899000,57367000,1.0,24031897,24313000,24313000,11.549,150092000,1435000,738000,0,6.17,76703000
LYTS,MRY,2014-12-31,2014-06-30,2014-06-30,2018-05-08,0,169888000,170459000,106077000,63811000,1.757,5.667,-4990000,9013000,9013000,234165000,930000,3.622,0.227,0,0,0,0,0,6226000,0,0.03,0.24,2335000,8561000,0.029,8561000,2335000,2267000,0.04,0.04,0.04,138412000,141038750,138412000,182026583,77,21.262,6569000,0.269,1.0,65298000,0.218,17735000,68000,113851000,113923750,45408000,0,0,0,31476000,29289000,2187000,192442583,1064000,0,275000,0,-5780000,-5505000,-4990000,0,11559000,0,930000,930000,930000,0,0,0.003,62980000,2318000,13658000,6.0,1.39,206.928,199.5,44282000,0,7.98,0.643,0.65,42753000,34348000,299463000,299463000,0,0.005,0.007,0.02,0.008,1198000,62175000,1.0,24115612,24388000,24546000,12.279,152153000,1973000,1337000,0,6.23,76788000
LYTS,MRY,2015-12-31,2015-06-30,2015-06-30,2018-05-08,0,180690000,174332750,117660000,63030000,1.766,5.817,-3748000,26409000,26409000,233408000,5151000,3.193,0.264,0,0,0,0,0,6331000,0,0.013,0.12,7559000,13890000,0.045,13890000,7559000,7514000,0.21,0.21,0.21,142952000,140959750,142952000,198423308,26,14.285,17182000,0.701,1.0,74449000,0.242,16600000,45000,100834000,105567250,43083000,0,0,0,37738000,36847000,891000,226389308,17396000,1494000,1620000,0,-2900000,-1280000,-2254000,0,20930000,0,5151000,5151000,5151000,0,0,0.017,66351000,8098000,14721000,0.571,1.584,43.951,44.476,43188000,0,9.34,0.735,0.743,43661000,36599000,307857000,307857000,0,0.03,0.037,0.072,0.025,1430000,66694000,1.0,24238684,24496000,24638000,12.568,164090000,99000,2363000,0,6.677,80813000
LYTS,MRY,2016-12-31,2016-06-30,2016-06-30,2018-05-08,0,195560000,190441000,127743000,67817000,1.692,6.172,-10143000,33835000,33835000,238525000,9482000,3.256,0.257,0,0,0,0,0,6677000,0,0.015,0.17,14040000,20717000,0.064,20717000,14040000,14004000,0.38,0.37,0.38,155520000,153089250,155520000,242064167,17,11.684,7642000,0.306,1.0,83671000,0.26,16094000,36000,106398000,107474000,44141000,0,0,0,40040000,39233000,807000,275843167,7426000,0,3998000,0,-4214000,-216000,-10143000,0,17785000,0,9482000,9482000,9482000,0,0,0.029,69715000,13956000,13892000,0.447,1.774,29.091,29.132,47462000,0,11.07,0.856,0.859,46975000,41867000,322196000,322196000,0,0.05,0.062,0.131,0.044,3151000,69715000,1.0,24918082,24988000,25592000,12.894,179466000,0,4522000,0,7.122,88510000
LYTS,MRY,2017-12-31,2017-06-30,2017-06-30,2018-05-08,0,256680000,225314250,107129000,149551000,1.471,6.227,-3538000,3039000,3039000,249515000,3000000,2.358,0.603,49698000,0,49698000,49698000,0,8262000,0,0.022,0.2,3700000,11962000,0.036,11962000,3700000,3080000,0.12,0.12,0.12,160078000,158591500,160078000,280457615,75,23.446,17494000,0.688,1.0,81877000,0.247,96707000,620000,161207000,137990000,50008000,0,0,0,96602000,45425000,51177000,229866615,-30796000,-95077000,2336000,49499000,-5048000,46787000,-98615000,0,21032000,0,3000000,3000000,3000000,0,0,0.009,78268000,3609000,19356000,1.667,1.436,76.622,75.417,47354000,0,9.05,0.694,0.695,48880000,39819000,331392000,331392000,0,0.013,0.019,0.027,0.011,3458000,77272000,1.0,25399626,25436000,25988000,13.028,159973000,775000,80000,0,6.223,61704000
