ticker,dimension,calendardate,datekey,reportperiod,lastupdated,accoci,assets,assetsavg,assetsc,assetsnc,assetturnover,bvps,capex,cashneq,cashnequsd,cor,consolinc,currentratio,de,debt,debtc,debtnc,debtusd,deferredrev,depamor,deposits,divyield,dps,ebit,ebitda,ebitdamargin,ebitdausd,ebitusd,ebt,eps,epsdil,epsusd,equity,equityavg,equityusd,ev,evebit,evebitda,fcf,fcfps,fxusd,gp,grossmargin,intangibles,intexp,invcap,invcapavg,inventory,investments,investmentsc,investmentsnc,liabilities,liabilitiesc,liabilitiesnc,marketcap,ncf,ncfbus,ncfcommon,ncfdebt,ncfdiv,ncff,ncfi,ncfinv,ncfo,ncfx,netinc,netinccmn,netinccmnusd,netincdis,netincnci,netmargin,opex,opinc,payables,payoutratio,pb,pe,pe1,ppnenet,prefdivis,price,ps,ps1,receivables,retearn,revenue,revenueusd,rnd,roa,roe,roic,ros,sbcomp,sgna,sharefactor,sharesbas,shareswa,shareswadil,sps,tangibles,taxassets,taxexp,taxliabilities,tbvps,workingcapital
MAGS,MRY,2011-12-31,2011-12-31,2011-12-31,2018-03-28,5089000,85987000,75848500,71621000,14366000,1.168,4.907,-1135000,32622000,32622000,49089000,9844000,2.301,0.686,5428000,5390000,38000,5428000,0,1219000,5877000,0.0,0.0,9811000,11030000,0.125,11030000,9811000,10567000,0.78,0.78,0.78,51011000,39513500,51011000,42074089,4,3.815,19283000,1.855,1.0,39502000,0.446,2160000,-756000,25505000,34007000,9664000,3005000,3005000,0,34976000,31128000,3848000,38883089,13409000,0,16228000,-14395000,0,1833000,-6406000,-5243000,20418000,-2436000,9844000,9844000,9844000,0,0,0.111,31995000,7507000,19861000,0.0,0.762,3.95,4.795,6460000,0,3.74,0.439,0.439,24946000,-23811000,88591000,88591000,3898000,0.13,0.249,0.288,0.111,398000,28097000,1.0,10396548,10396548,,8.521,83827000,508000,723000,205000,8.063,40493000
MAGS,MRY,2012-12-31,2012-12-31,2012-12-31,2018-03-28,6973000,91036000,88511500,78413000,12623000,0.878,3.687,-1630000,36784000,36784000,44163000,4094000,2.684,0.561,5397000,5391000,6000,5397000,0,1178000,6895000,0.0,0.0,5557000,6735000,0.087,6735000,5557000,5085000,0.26,0.26,0.26,58326000,54668500,58326000,37509071,6,5.569,4076000,0.258,1.0,33534000,0.432,2185000,472000,28253000,26879000,8535000,1789000,1789000,0,32710000,29211000,3499000,64703071,6779000,0,1115000,-154000,0,961000,-1048000,604000,5706000,1160000,4094000,4094000,4094000,0,0,0.053,27977000,5557000,16925000,0.0,1.109,15.804,15.731,7122000,0,4.09,0.833,0.833,24033000,-19717000,77697000,77697000,4041000,0.046,0.075,0.207,0.072,222000,23936000,1.0,15819822,15819822,,4.911,88851000,502000,991000,210000,5.616,49202000
MAGS,MRY,2013-12-31,2013-12-31,2013-12-31,2018-03-28,8463000,87671000,89353500,70765000,16906000,0.577,3.574,-1181000,32235000,32235000,31059000,-4529000,2.968,0.524,8182000,6270000,1912000,8182000,0,1719000,4226000,0.0,0.0,-4394000,-2675000,-0.052,-2675000,-4394000,-4394000,-0.28,-0.28,-0.28,57540000,57933000,57540000,23242958,-5,-8.689,-3771000,-0.234,1.0,20458000,0.397,6312000,0,33463000,30858000,8352000,6147000,6147000,0,30131000,23843000,6288000,57308958,-4549000,-2393000,189000,2343000,0,2583000,-5760000,-2182000,-2590000,1218000,-4463000,-4463000,-4463000,0,-66000,-0.087,24977000,-4519000,13347000,0.0,0.996,-12.841,-12.714,7280000,0,3.56,1.112,1.112,18091000,-24180000,51517000,51517000,4409000,-0.05,-0.077,-0.142,-0.085,513000,20568000,1.0,16098022,16098022,,3.2,81359000,529000,69000,219000,5.054,46922000
MAGS,MRY,2014-12-31,2014-12-31,2014-12-31,2018-03-28,2673000,83759000,85715000,68289000,15470000,0.905,3.465,-656000,21602000,21602000,43049000,3320000,3.037,0.497,4477000,3071000,1406000,4477000,0,1967000,1262000,0.0,0.0,3492000,5459000,0.07,5459000,3492000,3492000,0.21,0.21,0.21,55957000,56748500,55957000,69764102,19,12.78,-2366000,-0.147,1.0,34494000,0.445,6343000,0,37807000,35635000,8147000,8001000,8001000,0,27802000,22484000,5318000,93817102,-10633000,-3875000,464000,-3297000,0,-2783000,-3643000,902000,-1710000,-2497000,3410000,3410000,3410000,0,-90000,0.044,33071000,1423000,18151000,0.0,1.677,27.512,27.667,6111000,0,5.81,1.21,1.21,27302000,-20770000,77543000,77543000,4604000,0.04,0.06,0.098,0.045,373000,26028000,1.0,16147522,16147522,,4.802,77416000,1088000,82000,193000,4.794,45805000
MAGS,MRY,2015-12-31,2015-12-31,2015-12-31,2018-03-28,-1444000,74996000,79377500,60449000,14547000,0.803,3.423,-772000,27319000,27319000,32722000,3108000,3.674,0.347,0,0,0,0,0,1503000,2520000,0.0,0.0,5064000,6567000,0.103,6567000,5064000,5064000,0.19,0.19,0.19,55695000,55826000,55695000,52018343,10,7.921,4686000,0.288,1.0,31014000,0.487,5563000,0,25661000,31734000,7879000,3055000,3055000,0,19301000,16453000,2848000,69143343,5717000,0,504000,-4472000,0,-3968000,6397000,7170000,5458000,-2170000,3141000,3141000,3141000,0,-33000,0.049,26625000,4389000,13933000,0.0,1.241,22.013,22.368,5415000,0,4.25,1.085,1.085,22027000,-17629000,63736000,63736000,4814000,0.04,0.056,0.16,0.079,243000,21811000,1.0,16269022,16269022,,3.918,69433000,1055000,1923000,173000,4.268,43996000
MAGS,MRY,2016-12-31,2016-12-31,2016-12-31,2018-03-28,-1511000,105993000,90494500,80040000,25953000,0.749,4.995,-704000,19692000,19692000,34570000,1026000,3.76,0.294,0,0,0,0,472000,1740000,5602000,0.0,0.0,907000,2647000,0.039,2647000,907000,907000,0.06,0.06,0.06,81918000,68806500,81918000,55838281,61,21.095,8229000,0.502,1.0,33255000,0.49,16783000,0,48230000,36945500,6818000,31036000,31036000,0,24075000,21288000,2787000,83142281,-7627000,-12113000,25006000,0,0,25006000,-41734000,-28886000,8933000,168000,1029000,1029000,1029000,0,-3000,0.015,31760000,1495000,15686000,0.0,1.015,80.799,84.5,5301000,0,5.07,1.226,1.226,20993000,-16600000,67825000,67825000,6779000,0.011,0.015,0.025,0.013,258000,24981000,1.0,16398872,16398872,,4.136,89210000,2114000,-122000,167000,5.44,58752000
MAGS,MRY,2017-12-31,2017-12-31,2017-12-31,2018-03-28,5772000,112545000,109269000,85574000,26971000,0.588,3.623,-899000,22463000,22463000,32967000,-6900000,3.27,0.357,0,0,0,0,891000,1876000,7191000,0.0,0.0,-5219000,-3343000,-0.052,-3343000,-5219000,-5219000,-0.3,-0.3,-0.3,82949000,82433500,82949000,96153400,-18,-28.763,-2851000,-0.125,1.0,31325000,0.487,16995000,0,46914000,47572000,9596000,27025000,27025000,0,29596000,26173000,3423000,115845400,2771000,0,581000,0,0,504000,2115000,3027000,-1952000,2104000,-6914000,-6914000,-6914000,0,14000,-0.108,32569000,-1244000,18982000,0.0,1.397,-16.755,-16.867,5718000,0,5.06,1.802,1.802,23648000,-23514000,64292000,64292000,6558000,-0.063,-0.084,-0.11,-0.081,144000,26011000,1.0,22894348,22894348,,2.808,95550000,2579000,1695000,190000,4.174,59401000
