ticker,dimension,calendardate,datekey,reportperiod,lastupdated,accoci,assets,assetsavg,assetsc,assetsnc,assetturnover,bvps,capex,cashneq,cashnequsd,cor,consolinc,currentratio,de,debt,debtc,debtnc,debtusd,deferredrev,depamor,deposits,divyield,dps,ebit,ebitda,ebitdamargin,ebitdausd,ebitusd,ebt,eps,epsdil,epsusd,equity,equityavg,equityusd,ev,evebit,evebitda,fcf,fcfps,fxusd,gp,grossmargin,intangibles,intexp,invcap,invcapavg,inventory,investments,investmentsc,investmentsnc,liabilities,liabilitiesc,liabilitiesnc,marketcap,ncf,ncfbus,ncfcommon,ncfdebt,ncfdiv,ncff,ncfi,ncfinv,ncfo,ncfx,netinc,netinccmn,netinccmnusd,netincdis,netincnci,netmargin,opex,opinc,payables,payoutratio,pb,pe,pe1,ppnenet,prefdivis,price,ps,ps1,receivables,retearn,revenue,revenueusd,rnd,roa,roe,roic,ros,sbcomp,sgna,sharefactor,sharesbas,shareswa,shareswadil,sps,tangibles,taxassets,taxexp,taxliabilities,tbvps,workingcapital
MAYS,MRY,2011-12-31,2011-07-31,2011-07-31,2018-03-08,126415,56341251,56115172,5513162,50828089,0.265,20.554,-1714961,2656354,2656354,7837227,530356,1.072,0.36,11018331,3346267,7672064,11018331,0,1919936,977939,0.0,0.0,1755186,3675122,0.247,3675122,1755186,1102356,0.26,0.26,0.26,41433022,41112875,41433022,41464505,23,11.282,1025275,0.509,1.0,7019138,0.472,0,652830,59558063,59474919,0,1951556,619096,1332460,14908229,5145165,9763064,33260370,1104724,0,0,-365607,0,-290994,-1344518,448080,2740236,0,530356,530356,530356,235632,0,0.036,5131404,1887734,142593,0.0,0.803,62.713,63.462,44690891,0,16.5,2.239,2.239,2020956,37069917,14856365,14856365,0,0.009,0.013,0.03,0.118,0,3574616,1.0,2015780,2015780,2015780,7.37,56341251,646577,572000,2094376,27.95,367997
MAYS,MRY,2012-12-31,2012-07-31,2012-07-31,2018-03-08,133477,55384745,55218054,3879540,51505205,0.299,21.188,-1147616,1340203,1340203,8044218,1270353,1.913,0.297,7522610,158662,7363948,7522610,0,1909174,960916,0.0,0.0,3324117,5233291,0.317,5233291,3324117,2801353,0.63,0.63,0.63,42710437,42229508,42710437,45484167,13,8.691,2435490,1.208,1.0,8485845,0.513,0,522764,59538792,59182270,0,2441606,226397,2215209,12674308,2028360,10645948,38803765,-1316151,0,0,-3346267,0,-3363290,-1535967,-455594,3583106,0,1270353,1270353,1270353,4215,0,0.077,5189697,3296148,85083,0.0,0.909,30.546,30.556,44259379,0,19.25,2.347,2.347,2611125,38340270,16530063,16530063,0,0.023,0.03,0.056,0.201,0,3614784,1.0,2015780,2015780,2015780,8.2,55384745,599000,1531000,3365649,27.476,1851180
MAYS,MRY,2013-12-31,2013-07-31,2013-07-31,2018-03-08,183633,56693937,56340264,3604878,53089059,0.282,21.542,-3327668,664718,664718,8821467,663671,1.428,0.306,7230989,170262,7060727,7230989,0,2093085,837684,0.0,0.0,1607996,3701081,0.233,3701081,1607996,1181671,0.33,0.33,0.33,43424264,43305466,43424264,58814797,36,15.891,-512132,-0.254,1.0,7070356,0.445,0,426325,60735262,58747899,0,2459599,50326,2409273,13269673,2524946,10744727,53720537,-675485,0,0,-158662,0,-281894,-3209127,66591,2815536,0,663671,663671,663671,316021,0,0.042,5220665,1849691,57668,0.0,1.237,80.945,80.758,45634465,0,26.65,3.38,3.38,2571786,39003941,15891823,15891823,0,0.012,0.015,0.027,0.101,0,3584104,1.0,2015780,2015780,2015780,7.884,56693937,1001072,518000,3689118,28.125,1079932
MAYS,MRY,2014-12-31,2014-07-31,2014-07-31,2018-03-08,129412,61176565,58343825,6597766,54578799,0.293,21.882,-3550674,1892760,1892760,9628631,739323,1.763,0.387,9344938,240000,9104938,9344938,3354167,2173774,746603,0.0,0.0,1703338,3877112,0.227,3877112,1703338,1280323,0.37,0.37,0.37,44109366,43891895,44109366,126901561,74,32.731,584160,0.29,1.0,7452799,0.436,0,423015,64886482,61491557,0,1354213,0,1354213,17067199,3742261,13324938,121110682,1228042,0,0,-170262,0,-261343,-2645449,1191035,4134834,0,739323,739323,739323,0,0,0.043,5981772,1471027,144250,0.0,2.746,163.813,162.382,47458998,0,60.081,7.09,7.09,4177749,39743264,17081430,17081430,0,0.013,0.017,0.028,0.1,0,4255631,1.0,2015780,2015780,2015780,8.474,61176565,1760006,541000,4226357,30.349,2855505
MAYS,MRY,2015-12-31,2015-07-31,2015-07-31,2018-03-08,196033,62802152,62203374,6980620,55821532,0.304,23.011,-2455496,4085704,4085704,9658282,2208682,1.736,0.354,6834337,127891,6706446,6834337,2187500,2027154,776588,0.0,0.0,3268155,5295309,0.28,5295309,3268155,2921682,1.1,1.1,1.1,46384669,45306695,46384669,112431378,34,21.232,1658430,0.823,1.0,9251495,0.489,0,346473,61530380,63757028,0,1461504,0,1461504,16417483,4020405,12397078,106937129,2192944,0,0,515953,0,545938,-2466920,-40215,4113926,0,2208682,2208682,2208682,0,0,0.117,6034558,3216937,39759,0.0,2.305,48.417,48.227,48191392,0,53.05,5.655,5.655,3281889,41951946,18909777,18909777,0,0.036,0.049,0.051,0.173,0,4311456,1.0,2015780,2015780,2015780,9.381,62802152,695265,713000,3860972,31.155,2960215
MAYS,MRY,2016-12-31,2016-07-31,2016-07-31,2018-03-08,264541,63545254,65739141,7092364,56452890,0.283,23.798,-2508505,6388164,6388164,10080913,1517760,1.605,0.325,6706446,1156846,5549600,6706446,1020833,1951439,897965,0.0,0.0,2559141,4510580,0.243,4510580,2559141,2313760,0.75,0.75,0.75,47970937,47285703,47970937,98760327,38,21.895,1454074,0.721,1.0,8501941,0.458,0,245381,59444701,63946831,0,2062205,0,2062205,15574317,4418835,11155482,95749550,1143122,0,0,-150763,0,-29386,-2790071,-534192,3962579,0,1517760,1517760,1517760,0,0,0.082,5968749,2533192,80343,0.0,1.996,63.086,63.333,49064737,0,47.5,5.153,5.153,2516163,43469706,18582854,18582854,0,0.023,0.032,0.04,0.138,0,4333589,1.0,2015780,2015780,2015780,9.219,63545254,17004,796000,4623963,31.524,2673529
MAYS,MRY,2017-12-31,2017-07-31,2017-07-31,2018-03-08,368476,64848939,64038342,7243726,57605213,0.305,24.804,-2103042,6676929,6676929,10212761,1925539,2.604,0.297,5572477,162569,5409908,5572477,0,1962565,1036197,0.0,0.0,3132477,5095042,0.261,5095042,3132477,2906539,0.96,0.96,0.96,50000411,49143459,50000411,82227395,26,16.139,1879232,0.932,1.0,9336626,0.478,0,225938,60963159,65457115,0,2815727,0,2815727,14848528,2781328,12067200,75591750,152369,0,0,-1156846,0,-1018614,-2811291,-571853,3982274,0,1925539,1925539,1925539,0,0,0.098,6298776,3037850,79103,0.0,1.512,39.257,39.063,49485089,0,37.5,3.867,3.867,2108364,45395245,19549387,19549387,0,0.03,0.039,0.048,0.16,0,4616086,1.0,2015780,2015780,2015780,9.698,64848939,6891,981000,5645135,32.171,4462398
