ticker,dimension,calendardate,datekey,reportperiod,lastupdated,accoci,assets,assetsavg,assetsc,assetsnc,assetturnover,bvps,capex,cashneq,cashnequsd,cor,consolinc,currentratio,de,debt,debtc,debtnc,debtusd,deferredrev,depamor,deposits,divyield,dps,ebit,ebitda,ebitdamargin,ebitdausd,ebitusd,ebt,eps,epsdil,epsusd,equity,equityavg,equityusd,ev,evebit,evebitda,fcf,fcfps,fxusd,gp,grossmargin,intangibles,intexp,invcap,invcapavg,inventory,investments,investmentsc,investmentsnc,liabilities,liabilitiesc,liabilitiesnc,marketcap,ncf,ncfbus,ncfcommon,ncfdebt,ncfdiv,ncff,ncfi,ncfinv,ncfo,ncfx,netinc,netinccmn,netinccmnusd,netincdis,netincnci,netmargin,opex,opinc,payables,payoutratio,pb,pe,pe1,ppnenet,prefdivis,price,ps,ps1,receivables,retearn,revenue,revenueusd,rnd,roa,roe,roic,ros,sbcomp,sgna,sharefactor,sharesbas,shareswa,shareswadil,sps,tangibles,taxassets,taxexp,taxliabilities,tbvps,workingcapital
MCK,MRY,2011-12-31,2011-03-31,2011-03-31,2018-02-01,87000000,30886000000,28868250000,22357000000,8529000000,3.883,28.314,-388000000,3612000000,3612000000,106114000000,1202000000,1.194,3.278,4004000000,417000000,3587000000,4004000000,1321000000,496000000,0,0.009,0.72,1929000000,2425000000,0.022,2425000000,1929000000,1707000000,4.65,4.57,4.65,7220000000,6998500000,7220000000,20948255924,10,8.638,1950000000,7.558,1.0,5970000000,0.053,5820000000,222000000,6732000000,5726000000,9225000000,0,0,0,23666000000,18726000000,4940000000,20099255924,-119000000,-183000000,-1683000000,-41000000,-171000000,-1841000000,-624000000,0,2338000000,8000000,1202000000,1202000000,1202000000,-72000000,0,0.011,4149000000,1821000000,14090000000,0.155,2.784,16.722,17.0,991000000,0,79.05,0.179,0.182,9187000000,8250000000,112084000000,112084000000,407000000,0.042,0.172,0.337,0.017,137000000,3529000000,1.0,254260037,258000000,263000000,434.434,25066000000,0,505000000,1037000000,98.298,3631000000
MCK,MRY,2012-12-31,2012-03-31,2012-03-31,2018-02-01,5000000,33093000000,32293500000,23603000000,9490000000,3.788,28.111,-398000000,3149000000,3149000000,115919000000,1403000000,1.088,3.845,3980000000,908000000,3072000000,3980000000,1423000000,493000000,0,0.009,0.8,2168000000,2661000000,0.022,2661000000,2168000000,1917000000,5.7,5.59,5.7,6831000000,7080000000,6831000000,21396612854,9,8.041,2552000000,10.374,1.0,6402000000,0.052,6782000000,251000000,5456000000,6209750000,10073000000,0,0,0,26262000000,21686000000,4576000000,21600612854,-463000000,-1051000000,-1707000000,-30000000,-195000000,-1905000000,-1502000000,0,2950000000,-6000000,1403000000,1403000000,1403000000,-24000000,0,0.011,4278000000,2124000000,16114000000,0.14,3.162,15.396,15.398,1043000000,0,87.77,0.177,0.177,9977000000,9451000000,122321000000,122321000000,402000000,0.043,0.198,0.349,0.018,154000000,3727000000,1.0,246104738,246000000,251000000,497.24,26311000000,0,514000000,1092000000,108.276,1917000000
MCK,MRY,2013-12-31,2013-03-31,2013-03-31,2018-02-01,-65000000,34786000000,33233750000,23170000000,11616000000,3.677,30.474,-400000000,2456000000,2456000000,115315000000,1338000000,1.085,3.92,4873000000,352000000,4521000000,4873000000,1359000000,581000000,0,0.007,0.8,2165000000,2746000000,0.022,2746000000,2165000000,1925000000,5.71,5.59,5.71,7070000000,7409250000,7070000000,26895736601,12,9.795,2083000000,8.864,1.0,6881000000,0.056,8675000000,240000000,7171000000,6924000000,10335000000,0,0,0,27716000000,21357000000,6359000000,25142736601,-693000000,-1873000000,-1048000000,255000000,-194000000,-956000000,-2209000000,0,2483000000,-11000000,1338000000,1338000000,1338000000,25000000,0,0.011,4615000000,2266000000,16108000000,0.14,3.556,18.791,18.907,1321000000,0,107.96,0.206,0.208,9975000000,10402000000,122196000000,122196000000,433000000,0.04,0.181,0.313,0.018,167000000,4110000000,1.0,232889372,235000000,239000000,519.983,26111000000,0,587000000,1626000000,112.547,1813000000
MCK,MRY,2014-12-31,2014-03-31,2014-03-31,2018-02-01,-3000000,51759000000,39919000000,32836000000,18923000000,3.442,37.214,-419000000,4193000000,4193000000,129040000000,1258000000,1.109,4.863,10594000000,1665000000,8929000000,10594000000,1236000000,735000000,0,0.005,0.92,2320000000,3055000000,0.022,3055000000,2320000000,2020000000,5.51,5.41,5.51,8522000000,7986500000,8522000000,43076487486,18,14.1,2717000000,11.865,1.0,8352000000,0.061,14798000000,300000000,13747000000,9482250000,12986000000,0,0,0,41441000000,29615000000,11826000000,40633487486,1737000000,-4491000000,47000000,3724000000,-214000000,3619000000,-5046000000,0,3136000000,28000000,1263000000,1263000000,1263000000,156000000,-5000000,0.009,5913000000,2439000000,21128000000,0.167,4.768,32.172,32.045,2196000000,0,176.57,0.296,0.294,13780000000,11453000000,137392000000,137392000000,457000000,0.032,0.158,0.245,0.017,160000000,5388000000,1.0,230126791,229000000,233000000,599.965,36961000000,0,757000000,1588000000,161.402,3221000000
MCK,MRY,2015-12-31,2015-03-31,2015-03-31,2018-02-01,-1713000000,53870000000,53554500000,36670000000,17200000000,3.343,34.487,-545000000,5341000000,5341000000,167634000000,1543000000,1.095,5.722,9844000000,1664000000,8180000000,9844000000,1078000000,1017000000,0,0.004,0.96,2665000000,3682000000,0.021,3682000000,2665000000,2291000000,6.37,6.27,6.37,8001000000,8748750000,8001000000,58476430650,21,15.882,2567000000,11.065,1.0,11411000000,0.064,13258000000,374000000,11618000000,14228500000,14296000000,0,0,0,45785000000,33497000000,12288000000,52669430650,1148000000,-155000000,-298000000,-402000000,-227000000,-968000000,-677000000,0,3112000000,-319000000,1476000000,1476000000,1476000000,299000000,67000000,0.008,8443000000,2968000000,25166000000,0.151,6.583,35.684,35.51,2045000000,0,226.2,0.294,0.293,15914000000,12705000000,179045000000,179045000000,392000000,0.028,0.169,0.187,0.015,174000000,7901000000,1.0,232844521,232000000,235000000,771.746,40612000000,0,815000000,2679000000,175.052,3173000000
MCK,MRY,2016-12-31,2016-03-31,2016-03-31,2018-02-01,-1561000000,56523000000,55838500000,38435000000,18088000000,3.419,39.313,-677000000,4048000000,4048000000,179468000000,2310000000,1.096,5.324,8114000000,1617000000,6497000000,8114000000,919000000,885000000,0,0.007,1.08,3519000000,4404000000,0.023,4404000000,3519000000,3166000000,9.82,9.7,9.82,8924000000,8860250000,8924000000,41257301661,11,9.368,2995000000,13.022,1.0,11416000000,0.06,12807000000,353000000,12713000000,12468750000,15335000000,0,0,0,47515000000,35069000000,12446000000,35945301661,-1293000000,-769000000,-1489000000,-1725000000,-244000000,-3453000000,-1557000000,0,3672000000,45000000,2258000000,2258000000,2258000000,32000000,52000000,0.012,7871000000,3545000000,28585000000,0.11,4.028,15.919,16.013,2278000000,0,157.25,0.188,0.189,17980000000,8360000000,190884000000,190884000000,392000000,0.04,0.255,0.282,0.018,123000000,7276000000,1.0,228586974,230000000,233000000,829.93,43716000000,0,908000000,2734000000,192.581,3366000000
MCK,MRY,2017-12-31,2017-03-31,2017-03-31,2018-02-01,-2141000000,60969000000,58765500000,36948000000,24021000000,3.378,52.335,-562000000,2783000000,2783000000,187262000000,5153000000,1.038,4.479,8545000000,1240000000,7305000000,8545000000,346000000,910000000,0,0.008,1.12,6992000000,7902000000,0.04,7902000000,6992000000,6684000000,22.95,22.73,22.95,11095000000,9371250000,11095000000,38127904243,5,4.825,4182000000,18.923,1.0,11271000000,0.057,14251000000,308000000,16868000000,12681500000,15278000000,4063000000,0,4063000000,49696000000,35612000000,14084000000,31438904243,-1265000000,-3309000000,-2191000000,393000000,-253000000,-2069000000,-3796000000,0,4744000000,-144000000,5070000000,5070000000,5070000000,124000000,83000000,0.026,8109000000,3162000000,31022000000,0.049,2.834,6.201,6.46,2292000000,0,148.26,0.158,0.165,18215000000,13189000000,198533000000,198533000000,341000000,0.086,0.541,0.551,0.035,115000000,7466000000,1.0,212052504,221000000,223000000,898.339,46718000000,0,1614000000,3678000000,220.368,1336000000
