ticker,dimension,calendardate,datekey,reportperiod,lastupdated,accoci,assets,assetsavg,assetsc,assetsnc,assetturnover,bvps,capex,cashneq,cashnequsd,cor,consolinc,currentratio,de,debt,debtc,debtnc,debtusd,deferredrev,depamor,deposits,divyield,dps,ebit,ebitda,ebitdamargin,ebitdausd,ebitusd,ebt,eps,epsdil,epsusd,equity,equityavg,equityusd,ev,evebit,evebitda,fcf,fcfps,fxusd,gp,grossmargin,intangibles,intexp,invcap,invcapavg,inventory,investments,investmentsc,investmentsnc,liabilities,liabilitiesc,liabilitiesnc,marketcap,ncf,ncfbus,ncfcommon,ncfdebt,ncfdiv,ncff,ncfi,ncfinv,ncfo,ncfx,netinc,netinccmn,netinccmnusd,netincdis,netincnci,netmargin,opex,opinc,payables,payoutratio,pb,pe,pe1,ppnenet,prefdivis,price,ps,ps1,receivables,retearn,revenue,revenueusd,rnd,roa,roe,roic,ros,sbcomp,sgna,sharefactor,sharesbas,shareswa,shareswadil,sps,tangibles,taxassets,taxexp,taxliabilities,tbvps,workingcapital
MENT,MRY,2011-12-31,2012-01-31,2012-01-31,2017-04-08,28680000,1550675000,1433283000,567435000,983240000,0.708,7.925,-41555000,150736000,150736000,173458000,83387000,1.517,0.78,229190000,15966000,213224000,229190000,206423000,54187000,0,0.0,0.0,114253000,168440000,0.166,168440000,114253000,82809000,0.76,0.74,0.76,866074000,825240500,866074000,1626585704,14,9.657,62383000,0.566,1.0,841180000,0.829,555671000,31444000,699520000,675491250,8136000,0,0,0,675335000,373938000,301397000,1517686704,13386000,-15260000,-52536000,31797000,0,-29759000,-60792000,0,103938000,-1000,83872000,83872000,83872000,0,-485000,0.083,731256000,109924000,17261000,0.0,1.752,18.095,18.25,148019000,0,13.87,1.496,1.506,586364000,62032000,1014638000,1014638000,310758000,0.059,0.102,0.169,0.113,21658000,401419000,1.0,109422257,110138000,112915000,9.212,995004000,17803000,-1063000,36795000,9.105,193497000
MENT,MRY,2012-12-31,2013-01-31,2013-01-31,2017-04-08,25399000,1745284000,1602726500,704952000,1040332000,0.679,9.176,-45130000,223783000,223783000,189690000,138634000,1.712,0.676,224510000,5964000,218546000,224510000,251514000,53551000,0,0.0,0.0,160303000,213854000,0.196,213854000,160303000,141437000,1.2,1.17,1.2,1033479000,955583750,1033479000,1988321124,12,9.298,94157000,0.848,1.0,899037000,0.826,557770000,18866000,776416000,760400750,18036000,0,0,0,699107000,411825000,287282000,1926655124,77284000,-15652000,12842000,-11165000,0,1943000,-60782000,0,139287000,-3164000,138736000,138736000,138736000,0,-102000,0.127,739168000,159869000,20906000,0.0,1.864,13.887,14.275,162402000,0,17.13,1.77,1.746,673716000,197178000,1088727000,1088727000,313962000,0.087,0.145,0.211,0.147,23697000,409345000,1.0,112472570,110998000,114017000,9.809,1187514000,14973000,2701000,31843000,10.543,293127000
MENT,MRY,2013-12-31,2014-01-31,2014-01-31,2017-04-08,18803000,1904109000,1727179250,830109000,1074000000,0.67,10.308,-30761000,293322000,293322000,187107000,153558000,2.02,0.593,233851000,9590000,224261000,233851000,248577000,52454000,0,0.009,0.18,184220000,236674000,0.205,236674000,184220000,164768000,1.33,1.29,1.33,1185294000,1077822500,1185294000,2388665529,12,10.093,118942000,1.046,1.0,969266000,0.838,571843000,19452000,861808000,812119750,25121000,3990000,3990000,0,703336000,410987000,292349000,2383882529,69539000,-20906000,3018000,-4014000,-20398000,-21008000,-56375000,-4708000,149703000,-2781000,155258000,155258000,155258000,0,-1700000,0.134,790318000,178948000,21548000,0.135,2.011,15.354,15.639,160165000,0,20.8,2.062,2.045,740354000,327552000,1156373000,1156373000,348817000,0.09,0.144,0.227,0.159,29350000,418342000,1.0,114609737,113671000,116702000,10.173,1332266000,13656000,9510000,21796000,11.586,419122000
MENT,MRY,2014-12-31,2015-01-31,2015-01-31,2017-04-08,-11887000,2046008000,1857321750,865294000,1180714000,0.67,11.033,-48366000,230281000,230281000,204313000,145177000,1.96,0.597,234614000,7228000,227386000,234614000,280591000,58046000,0,0.009,0.2,188996000,247042000,0.199,247042000,188996000,169720000,1.28,1.26,1.28,1272626000,1182013750,1272626000,2705996472,14,10.954,92473000,0.807,1.0,1039820000,0.836,645506000,19276000,963305000,900665000,22512000,0,0,0,759782000,441530000,318252000,2648489472,-63041000,-84596000,-40063000,-6319000,-22911000,-71685000,-128838000,4124000,140839000,-3357000,147139000,147139000,147139000,0,-1962000,0.118,857662000,182158000,12687000,0.156,2.081,18.0,17.977,170737000,0,23.01,2.129,2.12,869468000,451901000,1244133000,1244133000,381125000,0.079,0.124,0.21,0.152,35807000,444881000,1.0,115101672,114635000,117078000,10.853,1400502000,23490000,22581000,25273000,12.142,423764000
MENT,MRY,2015-12-31,2016-01-31,2016-01-31,2017-04-08,-21100000,2064364000,1996208250,898467000,1165897000,0.592,11.34,-41268000,334826000,334826000,189658000,94176000,2.122,0.563,273525000,33449000,240076000,273525000,277028000,61422000,0,0.013,0.22,140458000,201880000,0.171,201880000,140458000,121030000,0.83,0.81,0.83,1320429000,1298689000,1320429000,2022373001,14,10.018,189982000,1.628,1.0,991330000,0.839,644288000,19428000,935465000,841046000,24762000,0,0,0,743935000,423310000,320625000,2041800001,104545000,-11700000,-52193000,18922000,-25590000,-72561000,-52968000,0,231250000,-1176000,96277000,96277000,96277000,0,-2101000,0.082,860434000,130896000,16740000,0.265,1.546,21.208,20.94,182092000,0,17.38,1.729,1.717,784986000,522846000,1180988000,1180988000,381440000,0.048,0.074,0.167,0.119,40497000,425197000,1.0,117479862,116701000,119263000,10.12,1420076000,0,24753000,29082000,12.195,475157000
MENT,MRY,2016-12-31,2017-01-31,2017-01-31,2017-04-08,-25565000,2261185000,1978911000,1023851000,1237334000,0.648,12.523,-60288000,441087000,441087000,194228000,154866000,1.342,0.636,289862000,274638000,15224000,289862000,334493000,61847000,0,0.006,0.22,205330000,267177000,0.208,267177000,205330000,184856000,1.42,1.37,1.42,1375683000,1250534250,1375683000,4059305349,19,15.193,261523000,2.404,1.0,1088239000,0.849,643349000,20474000,703856000,798296000,18575000,0,0,0,875466000,762755000,112711000,4042447349,106261000,-11759000,-113560000,-3239000,-23808000,-145323000,-72047000,0,321811000,1820000,154866000,154866000,154866000,0,0,0.121,888592000,199647000,16454000,0.155,2.939,26.103,25.993,210680000,0,36.91,3.152,3.131,835133000,664084000,1282467000,1282467000,412309000,0.078,0.124,0.257,0.16,46793000,454486000,1.0,109521738,108795000,114322000,11.788,1617836000,0,29990000,33668000,14.727,261096000
