ticker,dimension,calendardate,datekey,reportperiod,lastupdated,accoci,assets,assetsavg,assetsc,assetsnc,assetturnover,bvps,capex,cashneq,cashnequsd,cor,consolinc,currentratio,de,debt,debtc,debtnc,debtusd,deferredrev,depamor,deposits,divyield,dps,ebit,ebitda,ebitdamargin,ebitdausd,ebitusd,ebt,eps,epsdil,epsusd,equity,equityavg,equityusd,ev,evebit,evebitda,fcf,fcfps,fxusd,gp,grossmargin,intangibles,intexp,invcap,invcapavg,inventory,investments,investmentsc,investmentsnc,liabilities,liabilitiesc,liabilitiesnc,marketcap,ncf,ncfbus,ncfcommon,ncfdebt,ncfdiv,ncff,ncfi,ncfinv,ncfo,ncfx,netinc,netinccmn,netinccmnusd,netincdis,netincnci,netmargin,opex,opinc,payables,payoutratio,pb,pe,pe1,ppnenet,prefdivis,price,ps,ps1,receivables,retearn,revenue,revenueusd,rnd,roa,roe,roic,ros,sbcomp,sgna,sharefactor,sharesbas,shareswa,shareswadil,sps,tangibles,taxassets,taxexp,taxliabilities,tbvps,workingcapital
MGAM,MRY,2011-12-31,2011-09-30,2011-09-30,2017-05-18,-452000,181879000,182747000,89948000,91931000,0.7,4.124,-37376000,46710000,46710000,27101000,5677000,2.931,0.569,37000000,3700000,33300000,37000000,1792000,40957000,0,0.0,0.0,9439000,50396000,0.394,50396000,9439000,6379000,0.2,0.2,0.2,115902000,113056750,115902000,102296373,10,2.03,31203000,1.11,1.0,100754000,0.788,28395000,3060000,113088000,130949000,7291000,10449000,0,10449000,65977000,30686000,35291000,107469373,24918000,0,-6092000,-7625000,0,-13717000,-30194000,0,68579000,250000,5677000,5677000,5677000,0,0,0.044,94600000,6154000,25855000,0.0,0.927,18.931,20.2,47399000,0,4.04,0.841,0.888,30284000,81109000,127855000,127855000,12930000,0.031,0.05,0.072,0.074,1532000,38700000,1.0,26601330,28106000,28686000,4.549,153484000,3580000,702000,651000,5.461,59262000
MGAM,MRY,2012-12-31,2012-09-30,2012-09-30,2017-05-18,-329000,225975000,202692000,121450000,104525000,0.771,5.575,-45220000,73755000,73755000,31095000,28174000,3.533,0.458,33300000,3700000,29600000,33300000,483000,38270000,0,0.0,0.0,26689000,64959000,0.416,64959000,26689000,25297000,1.01,0.96,1.01,155020000,138741500,155020000,403843106,15,6.217,29323000,1.055,1.0,125081000,0.801,37664000,1392000,113481000,108604500,7083000,0,0,0,70955000,34375000,36580000,437455106,27045000,0,6849000,-3700000,0,3703000,-51051000,0,74543000,-150000,28174000,28174000,28174000,0,0,0.18,100990000,24091000,30192000,0.0,2.822,15.527,15.574,57924000,0,15.73,2.801,2.801,26260000,109283000,156176000,156176000,15082000,0.139,0.203,0.246,0.171,2864000,46451000,1.0,27810242,27807000,29261000,5.616,188311000,14421000,-2877000,6320000,6.772,87075000
MGAM,MRY,2013-12-31,2013-09-30,2013-09-30,2017-05-18,0,281525000,257346750,156816000,124709000,0.736,7.113,-48624000,102632000,102632000,36946000,34934000,4.702,0.347,29600000,3700000,25900000,29600000,520000,34846000,0,0.0,0.0,52906000,87752000,0.463,87752000,52906000,51767000,1.21,1.14,1.21,208941000,184934500,208941000,938300917,17,10.693,27889000,0.964,1.0,152420000,0.805,34723000,1139000,140421000,127977750,12429000,2093000,2093000,0,72584000,33349000,39235000,1000259917,28877000,0,4338000,-3700000,0,11034000,-58670000,0,76513000,0,34934000,34934000,34934000,0,0,0.184,100038000,52382000,29129000,0.0,4.787,28.633,28.554,77458000,0,34.55,5.282,5.278,31407000,144217000,189366000,189366000,16842000,0.136,0.189,0.413,0.279,-6470000,48350000,1.0,28951083,28929000,30677000,6.546,246802000,16225000,16833000,12824000,8.402,123467000
MGAM,MRY,2014-12-31,2014-09-30,2014-09-30,2017-05-18,0,315012000,303296000,192864000,122148000,0.719,8.005,-35408000,138086000,138086000,46933000,31929000,5.056,0.289,25900000,3700000,22200000,25900000,447000,43388000,0,0.0,0.0,52492000,95880000,0.44,95880000,52492000,51562000,1.07,1.02,1.07,244358000,233279000,244358000,966345923,18,10.079,56895000,1.905,1.0,171196000,0.785,32022000,930000,132659000,138559500,12412000,2375000,2375000,0,70654000,38145000,32509000,1068830923,35454000,0,-10644000,-3700000,0,-6086000,-50763000,-4750000,92303000,0,31929000,31929000,31929000,0,0,0.146,119282000,51914000,33998000,0.0,4.374,33.475,33.654,76862000,0,36.01,4.9,4.93,30633000,176146000,218129000,218129000,17174000,0.105,0.137,0.379,0.241,-2384000,58720000,1.0,29681503,29861000,31269000,7.305,282990000,14545000,19633000,9838000,9.27,154719000
