ticker,dimension,calendardate,datekey,reportperiod,lastupdated,accoci,assets,assetsavg,assetsc,assetsnc,assetturnover,bvps,capex,cashneq,cashnequsd,cor,consolinc,currentratio,de,debt,debtc,debtnc,debtusd,deferredrev,depamor,deposits,divyield,dps,ebit,ebitda,ebitdamargin,ebitdausd,ebitusd,ebt,eps,epsdil,epsusd,equity,equityavg,equityusd,ev,evebit,evebitda,fcf,fcfps,fxusd,gp,grossmargin,intangibles,intexp,invcap,invcapavg,inventory,investments,investmentsc,investmentsnc,liabilities,liabilitiesc,liabilitiesnc,marketcap,ncf,ncfbus,ncfcommon,ncfdebt,ncfdiv,ncff,ncfi,ncfinv,ncfo,ncfx,netinc,netinccmn,netinccmnusd,netincdis,netincnci,netmargin,opex,opinc,payables,payoutratio,pb,pe,pe1,ppnenet,prefdivis,price,ps,ps1,receivables,retearn,revenue,revenueusd,rnd,roa,roe,roic,ros,sbcomp,sgna,sharefactor,sharesbas,shareswa,shareswadil,sps,tangibles,taxassets,taxexp,taxliabilities,tbvps,workingcapital
MGLN,MRY,2011-12-31,2011-12-31,2011-12-31,2018-04-29,-150000,1341167000,1401533000,732709000,608458000,1.997,30.522,-54394000,305656000,305656000,2546396000,129623000,1.983,0.587,0,0,0,0,0,58623000,0,0.0,0.0,197162000,255785000,0.091,255785000,197162000,194660000,4.25,4.17,4.25,845274000,916142500,845274000,1110967242,5,4.343,57609000,1.89,1.0,253004000,0.09,471528000,2502000,194433000,306497250,39567000,200903000,192947000,7956000,495893000,369550000,126343000,1408332242,-217317000,-376000,-387645000,-559000,0,-345581000,16261000,71031000,112003000,0,129623000,129623000,129623000,0,0,0.046,58623000,194381000,156663000,0.0,1.666,10.865,11.64,118022000,0,49.47,0.503,0.539,121606000,824205000,2799400000,2799400000,0,0.092,0.141,0.643,0.07,17418000,0,1.0,28468410,30478000,31058000,91.85,869639000,35138000,65037000,121428000,31.402,363159000
MGLN,MRY,2012-12-31,2012-12-31,2012-12-31,2018-04-29,-35000,1512133000,1441050000,871418000,640715000,2.226,36.799,-69549000,416018000,416018000,2957816000,151027000,2.216,0.486,0,0,0,0,0,60488000,0,0.0,0.0,191112000,251600000,0.078,251600000,191112000,188865000,5.51,5.42,5.51,1017333000,946940500,1017333000,899753503,4,3.576,111744000,4.042,1.0,249581000,0.078,461874000,2247000,241039000,196050250,45727000,233690000,201127000,32563000,494800000,393202000,101598000,1354646503,69602000,0,-21868000,0,0,-1124000,-110567000,-39793000,181293000,0,151027000,151027000,151027000,0,0,0.047,60488000,189093000,215510000,0.0,1.332,8.97,8.893,136548000,0,49.0,0.422,0.422,138253000,975232000,3207397000,3207397000,0,0.105,0.159,0.975,0.06,17783000,0,1.0,27645847,27645847,,116.017,1050259000,31698000,37838000,94783000,37.99,478216000
MGLN,MRY,2013-12-31,2013-12-31,2013-12-31,2018-04-29,-93000,1759218000,1626482000,989358000,769860000,2.18,42.726,-64542000,439883000,439883000,3308123000,125261000,2.077,0.512,26725000,3005000,23720000,26725000,0,71994000,0,0.0,0.0,168185000,240179000,0.068,240179000,168185000,165185000,4.63,4.53,4.63,1156485000,1090107500,1156485000,1158284759,6,4.823,118619000,4.382,1.0,238194000,0.067,557900000,3000000,311893000,328111500,49609000,208313000,175883000,32430000,592179000,476267000,115912000,1621630759,13723000,-107541000,-60677000,-3001000,0,-13530000,-155908000,16175000,183161000,0,125261000,125261000,125261000,0,0,0.035,71994000,166200000,271194000,0.0,1.402,12.946,12.94,172333000,0,59.91,0.457,0.457,238185000,1100493000,3546317000,3546317000,0,0.077,0.115,0.513,0.047,21252000,0,1.0,27067781,27067781,,131.016,1201318000,37530000,39924000,74389000,44.382,513091000
MGLN,MRY,2014-12-31,2014-12-31,2014-12-31,2018-04-29,-143000,2068943000,1957187750,1140323000,928620000,1.921,41.003,-62337000,470628000,470628000,3545042000,74231000,1.946,0.82,269841000,15779000,254062000,269841000,0,91070000,0,0.0,0.0,130480000,221550000,0.059,221550000,130480000,123093000,2.98,2.9,2.98,1133558000,1156378500,1133558000,1400492234,10,6.321,127336000,4.606,1.0,215076000,0.057,699824000,7387000,582492000,426705500,39375000,267654000,224361000,43293000,929428000,585840000,343588000,1659579234,30745000,-128277000,-197533000,241955000,0,96201000,-255129000,-64515000,189673000,0,79404000,79404000,79404000,0,-5173000,0.021,91070000,124006000,342411000,0.0,1.464,20.9,20.144,171916000,0,60.03,0.441,0.441,353713000,1179897000,3760118000,3760118000,0,0.041,0.069,0.306,0.035,40584000,0,1.0,27645831,27645831,,136.01,1369119000,3692000,43689000,19736000,49.524,554483000
MGLN,MRY,2015-12-31,2015-12-31,2015-12-31,2018-04-29,-262000,2069060000,2126494000,1097682000,971378000,2.162,41.689,-71584000,249029000,249029000,4419024000,28707000,1.516,0.935,257309000,19014000,238295000,257309000,0,102844000,0,0.0,0.0,80403000,183247000,0.04,183247000,80403000,73822000,1.26,1.21,1.26,1066183000,1114291000,1066183000,1607019481,19,8.77,85873000,3.358,1.0,178376000,0.039,754764000,6581000,598341000,661239500,50749000,326165000,322339000,3826000,996940000,724235000,272705000,1576937481,-221599000,-55818000,-206044000,-17038000,0,-185869000,-193187000,-65785000,157457000,0,31413000,31413000,31413000,0,-2706000,0.007,102844000,75532000,336933000,0.0,1.479,50.2,48.937,174745000,0,61.66,0.343,0.343,428644000,1211310000,4597400000,4597400000,0,0.015,0.028,0.122,0.017,50384000,0,1.0,25574724,25574724,,179.763,1314296000,26836000,42409000,12677000,51.39,373447000
MGLN,MRY,2016-12-31,2016-12-31,2016-12-31,2018-04-29,-175000,2443687000,2243422750,1319267000,1124420000,2.156,47.317,-60881000,304508000,304508000,4577946000,75789000,1.207,1.218,618379000,403693000,214686000,618379000,0,106046000,0,0.0,0.0,157800000,263846000,0.055,263846000,157800000,147607000,3.36,3.22,3.36,1099719000,1078089750,1099719000,2067088488,13,7.834,5818000,0.25,1.0,258938000,0.054,928286000,10193000,736422000,844841250,58995000,305253000,297493000,7760000,1339198000,1092850000,246348000,1748919488,55479000,-199237000,-106806000,354109000,0,233119000,-244339000,15779000,66699000,0,77879000,77879000,77879000,0,-2090000,0.016,106046000,152892000,279771000,0.0,1.59,22.457,22.396,172524000,0,75.25,0.362,0.362,606764000,1289288000,4836884000,4836884000,0,0.035,0.072,0.187,0.033,37422000,0,1.0,23241455,23241455,,208.115,1515401000,3125000,69728000,13981000,65.203,226417000
MGLN,MRY,2017-12-31,2017-12-31,2017-12-31,2018-04-29,-380000,2957234000,2630513000,1483353000,1473881000,2.22,53.094,-57232000,398732000,398732000,5567563000,110141000,1.662,1.317,853737000,112849000,740888000,853737000,0,115706000,0,0.0,0.0,161267000,276973000,0.047,276973000,161267000,135290000,4.72,4.51,4.72,1276494000,1188602250,1276494000,2581293099,16,9.32,105041000,4.369,1.0,271020000,0.046,1274576000,25977000,1245360000,1058172000,40945000,327865000,310578000,17287000,1680740000,892303000,788437000,2321283099,94224000,-232403000,-21765000,238343000,0,248341000,-316390000,-26755000,162273000,0,110207000,110207000,110207000,0,-66000,0.019,115706000,155314000,401925000,0.0,1.818,21.063,20.456,158638000,0,96.55,0.398,0.398,660775000,1399495000,5838583000,5838583000,0,0.042,0.093,0.152,0.028,39116000,0,1.0,24042290,24042290,,242.846,1682658000,813000,25083000,26524000,69.987,591050000
