ticker,dimension,calendardate,datekey,reportperiod,lastupdated,accoci,assets,assetsavg,assetsc,assetsnc,assetturnover,bvps,capex,cashneq,cashnequsd,cor,consolinc,currentratio,de,debt,debtc,debtnc,debtusd,deferredrev,depamor,deposits,divyield,dps,ebit,ebitda,ebitdamargin,ebitdausd,ebitusd,ebt,eps,epsdil,epsusd,equity,equityavg,equityusd,ev,evebit,evebitda,fcf,fcfps,fxusd,gp,grossmargin,intangibles,intexp,invcap,invcapavg,inventory,investments,investmentsc,investmentsnc,liabilities,liabilitiesc,liabilitiesnc,marketcap,ncf,ncfbus,ncfcommon,ncfdebt,ncfdiv,ncff,ncfi,ncfinv,ncfo,ncfx,netinc,netinccmn,netinccmnusd,netincdis,netincnci,netmargin,opex,opinc,payables,payoutratio,pb,pe,pe1,ppnenet,prefdivis,price,ps,ps1,receivables,retearn,revenue,revenueusd,rnd,roa,roe,roic,ros,sbcomp,sgna,sharefactor,sharesbas,shareswa,shareswadil,sps,tangibles,taxassets,taxexp,taxliabilities,tbvps,workingcapital
MHO,MRY,2011-12-31,2011-12-31,2011-12-31,2018-04-28,0,664485000,656308750,,,0.863,14.589,-1352000,101127000,101127000,467130000,-33877000,,1.431,297423000,,,297423000,0,5114000,4181000,0.0,0.0,-18897000,-13783000,-0.024,-13783000,-18897000,-33902000,-1.81,-1.81,-1.81,273350000,279513000,273350000,363251027,-19,-26.355,-35313000,-1.889,1.0,99294000,0.175,0,15005000,860781000,827834250,466772000,67632000,,,391135000,,,179869027,-21415000,-5406000,1500000,20137000,0,21870000,-9324000,0,-33961000,0,-33877000,-33877000,-33877000,0,0,-0.06,118191000,-18897000,41256000,0.0,0.658,-5.309,-5.304,14358000,0,9.6,0.318,0.317,0,103701000,566424000,566424000,0,-0.052,-0.121,-0.023,-0.033,1866000,96198000,1.0,18736357,18698000,18698000,30.293,664485000,0,-25000,0,35.464,
MHO,MRY,2012-12-31,2012-12-31,2012-12-31,2018-04-28,0,831300000,744271250,,,1.024,15.556,-933000,154178000,154178000,610540000,13347000,,1.478,364232000,,,364232000,0,7158000,10239000,0.0,0.0,28830000,35988000,0.047,35988000,28830000,12759000,0.68,0.67,0.68,335428000,302020250,335428000,750033765,26,20.841,-47928000,-2.439,1.0,151365000,0.199,0,16071000,1041354000,950657500,556817000,82853000,,,495872000,,,568099765,85705000,-6524000,46847000,60531000,0,107378000,25322000,0,-46995000,0,13347000,13347000,13347000,0,0,0.018,122535000,28830000,47690000,0.0,1.694,42.564,38.971,10439000,0,26.5,0.746,0.683,0,117048000,761905000,761905000,0,0.018,0.044,0.03,0.038,1734000,119033000,1.0,21437727,19651000,19891000,38.772,831300000,0,-588000,0,38.554,
MHO,MRY,2013-12-31,2013-12-31,2013-12-31,2018-04-28,0,1110176000,1020040250,,,1.016,20.228,-2382000,142627000,142627000,824508000,151423000,,1.253,459639000,,,459639000,0,4973000,11262000,0.0,0.0,57273000,62246000,0.06,62246000,57273000,41335000,6.11,5.24,6.11,492803000,417979500,492803000,897088649,15,14.412,-76356000,-3.205,1.0,212274000,0.205,0,15938000,1427188000,1272381000,690934000,117076000,,,617373000,,,619909649,-16773000,-27987000,57257000,89506000,0,92755000,-35554000,0,-73974000,0,151423000,145577000,145577000,0,0,0.14,153581000,58693000,70226000,0.0,1.258,4.258,4.165,10536000,5846000,25.45,0.598,0.585,0,262625000,1036782000,1036782000,0,0.143,0.348,0.045,0.055,2344000,147776000,1.0,24357943,23822000,28763000,43.522,1110176000,110911000,-110088000,0,45.57,
MHO,MRY,2014-12-31,2014-12-31,2014-12-31,2018-04-28,0,1205239000,1152500500,,,1.054,22.225,-2946000,22486000,22486000,958991000,50789000,,1.214,490945000,,,490945000,0,5175000,11759000,0.0,0.0,83101000,88276000,0.073,88276000,83101000,69736000,1.88,1.65,1.88,544295000,526080750,544295000,1004687231,12,11.381,-135450000,-5.537,1.0,256189000,0.211,0,13365000,1673698000,1562362500,918589000,120563000,,,660944000,,,561926231,-120141000,-18892000,1944000,34997000,0,32066000,-19703000,0,-132504000,0,50789000,45914000,45914000,0,0,0.038,173435000,82754000,75338000,0.0,1.032,12.239,12.213,11490000,4875000,22.96,0.462,0.462,0,308539000,1215180000,1215180000,0,0.04,0.087,0.053,0.068,3215000,169978000,1.0,24474139,24463000,29912000,49.674,1205239000,94412000,18947000,0,49.214,
MHO,MRY,2015-12-31,2015-12-31,2015-12-31,2018-04-28,0,1415554000,1346827250,,,1.053,24.204,-3659000,13101000,13101000,1114663000,51763000,,1.373,611848000,,,611848000,0,6612000,19567000,0.0,0.0,104450000,111062000,0.078,111062000,104450000,86929000,1.91,1.68,1.91,596566000,575172500,596566000,1123398098,10,10.115,-86024000,-3.5,1.0,303732000,0.214,0,17521000,2014301000,1901238500,1112042000,163968000,,,818988000,,,540303098,-9385000,-40886000,1035000,118300000,0,114460000,-41480000,0,-82365000,0,51763000,46888000,46888000,0,0,0.033,191938000,111794000,86878000,0.0,0.906,11.523,11.476,12897000,4875000,21.92,0.381,0.38,0,355427000,1418395000,1418395000,0,0.035,0.082,0.055,0.074,3942000,188300000,1.0,24648864,24575000,30047000,57.717,1415554000,67404000,35166000,0,57.433,
MHO,MRY,2016-12-31,2016-12-31,2016-12-31,2018-04-28,0,1548511000,1483903500,,,1.14,26.518,-13106000,34441000,34441000,1358183000,56609000,,1.367,637803000,,,637803000,0,8552000,22156000,0.0,0.0,109383000,117935000,0.07,117935000,109383000,91785000,2.1,1.84,2.1,654174000,627720750,654174000,1220498214,11,10.349,21091000,0.855,1.0,333144000,0.197,0,17598000,2151873000,2082289500,1215934000,182036000,,,894337000,,,621161214,21340000,-18539000,182000,23481000,0,18788000,-31645000,0,34197000,0,56609000,51734000,51734000,0,0,0.031,224401000,108743000,103212000,0.0,0.95,12.007,11.99,22299000,4875000,25.18,0.367,0.367,0,407161000,1691327000,1691327000,0,0.035,0.082,0.053,0.065,5315000,220409000,1.0,24668833,24666000,30116000,68.569,1548511000,30875000,35176000,0,62.772,
MHO,MRY,2017-12-31,2017-12-31,2017-12-31,2018-04-28,0,1864771000,1713279250,,,1.145,26.922,-8799000,151703000,151703000,1561022000,72081000,,1.495,807734000,,,807734000,0,9630000,26378000,0.0,0.0,139198000,148828000,0.076,148828000,139198000,120324000,2.57,2.26,2.57,747298000,708825000,747298000,1566823740,11,10.528,-61329000,-2.38,1.0,400949000,0.204,0,18874000,2520802000,2348660000,1414574000,192105000,,,1117473000,,,946709740,117262000,-8570000,11225000,222454000,0,179603000,-9811000,0,-52530000,0,72081000,66168000,66168000,0,0,0.034,262290000,138659000,117233000,0.0,1.267,14.308,13.385,26816000,5913000,34.4,0.483,0.452,0,473329000,1961971000,1961971000,0,0.039,0.093,0.059,0.071,6044000,254609000,1.0,27520632,25769000,30688000,76.137,1864771000,18438000,48243000,0,67.18,
