ticker,dimension,calendardate,datekey,reportperiod,lastupdated,accoci,assets,assetsavg,assetsc,assetsnc,assetturnover,bvps,capex,cashneq,cashnequsd,cor,consolinc,currentratio,de,debt,debtc,debtnc,debtusd,deferredrev,depamor,deposits,divyield,dps,ebit,ebitda,ebitdamargin,ebitdausd,ebitusd,ebt,eps,epsdil,epsusd,equity,equityavg,equityusd,ev,evebit,evebitda,fcf,fcfps,fxusd,gp,grossmargin,intangibles,intexp,invcap,invcapavg,inventory,investments,investmentsc,investmentsnc,liabilities,liabilitiesc,liabilitiesnc,marketcap,ncf,ncfbus,ncfcommon,ncfdebt,ncfdiv,ncff,ncfi,ncfinv,ncfo,ncfx,netinc,netinccmn,netinccmnusd,netincdis,netincnci,netmargin,opex,opinc,payables,payoutratio,pb,pe,pe1,ppnenet,prefdivis,price,ps,ps1,receivables,retearn,revenue,revenueusd,rnd,roa,roe,roic,ros,sbcomp,sgna,sharefactor,sharesbas,shareswa,shareswadil,sps,tangibles,taxassets,taxexp,taxliabilities,tbvps,workingcapital
MLHR,MRY,2011-12-31,2011-05-28,2011-05-28,2018-04-11,-104200000,808000000,827150000,471700000,336300000,1.994,3.578,-29500000,142200000,142200000,1111100000,70800000,1.775,2.941,250000000,0,250000000,250000000,0,0,0,0.004,0.088,122400000,122400000,0.074,122400000,122400000,102500000,1.24,1.06,1.24,205000000,140875000,205000000,1547751610,12,12.645,59500000,1.039,1.0,538100000,0.326,157900000,19900000,492100000,478125000,66200000,11000000,11000000,0,603000000,265800000,337200000,1407051610,11700000,0,7600000,-50000000,-5000000,-50200000,-31400000,1300000,89000000,4300000,70800000,70800000,70800000,0,0,0.043,414800000,123300000,112700000,0.071,6.864,19.874,19.806,169100000,0,24.56,0.853,0.853,193100000,218200000,1649200000,1649200000,45800000,0.086,0.503,0.256,0.074,0,366000000,1.0,57290375,57290375,,28.787,650100000,46600000,31700000,0,11.347,205900000
MLHR,MRY,2012-12-31,2012-06-02,2012-06-02,2018-04-11,-140600000,839100000,819000000,455300000,383800000,2.105,4.257,-28500000,172200000,172200000,1133500000,75200000,1.795,2.379,250000000,0,250000000,250000000,0,0,0,0.005,0.088,137000000,137000000,0.079,137000000,137000000,119500000,1.29,1.29,1.29,248300000,249625000,248300000,1074544573,7,7.843,61600000,1.056,1.0,590600000,0.343,216800000,17500000,446400000,472650000,59300000,9600000,9600000,0,590800000,253700000,337100000,1042344573,30000000,-29700000,3700000,0,-5200000,-1600000,-58400000,1400000,90100000,-100000,75200000,75200000,75200000,0,0,0.044,453000000,137600000,115800000,0.068,4.198,13.861,13.853,156000000,0,17.87,0.605,0.605,159700000,288200000,1724100000,1724100000,52700000,0.092,0.301,0.29,0.079,0,394900000,1.0,58329299,58329299,,29.558,622300000,38000000,44300000,0,10.669,201600000
MLHR,MRY,2013-12-31,2013-06-01,2013-06-01,2018-04-11,-124300000,946500000,891275000,399300000,547200000,1.991,5.451,-50200000,82700000,82700000,1169700000,68200000,1.377,1.962,250000000,0,250000000,250000000,0,0,0,0.015,0.43,114300000,114300000,0.064,114300000,114300000,97100000,1.17,1.16,1.17,319500000,291650000,319500000,1699649365,14,14.87,86300000,1.472,1.0,605200000,0.341,337300000,17200000,486500000,469000000,76200000,10800000,10800000,0,627000000,290000000,337000000,1647749365,-89500000,-156300000,3600000,0,-19100000,-16000000,-209700000,-1200000,136500000,-300000,68200000,68200000,68200000,0,0,0.038,490300000,114900000,130100000,0.368,5.157,24.161,24.026,184100000,0,28.11,0.928,0.928,178400000,331100000,1774900000,1774900000,59900000,0.077,0.234,0.244,0.064,0,429200000,1.0,58617907,58617907,,30.279,609200000,30200000,28900000,0,10.393,109300000
MLHR,MRY,2014-12-31,2014-05-31,2014-05-31,2018-04-11,-37900000,990900000,972925000,451800000,539100000,1.934,6.281,-40800000,101500000,101500000,1251000000,-22100000,1.269,1.663,250000000,50000000,200000000,250000000,17300000,0,0,0.017,0.53,-25700000,-25700000,-0.014,-25700000,-25700000,-43300000,-0.37,-0.37,-0.37,372100000,355775000,372100000,2025300778,-78,-78.805,49300000,0.832,1.0,631000000,0.335,313300000,17600000,470000000,477750000,78400000,11100000,11100000,0,618800000,356100000,262700000,1852400778,18800000,-5400000,8100000,0,-30300000,-22400000,-48200000,-300000,90100000,-700000,-22100000,-22100000,-22100000,0,0,-0.012,656700000,-25700000,136900000,-1.432,4.978,-83.819,-84.514,195200000,0,31.27,0.984,0.984,204300000,277400000,1882000000,1882000000,65900000,-0.023,-0.062,-0.054,-0.014,0,564300000,1.0,59238912,59238912,,31.77,677600000,36600000,-21200000,0,11.438,95700000
MLHR,MRY,2015-12-31,2015-05-30,2015-05-30,2018-04-11,-56200000,1192700000,1194025000,463500000,729200000,1.794,7.037,-63600000,63700000,63700000,1350800000,98100000,1.275,1.768,289800000,0,289800000,289800000,32000000,49800000,0,0.02,0.56,162200000,212000000,0.099,212000000,162200000,144700000,1.64,1.62,1.64,419800000,411800000,419800000,1916620232,11,9.041,104100000,1.745,1.0,791400000,0.369,440600000,17500000,614800000,633175000,129600000,5700000,5700000,0,742000000,363400000,378600000,1652420232,-37800000,-153400000,4100000,40000000,-33300000,6800000,-213600000,6200000,167700000,1300000,97500000,97500000,97500000,0,600000,0.046,628000000,163400000,164700000,0.341,3.936,16.948,16.89,249500000,0,27.7,0.771,0.771,189600000,330200000,2142200000,2142200000,71400000,0.082,0.237,0.256,0.076,9300000,543900000,1.0,59654160,59654160,,35.91,752100000,42000000,47200000,0,12.608,100100000
MLHR,MRY,2016-12-31,2016-05-28,2016-05-28,2018-04-11,-64500000,1235200000,1206200000,480500000,754700000,1.878,8.753,-85100000,84900000,84900000,1390700000,137500000,1.232,1.303,221900000,0,221900000,221900000,35400000,53000000,0,0.019,0.59,211600000,264600000,0.117,264600000,211600000,196200000,2.28,2.26,2.28,524400000,485700000,524400000,2080396492,9,7.862,125300000,2.092,1.0,874200000,0.386,441300000,15400000,540900000,580300000,128200000,7500000,7500000,0,683500000,390000000,293500000,1895496492,21200000,7100000,-4900000,-68000000,-34900000,-106500000,-80800000,-1500000,210400000,-1900000,136700000,136700000,136700000,0,800000,0.06,662700000,211500000,165600000,0.259,3.615,13.866,13.877,280100000,0,31.64,0.837,0.837,211000000,435300000,2264900000,2264900000,77100000,0.113,0.281,0.365,0.093,10500000,585600000,1.0,59908233,59908233,,37.806,793900000,20400000,59500000,0,13.252,90500000
MLHR,MRY,2017-12-31,2017-06-03,2017-06-03,2018-04-11,-82200000,1306300000,1274150000,491900000,814400000,1.788,9.827,-87300000,96200000,96200000,1414000000,124100000,1.275,1.181,199900000,0,199900000,199900000,0,58900000,0,0.021,0.68,194200000,253100000,0.111,253100000,194200000,179000000,2.07,2.05,2.07,587500000,571400000,587500000,2111082547,10,8.341,114800000,1.92,1.0,864200000,0.379,428000000,15200000,596300000,612225000,152400000,8600000,8600000,0,694000000,385700000,308300000,1954982547,11300000,0,-12000000,-22000000,-39400000,-74600000,-116300000,1300000,202100000,100000,123900000,123900000,123900000,0,200000,0.054,673400000,190800000,148400000,0.329,3.328,15.779,15.797,314600000,0,32.7,0.858,0.858,186600000,519500000,2278200000,2278200000,73100000,0.097,0.217,0.317,0.085,8200000,587800000,1.0,59785399,59785399,,38.106,878300000,0,55100000,0,14.691,106200000
