ticker,dimension,calendardate,datekey,reportperiod,lastupdated,accoci,assets,assetsavg,assetsc,assetsnc,assetturnover,bvps,capex,cashneq,cashnequsd,cor,consolinc,currentratio,de,debt,debtc,debtnc,debtusd,deferredrev,depamor,deposits,divyield,dps,ebit,ebitda,ebitdamargin,ebitdausd,ebitusd,ebt,eps,epsdil,epsusd,equity,equityavg,equityusd,ev,evebit,evebitda,fcf,fcfps,fxusd,gp,grossmargin,intangibles,intexp,invcap,invcapavg,inventory,investments,investmentsc,investmentsnc,liabilities,liabilitiesc,liabilitiesnc,marketcap,ncf,ncfbus,ncfcommon,ncfdebt,ncfdiv,ncff,ncfi,ncfinv,ncfo,ncfx,netinc,netinccmn,netinccmnusd,netincdis,netincnci,netmargin,opex,opinc,payables,payoutratio,pb,pe,pe1,ppnenet,prefdivis,price,ps,ps1,receivables,retearn,revenue,revenueusd,rnd,roa,roe,roic,ros,sbcomp,sgna,sharefactor,sharesbas,shareswa,shareswadil,sps,tangibles,taxassets,taxexp,taxliabilities,tbvps,workingcapital
MLVF,MRY,2011-12-31,2011-09-30,2011-09-30,2018-05-11,351000,666568000,676174500,,,0.013,9.879,-227000,33496000,33496000,0,-6112000,,10.057,49749000,,,49749000,0,826000,554455000,0.005,0.03,-9691000,-8865000,-1.003,-8865000,-9691000,-9691000,-0.96,-0.96,-0.96,60284000,61424250,60284000,63913500,-6,-7.21,7594000,1.244,1.0,8838000,1.0,0,0,682821000,695395000,0,589554000,,,606284000,,,40276500,-47899000,0,0,-6170000,-81000,-48654000,-7066000,-6839000,7821000,0,-6112000,-6112000,-6112000,0,0,-0.692,18529000,-9691000,0,-0.031,0.668,-6.59,-6.875,8165000,0,6.6,4.557,4.557,0,36637000,8838000,8838000,0,-0.009,-0.1,-0.014,-1.097,98000,10416000,1.0,6102500,6102500,,1.448,666568000,7465000,-3579000,0,109.229,
MLVF,MRY,2012-12-31,2012-09-30,2012-09-30,2018-05-11,641000,711812000,670939500,,,0.028,10.264,-234000,131910000,131910000,0,1959000,,10.364,49091000,,,49091000,0,724000,540988000,0.0,0.0,2587000,3311000,0.174,3311000,2587000,2587000,0.31,0.31,0.31,62636000,62100000,62636000,55220225,21,16.678,3675000,0.602,1.0,18980000,1.0,0,0,628993000,644430000,0,541656000,,,649176000,,,64015225,98414000,0,56677000,-658000,0,42552000,51953000,52240000,3909000,0,1959000,1959000,1959000,0,0,0.103,16393000,2587000,0,0.0,1.022,32.678,33.839,7675000,0,10.49,3.373,3.373,0,38596000,18980000,18980000,0,0.003,0.032,0.004,0.136,103000,10809000,1.0,6102500,6102500,,3.11,711812000,6775000,628000,0,116.643,
MLVF,MRY,2013-12-31,2013-09-30,2013-09-30,2018-05-11,-2688000,601554000,659916750,,,0.011,11.497,-280000,23687000,23687000,0,-18803000,,6.978,39118000,,,39118000,0,695000,484596000,0.0,0.0,-12793000,-12098000,-1.733,-12098000,-12793000,-12793000,-2.96,-2.96,-2.96,75406000,91239750,75406000,67742946,-5,-5.6,-2130000,-0.325,1.0,6982000,1.0,0,0,616985000,634723750,0,539929000,,,526148000,,,83554946,-108223000,0,-20841000,-9973000,0,-87106000,-19267000,-13950000,-1850000,0,-18803000,-18803000,-18803000,0,0,-2.693,18232000,-11250000,0,0.0,1.108,-4.444,-4.304,7259000,0,12.74,11.967,11.967,0,19793000,6982000,6982000,0,-0.028,-0.206,-0.02,-1.832,169000,11839000,1.0,6558473,6558473,,1.065,601554000,2464000,6010000,0,91.722,
MLVF,MRY,2014-12-31,2014-09-30,2014-09-30,2018-05-11,-1805000,542264000,574736750,,,0.03,12.035,-244000,19187000,19187000,0,711000,,6.063,49786000,,,49786000,0,638000,412953000,0.0,0.0,344000,982000,0.058,982000,344000,344000,0.11,0.05,0.11,76772000,75830250,76772000,84662007,246,86.214,-277000,-0.043,1.0,16988000,1.0,0,0,572863000,599158750,0,490520000,,,465492000,,,74701007,-4500000,0,0,10668000,0,-60975000,56508000,53276000,-33000,0,711000,711000,711000,0,0,0.042,16644000,344000,0,0.0,0.973,105.065,103.545,6823000,0,11.39,4.397,4.277,0,20116000,16988000,16988000,0,0.001,0.009,0.001,0.02,160000,11667000,1.0,6558473,6378930,,2.663,542264000,2376000,-367000,0,85.009,
MLVF,MRY,2015-12-31,2015-09-30,2015-09-30,2018-05-11,-1079000,655690000,628552500,,,0.028,12.932,-358000,40263000,40263000,0,4668000,,6.924,104806000,,,104806000,0,646000,465522000,0.0,0.0,3698000,4344000,0.246,4344000,3698000,3698000,0.73,0.58,0.73,82749000,80118000,82749000,175592102,47,40.422,2888000,0.452,1.0,17659000,1.0,0,0,720233000,683877750,0,581647000,,,572941000,,,102640102,21076000,0,0,55020000,0,107589000,-89759000,-89371000,3246000,0,4668000,4668000,4668000,0,0,0.264,13961000,3698000,0,0.0,1.24,21.988,21.438,6535000,0,15.65,5.812,5.666,0,25172000,17659000,17659000,0,0.007,0.058,0.005,0.209,195000,9188000,1.0,6558473,6393330,,2.762,655690000,2874000,-970000,0,102.471,
MLVF,MRY,2016-12-31,2016-09-30,2016-09-30,2018-05-11,-63000,821272000,777177750,,,0.026,14.99,-751000,96762000,96762000,0,12150000,,7.541,119659000,,,119659000,0,650000,602046000,0.0,0.0,5976000,6626000,0.333,6626000,5976000,5976000,1.9,1.9,1.9,96157000,87538750,96157000,156147693,26,23.566,8583000,1.339,1.0,19898000,1.0,0,0,844169000,824437500,0,686522000,,,725115000,,,107595693,56499000,0,0,14853000,0,151377000,-104212000,-104510000,9334000,0,12150000,12150000,12150000,0,0,0.611,13922000,5976000,0,0.0,1.119,8.856,8.632,6637000,0,16.4,5.407,5.283,0,37322000,19898000,19898000,0,0.016,0.139,0.007,0.3,242000,9369000,1.0,6560713,6409265,6409325,3.105,821272000,8827000,-6174000,0,128.027,
MLVF,MRY,2017-12-31,2017-09-30,2017-09-30,2018-05-11,62000,1046012000,974434250,,,0.025,15.915,-1594000,117136000,117136000,0,5817000,,9.203,148856000,,,148856000,0,724000,790396000,0.0,0.0,8739000,9463000,0.396,9463000,8739000,8739000,0.9,0.9,0.9,102520000,99662750,102520000,208201297,23,22.002,8238000,1.281,1.0,23886000,1.0,0,0,1077732000,1027391000,0,889392000,,,943492000,,,175819297,20374000,0,0,4894000,0,217508000,-206966000,-205372000,9832000,0,5817000,5817000,5817000,0,0,0.244,15147000,8739000,0,0.0,1.715,30.225,29.722,7507000,0,26.75,7.361,7.203,0,43139000,23886000,23886000,0,0.006,0.058,0.009,0.366,421000,10609000,1.0,6572684,6431445,6432137,3.714,1046012000,6671000,2922000,0,162.378,
