ticker,dimension,calendardate,datekey,reportperiod,lastupdated,accoci,assets,assetsavg,assetsc,assetsnc,assetturnover,bvps,capex,cashneq,cashnequsd,cor,consolinc,currentratio,de,debt,debtc,debtnc,debtusd,deferredrev,depamor,deposits,divyield,dps,ebit,ebitda,ebitdamargin,ebitdausd,ebitusd,ebt,eps,epsdil,epsusd,equity,equityavg,equityusd,ev,evebit,evebitda,fcf,fcfps,fxusd,gp,grossmargin,intangibles,intexp,invcap,invcapavg,inventory,investments,investmentsc,investmentsnc,liabilities,liabilitiesc,liabilitiesnc,marketcap,ncf,ncfbus,ncfcommon,ncfdebt,ncfdiv,ncff,ncfi,ncfinv,ncfo,ncfx,netinc,netinccmn,netinccmnusd,netincdis,netincnci,netmargin,opex,opinc,payables,payoutratio,pb,pe,pe1,ppnenet,prefdivis,price,ps,ps1,receivables,retearn,revenue,revenueusd,rnd,roa,roe,roic,ros,sbcomp,sgna,sharefactor,sharesbas,shareswa,shareswadil,sps,tangibles,taxassets,taxexp,taxliabilities,tbvps,workingcapital
MMS,MRY,2011-12-31,2011-09-30,2011-09-30,2018-05-10,12480000,565279000,566177000,391276000,174003000,1.642,5.478,-26114000,177789000,177789000,675982000,81168000,2.387,0.51,1696000,42000,1654000,1696000,50477000,22845000,0,0.01,0.18,124922000,147767000,0.159,147767000,124922000,124922000,1.18,1.14,1.18,374457000,377549500,374457000,997214574,7,6.749,70746000,1.028,1.0,253651000,0.273,103590000,0,121703000,111661250,0,0,0,0,190822000,163893000,26929000,1204533574,17629000,0,-56540000,304000,-10327000,-51608000,-25877000,237000,96860000,-1746000,81168000,81168000,81168000,974000,0,0.087,131250000,122401000,55470000,0.153,3.217,14.84,14.788,51740000,0,17.45,1.296,1.292,154070000,401248000,929633000,929633000,0,0.143,0.215,1.119,0.134,9485000,132058000,1.0,69027712,68834000,71062000,13.505,461689000,32947000,43754000,18533000,6.754,227383000
MMS,MRY,2012-12-31,2012-09-30,2012-09-30,2018-05-10,20240000,695293000,636781000,443217000,252076000,1.649,6.625,-23148000,200905000,200905000,762202000,75831000,2.401,0.541,1736000,178000,1558000,1736000,79576000,26460000,0,0.006,0.18,131808000,158268000,0.151,158268000,131808000,131808000,1.12,1.09,1.12,451106000,420862500,451106000,1854359930,14,11.717,92012000,1.358,1.0,287943000,0.274,164752000,0,146761000,123928250,0,0,0,0,244187000,184611000,59576000,2033480930,16362000,-63763000,-12977000,-44000,-12180000,-17765000,-86612000,299000,115160000,5579000,76133000,76133000,76133000,0,-302000,0.072,160609000,127334000,73128000,0.161,4.508,26.71,26.661,58798000,0,29.86,1.936,1.926,183244000,34899000,1050145000,1050145000,0,0.12,0.181,1.064,0.126,12077000,160609000,1.0,68100500,67734000,69611000,15.504,530541000,27376000,55675000,14896000,7.792,258606000
MMS,MRY,2013-12-31,2013-09-30,2013-09-30,2018-05-10,7987000,857978000,766825250,489599000,368379000,1.736,7.769,-62176000,125617000,125617000,945246000,117349000,1.868,0.62,0,0,0,0,86090000,35816000,0,0.004,0.18,188404000,224220000,0.168,224220000,188404000,188404000,1.71,1.67,1.71,529508000,493844500,529508000,2872659624,15,12.812,58762000,0.862,1.0,386033000,0.29,254362000,0,215959000,179801500,0,0,0,0,328203000,262040000,66163000,3071383624,-63695000,-68055000,-33287000,-172000,-12272000,-41862000,-129833000,398000,120938000,-12938000,116731000,116731000,116731000,0,618000,0.088,200878000,185155000,109020000,0.105,5.8,26.312,26.339,77710000,0,45.04,2.307,2.306,292956000,106250000,1331279000,1331279000,0,0.152,0.236,1.048,0.142,14555000,193827000,1.0,68192354,68165000,69893000,19.53,603616000,26443000,71673000,24686000,8.856,227559000
MMS,MRY,2014-12-31,2014-09-30,2014-09-30,2018-05-10,230000,900996000,891063750,532460000,368536000,1.909,8.326,-47148000,158112000,158112000,1248789000,145396000,2.007,0.62,1217000,157000,1060000,1217000,88135000,48668000,0,0.004,0.18,227413000,276081000,0.162,276081000,227413000,227413000,2.15,2.11,2.15,555962000,563803000,555962000,2493484056,10,9.032,166452000,2.459,1.0,452123000,0.266,249599000,0,229181000,225542250,0,0,0,0,344811000,265321000,79490000,2688468056,32495000,-2670000,-111141000,-162000,-12187000,-127144000,-49389000,0,213600000,-4572000,145440000,145440000,145440000,0,-44000,0.086,226815000,225308000,103181000,0.084,4.836,18.485,18.665,80246000,0,40.13,1.581,1.597,289567000,125875000,1700912000,1700912000,0,0.163,0.258,1.008,0.134,17278000,220925000,1.0,66993971,67680000,69087000,25.132,651397000,28108000,81973000,26076000,9.755,267139000
MMS,MRY,2015-12-31,2015-09-30,2015-09-30,2018-05-10,-22365000,1271558000,1098604000,561907000,709651000,1.911,8.871,-105149000,74672000,74672000,1587104000,160049000,1.577,1.071,210974000,356000,210618000,210974000,130596000,56197000,0,0.003,0.18,258940000,315137000,0.15,315137000,258940000,257542000,2.37,2.35,2.37,612378000,598882750,612378000,4013049894,15,12.734,101068000,1.516,1.0,512717000,0.244,511143000,1398000,540337000,399516250,0,0,0,0,655859000,356380000,299479000,3928082894,-83440000,-289212000,-82787000,207938000,-11852000,111115000,-393872000,0,206217000,-6900000,157772000,157772000,157772000,0,2277000,0.075,252885000,259832000,155411000,0.076,6.414,24.897,25.131,137830000,0,59.56,1.871,1.891,427106000,188611000,2099821000,2099821000,0,0.144,0.263,0.648,0.123,17237000,238792000,1.0,65951694,66682000,67275000,31.49,760415000,18368000,99770000,18255000,11.016,205527000
MMS,MRY,2016-12-31,2016-09-30,2016-09-30,2018-05-10,-36169000,1348819000,1316315000,620980000,727839000,1.826,11.388,-46391000,66199000,66199000,1841169000,180160000,1.822,0.795,165615000,277000,165338000,165615000,113699000,71781000,0,0.003,0.18,288304000,360085000,0.15,360085000,288304000,284170000,2.71,2.69,2.71,749081000,679856500,749081000,3830682640,13,10.638,133635000,2.03,1.0,562191000,0.234,536724000,4134000,570755000,632437000,0,0,0,0,595679000,340756000,254923000,3670282640,-8473000,-41136000,-33335000,-45377000,-11701000,-96842000,-87103000,0,180026000,-4554000,178362000,178362000,178362000,0,1798000,0.074,282468000,279723000,150711000,0.066,4.9,20.578,20.871,131569000,0,56.56,1.527,1.549,480790000,323571000,2403360000,2403360000,0,0.136,0.262,0.456,0.12,18751000,268259000,1.0,64891843,65822000,66229000,36.513,812095000,25917000,105808000,24792000,12.346,280224000
MMS,MRY,2017-12-31,2017-09-30,2017-09-30,2018-05-10,-27619000,1350662000,1311745000,657242000,693420000,1.868,14.327,-24154000,166252000,166252000,1839056000,212182000,2.078,0.431,0,0,0,0,99904000,67977000,0,0.003,0.18,313641000,381618000,0.156,381618000,313641000,311479000,3.19,3.17,3.19,940085000,851170750,940085000,4095421525,13,10.732,313046000,4.77,1.0,611905000,0.25,528493000,2162000,339651000,450282250,0,0,0,0,404894000,316266000,88628000,4184079525,100053000,-1642000,-28863000,-164981000,-11674000,-215429000,-25221000,0,337200000,3503000,209426000,209426000,209426000,0,2756000,0.085,299043000,312862000,122083000,0.056,4.451,19.979,20.219,101651000,0,64.5,1.707,1.727,430813000,492112000,2450961000,2450961000,0,0.16,0.246,0.697,0.128,21365000,284510000,1.0,64869450,65632000,66065000,37.344,822169000,12219000,102053000,24809000,12.53,340976000
