ticker,dimension,calendardate,datekey,reportperiod,lastupdated,accoci,assets,assetsavg,assetsc,assetsnc,assetturnover,bvps,capex,cashneq,cashnequsd,cor,consolinc,currentratio,de,debt,debtc,debtnc,debtusd,deferredrev,depamor,deposits,divyield,dps,ebit,ebitda,ebitdamargin,ebitdausd,ebitusd,ebt,eps,epsdil,epsusd,equity,equityavg,equityusd,ev,evebit,evebitda,fcf,fcfps,fxusd,gp,grossmargin,intangibles,intexp,invcap,invcapavg,inventory,investments,investmentsc,investmentsnc,liabilities,liabilitiesc,liabilitiesnc,marketcap,ncf,ncfbus,ncfcommon,ncfdebt,ncfdiv,ncff,ncfi,ncfinv,ncfo,ncfx,netinc,netinccmn,netinccmnusd,netincdis,netincnci,netmargin,opex,opinc,payables,payoutratio,pb,pe,pe1,ppnenet,prefdivis,price,ps,ps1,receivables,retearn,revenue,revenueusd,rnd,roa,roe,roic,ros,sbcomp,sgna,sharefactor,sharesbas,shareswa,shareswadil,sps,tangibles,taxassets,taxexp,taxliabilities,tbvps,workingcapital
MOD,MRY,2011-12-31,2011-03-31,2011-03-31,2018-01-31,-22854000,917742000,867116000,428428000,489314000,1.67,7.626,-55100000,32930000,32930000,1215900000,5200000,1.306,1.605,147669000,9087000,138582000,147669000,0,56500000,0,0.0,0.0,43400000,99900000,0.069,99900000,43400000,9700000,0.11,0.11,0.11,352312000,328450750,352312000,862288405,19,8.632,-34300000,-0.742,1.0,232300000,0.16,38105000,33700000,666392000,656797000,122629000,3863000,0,3863000,565430000,327984000,237446000,751083405,-10800000,12500000,0,7800000,0,8600000,-41200000,0,20800000,1000000,5200000,5200000,5200000,3100000,0,0.004,189400000,42900000,177549000,0.0,2.132,144.439,146.727,430295000,0,16.14,0.519,0.515,219189000,193367000,1448200000,1448200000,0,0.006,0.016,0.066,0.03,4000000,185900000,1.0,46535527,46200000,46700000,31.346,879637000,53680000,4500000,13727000,19.04,100444000
MOD,MRY,2012-12-31,2012-03-31,2012-03-31,2018-01-31,-90300000,893500000,900600500,427500000,466000000,1.751,6.987,-64400000,31400000,31400000,1320600000,38800000,1.436,1.746,164300000,22400000,141900000,164300000,0,57700000,0,0.0,0.0,60900000,118600000,0.075,118600000,60900000,48400000,0.83,0.82,0.83,324900000,354173000,324900000,552011908,9,4.654,-18600000,-0.4,1.0,256600000,0.163,35700000,12500000,693100000,712291000,120800000,3700000,0,3700000,567400000,297600000,269800000,412597908,-1500000,1300000,0,18200000,0,18800000,-65000000,0,45800000,-1100000,38500000,38500000,38500000,-800000,300000,0.024,189100000,67500000,156900000,0.0,1.27,10.717,10.639,412100000,0,8.83,0.262,0.26,216100000,231800000,1577200000,1577200000,0,0.043,0.109,0.085,0.039,1600000,186600000,1.0,46726830,46500000,46900000,33.918,857800000,0,9900000,12300000,18.447,129900000
MOD,MRY,2013-12-31,2013-03-31,2013-03-31,2018-01-31,-128400000,818800000,829846000,399000000,419800000,1.658,5.702,-49800000,23800000,23800000,1167400000,-22800000,1.424,2.072,163600000,31100000,132500000,163600000,0,55800000,0,0.0,0.0,-1800000,54000000,0.039,54000000,-1800000,-14400000,-0.52,-0.52,-0.52,265700000,294026250,265700000,561302600,-311,10.394,-1000000,-0.021,1.0,208600000,0.152,37000000,12600000,641500000,663771750,118800000,0,0,0,550500000,280100000,270400000,429502600,-7600000,-4500000,0,-400000,0,300000,-55900000,0,48800000,-800000,-24200000,-24200000,-24200000,0,1400000,-0.018,209200000,-600000,150700000,0.0,1.616,-17.748,-17.5,355900000,0,9.1,0.312,0.308,194500000,207600000,1376000000,1376000000,0,-0.029,-0.082,-0.003,-0.001,3100000,166300000,1.0,47198088,46600000,46600000,29.528,781800000,7000000,9800000,8600000,16.777,118900000
MOD,MRY,2014-12-31,2014-03-31,2014-03-31,2018-01-31,-103900000,1032300000,910575000,498800000,533500000,1.623,9.0,-57300000,87200000,87200000,1239400000,131900000,1.396,1.421,164400000,33200000,131200000,164400000,0,58100000,0,0.0,0.0,34900000,93000000,0.063,93000000,34900000,22500000,2.75,2.72,2.75,424800000,319900000,424800000,779007899,22,8.376,47200000,1.006,1.0,238200000,0.161,41100000,12400000,711200000,651475000,116800000,0,0,0,603700000,357200000,246500000,697007899,63400000,-4900000,0,200000,0,-1500000,-41500000,0,104500000,1900000,130400000,130400000,130400000,0,1500000,0.088,201000000,37200000,171100000,0.0,1.641,5.345,5.327,359600000,0,14.65,0.472,0.465,221100000,338000000,1477600000,1477600000,0,0.143,0.408,0.054,0.024,3600000,181700000,1.0,47577331,46900000,47600000,31.505,991200000,111600000,-107900000,7300000,21.0,141600000
MOD,MRY,2015-12-31,2015-03-31,2015-03-31,2018-01-31,-198600000,930900000,988725000,450800000,480100000,1.513,7.542,-75000000,70500000,70500000,1249900000,22800000,1.45,1.602,148700000,19100000,129600000,148700000,0,51600000,0,0.0,0.0,52500000,104100000,0.07,104100000,52500000,40800000,0.46,0.45,0.46,356000000,409700000,356000000,718572074,13,6.903,-11500000,-0.244,1.0,246500000,0.165,26100000,11700000,672200000,699225000,107700000,0,0,0,570300000,310800000,259500000,644872074,-16700000,7600000,0,-14500000,0,-14600000,-57200000,-2800000,63500000,-8400000,21800000,21800000,21800000,-600000,1000000,0.015,193800000,52700000,152000000,0.0,1.811,29.581,29.283,322100000,0,13.47,0.431,0.425,192900000,359800000,1496400000,1496400000,0,0.022,0.053,0.075,0.035,4000000,184500000,1.0,47874690,47200000,47800000,31.703,904800000,115400000,19000000,3100000,19.169,140000000
MOD,MRY,2016-12-31,2016-03-31,2016-03-31,2018-01-31,-174200000,920900000,933275000,412500000,508400000,1.449,8.004,-104500000,68900000,68900000,1129000000,-1000000,1.508,1.431,162600000,37100000,125500000,162600000,0,50200000,0,0.0,0.0,600000,50800000,0.038,50800000,600000,-10500000,-0.03,-0.03,-0.03,376200000,368825000,376200000,600154147,1000,11.814,-32100000,-0.679,1.0,223500000,0.165,24000000,11100000,717000000,695750000,111000000,0,0,0,538200000,273600000,264600000,527854147,-1600000,-1000000,-6900000,10900000,0,2700000,-77800000,-600000,72400000,1100000,-1600000,-1600000,-1600000,0,600000,-0.001,231000000,-7500000,142400000,0.0,1.403,-329.909,-367.0,338600000,0,11.01,0.39,0.385,189100000,358200000,1352500000,1352500000,0,-0.002,-0.004,0.001,0.0,4900000,204500000,1.0,47943156,47300000,47300000,28.594,896900000,123100000,-8900000,4200000,19.083,138900000
MOD,MRY,2017-12-31,2017-03-31,2017-03-31,2018-01-31,-181800000,1449500000,1169950000,553300000,896200000,1.285,8.398,-65400000,34200000,34200000,1249700000,14900000,1.215,2.484,510900000,105200000,405700000,510900000,0,58300000,0,0.0,0.0,37300000,95600000,0.064,95600000,37300000,20100000,0.29,0.29,0.29,414000000,393700000,414000000,1074668932,28,11.241,-23800000,-0.498,1.0,253300000,0.169,299200000,17200000,1171600000,951700000,168500000,0,0,0,1028300000,455400000,572900000,610868932,-34700000,-358500000,0,356700000,0,347600000,-422200000,-1300000,41600000,-1700000,14200000,14200000,14200000,0,700000,0.009,213900000,39400000,230300000,0.0,1.476,43.019,42.069,459000000,0,12.2,0.406,0.388,295200000,372400000,1503000000,1503000000,0,0.012,0.036,0.039,0.025,7400000,205000000,1.0,50071224,47800000,48300000,31.444,1150300000,108400000,5900000,9700000,23.333,97900000
