ticker,dimension,calendardate,datekey,reportperiod,lastupdated,accoci,assets,assetsavg,assetsc,assetsnc,assetturnover,bvps,capex,cashneq,cashnequsd,cor,consolinc,currentratio,de,debt,debtc,debtnc,debtusd,deferredrev,depamor,deposits,divyield,dps,ebit,ebitda,ebitdamargin,ebitdausd,ebitusd,ebt,eps,epsdil,epsusd,equity,equityavg,equityusd,ev,evebit,evebitda,fcf,fcfps,fxusd,gp,grossmargin,intangibles,intexp,invcap,invcapavg,inventory,investments,investmentsc,investmentsnc,liabilities,liabilitiesc,liabilitiesnc,marketcap,ncf,ncfbus,ncfcommon,ncfdebt,ncfdiv,ncff,ncfi,ncfinv,ncfo,ncfx,netinc,netinccmn,netinccmnusd,netincdis,netincnci,netmargin,opex,opinc,payables,payoutratio,pb,pe,pe1,ppnenet,prefdivis,price,ps,ps1,receivables,retearn,revenue,revenueusd,rnd,roa,roe,roic,ros,sbcomp,sgna,sharefactor,sharesbas,shareswa,shareswadil,sps,tangibles,taxassets,taxexp,taxliabilities,tbvps,workingcapital
MPAA,MRY,2011-12-31,2011-03-31,2011-03-31,2018-02-09,-349000,191865000,177087750,60137000,131728000,0.911,9.72,-1566000,2477000,2477000,109903000,12220000,1.024,0.637,8334000,2372000,5962000,8334000,8729000,3900000,0,0.0,0.0,25384000,29284000,0.182,29284000,25384000,20029000,1.01,0.99,1.01,117177000,111972500,117177000,176894448,6,6.041,9169000,0.761,1.0,51382000,0.319,5530000,5355000,133450000,128102500,141306000,304000,304000,0,74688000,58742000,15946000,168700448,1267000,-464000,-88000,-2975000,0,-2790000,-6723000,-4693000,10735000,45000,12220000,12220000,12220000,0,0,0.076,25998000,25384000,38973000,0.0,1.44,13.805,13.842,11663000,0,13.98,1.046,1.044,15498000,22475000,161285000,161285000,1549000,0.069,0.109,0.198,0.157,92000,23570000,1.0,12067271,12042428,12334331,13.393,186335000,7004000,7809000,0,15.457,1395000
MPAA,MRY,2012-12-31,2012-03-31,2012-03-31,2018-02-09,-884000,501898000,483774750,168231000,333667000,0.369,5.881,-1010000,32617000,32617000,121219000,-48514000,0.987,5.818,133884000,500000,133384000,133884000,9775000,3466000,0,0.0,0.0,-36288000,-32822000,-0.184,-32822000,-36288000,-41129000,-3.9,-3.8,-3.9,73619000,97402750,73619000,222072548,-6,-6.766,-39498000,-3.174,1.0,57332000,0.321,90840000,4841000,341906000,289185500,299296000,342000,342000,0,428279000,170419000,257860000,120570548,30140000,0,1000,67127000,0,70182000,-1591000,-37000,-38488000,37000,-48514000,-48514000,-48514000,62862000,0,-0.272,30758000,26574000,126100000,0.0,1.638,-2.485,-2.467,12738000,0,9.62,0.675,0.67,20036000,-26039000,178551000,178551000,1765000,-0.1,-0.498,-0.125,-0.203,135000,28280000,1.0,12533321,12442684,12756845,14.35,411058000,5650000,7385000,0,32.835,-2188000
MPAA,MRY,2013-12-31,2013-03-31,2013-03-31,2018-02-09,-846000,364969000,448123500,152631000,212338000,0.476,-0.243,-2330000,19346000,19346000,143810000,-91511000,0.695,-104.861,81905000,3775000,78130000,81905000,12014000,2849000,0,0.0,0.0,-71755000,-68906000,-0.323,-68906000,-71755000,-84079000,-6.39,-6.36,-6.39,-3514000,53110250,-3514000,208437865,-2,-3.025,-33391000,-2.331,1.0,69341000,0.325,3983000,12324000,203897000,299674750,157030000,411000,411000,0,368483000,219648000,148835000,89202865,-13183000,0,13052000,9211000,0,21902000,-4069000,-41000,-31061000,45000,-91511000,-91511000,-91511000,106069000,0,-0.429,35027000,34314000,39152000,0.0,-25.385,-0.975,-0.959,10036000,0,6.13,0.418,0.412,3689000,-117550000,213151000,213151000,1930000,-0.204,-1.723,-0.239,-0.337,1153000,33097000,1.0,14551854,14327310,14385515,14.877,360986000,33373000,7432000,0,24.964,-67017000
MPAA,MRY,2014-12-31,2014-03-31,2014-03-31,2018-02-09,-877000,318853000,295767000,125266000,193587000,0.875,7.312,-2978000,24599000,24599000,177103000,107359000,1.214,1.908,97277000,17843000,79434000,97277000,15065000,2742000,0,0.0,0.0,132981000,135723000,0.525,135723000,132981000,114692000,7.34,7.01,7.34,109636000,103136250,109636000,462844130,3,3.41,10539000,0.72,1.0,81566000,0.315,3244000,18289000,285098000,280783500,198256000,521000,521000,0,209217000,103189000,106028000,397103130,5165000,0,-627000,12983000,0,-4994000,-3327000,-54000,13517000,-31000,107359000,107359000,107359000,-100877000,0,0.415,49462000,32104000,59509000,0.0,3.622,3.699,3.62,11025000,0,26.57,1.535,1.503,22283000,-10191000,258669000,258669000,1940000,0.363,1.041,0.474,0.514,1538000,47522000,1.0,14945545,14633946,15317931,17.676,315609000,21381000,7333000,0,21.049,22077000
MPAA,MRY,2015-12-31,2015-03-31,2015-03-31,2018-02-09,-2518000,420881000,370362500,181795000,239086000,0.815,10.599,-3734000,61230000,61230000,220138000,11453000,1.58,1.213,79222000,7733000,71489000,79222000,0,2521000,0,0.0,0.0,33586000,36107000,0.12,36107000,33586000,20521000,0.68,0.65,0.68,190203000,168707000,190203000,504355764,15,13.968,-13191000,-0.788,1.0,81573000,0.27,2574000,13065000,321238000,290474500,253612000,699000,699000,0,230678000,115061000,115617000,499178764,36631000,0,66167000,-18464000,0,50081000,-3868000,-134000,-9457000,-125000,11453000,11453000,11453000,0,0,0.038,47987000,33586000,61893000,0.0,2.624,43.585,40.868,12535000,0,27.79,1.654,1.541,24799000,1262000,301711000,301711000,2273000,0.031,0.068,0.116,0.111,2209000,45714000,1.0,17962532,16734539,17605940,18.029,418307000,23259000,9068000,7803000,23.311,66734000
MPAA,MRY,2016-12-31,2016-03-31,2016-03-31,2018-02-09,-4852000,399057000,391255500,106738000,292319000,0.943,11.462,-3747000,21897000,21897000,268046000,10563000,0.814,0.893,30047000,10067000,19980000,30047000,0,2936000,0,0.0,0.0,38286000,41222000,0.112,41222000,38286000,22042000,0.58,0.55,0.58,210808000,201220000,210808000,713162890,18,17.301,11587000,0.635,1.0,100924000,0.274,6626000,16244000,269394000,270730250,309680000,1813000,1813000,0,188249000,131187000,57062000,696058890,-39333000,-2701000,-913000,-56774000,0,-46982000,-7582000,-1134000,15334000,-103000,10563000,10563000,10563000,0,0,0.029,62638000,38286000,72152000,0.0,3.302,65.896,65.483,16099000,0,37.98,1.886,1.877,8548000,11825000,368970000,368970000,3008000,0.027,0.052,0.141,0.104,2584000,59630000,1.0,18326985,18233163,19066093,20.236,392431000,19268000,11479000,196000,21.336,-24449000
MPAA,MRY,2017-12-31,2017-03-31,2017-03-31,2018-02-09,-7441000,436139000,439404750,122131000,314008000,0.959,13.319,-4929000,9029000,9029000,306207000,37573000,0.855,0.754,30999000,14064000,16935000,30999000,0,3714000,0,0.0,0.0,67972000,71686000,0.17,71686000,67972000,54878000,2.02,1.93,2.02,248681000,234375500,248681000,609274828,8,8.499,-10198000,-0.548,1.0,115046000,0.273,6544000,13094000,308783000,315006250,338019000,2140000,2140000,0,187458000,142782000,44676000,574459828,-12868000,-705000,-3048000,-149000,0,-1849000,-5683000,-49000,-5269000,-67000,37573000,37573000,37573000,0,0,0.089,47074000,67972000,85960000,0.0,2.31,15.289,15.213,18437000,0,30.73,1.364,1.357,26017000,50290000,421253000,421253000,3824000,0.086,0.16,0.216,0.161,3383000,43250000,1.0,18693779,18608812,19418706,22.637,429595000,13546000,17305000,180000,23.008,-20651000
