ticker,dimension,calendardate,datekey,reportperiod,lastupdated,accoci,assets,assetsavg,assetsc,assetsnc,assetturnover,bvps,capex,cashneq,cashnequsd,cor,consolinc,currentratio,de,debt,debtc,debtnc,debtusd,deferredrev,depamor,deposits,divyield,dps,ebit,ebitda,ebitdamargin,ebitdausd,ebitusd,ebt,eps,epsdil,epsusd,equity,equityavg,equityusd,ev,evebit,evebitda,fcf,fcfps,fxusd,gp,grossmargin,intangibles,intexp,invcap,invcapavg,inventory,investments,investmentsc,investmentsnc,liabilities,liabilitiesc,liabilitiesnc,marketcap,ncf,ncfbus,ncfcommon,ncfdebt,ncfdiv,ncff,ncfi,ncfinv,ncfo,ncfx,netinc,netinccmn,netinccmnusd,netincdis,netincnci,netmargin,opex,opinc,payables,payoutratio,pb,pe,pe1,ppnenet,prefdivis,price,ps,ps1,receivables,retearn,revenue,revenueusd,rnd,roa,roe,roic,ros,sbcomp,sgna,sharefactor,sharesbas,shareswa,shareswadil,sps,tangibles,taxassets,taxexp,taxliabilities,tbvps,workingcapital
MRNA,MRY,2011-12-31,2011-12-31,2011-12-31,2018-04-30,0,11750000,25303250,2576000,9174000,0.088,0.06,-3000,1987000,1987000,0,-29424000,0.555,308.211,0,0,0,0,848000,1251000,0,0.0,0.0,-28281000,-27030000,-12.089,-27030000,-28281000,-28281000,-46.5,-46.5,-46.5,38000,12877750,38000,5930854,0,-0.219,-16120000,-25.472,1.0,2236000,1.0,6700000,0,-1576000,-2041750,0,0,0,0,11712000,4639000,7073000,8131854,-90000,0,16024000,0,0,16024000,3000,0,-16117000,0,-29424000,-29424000,-29424000,0,0,-13.159,37231000,-34995000,2536000,0.0,213.996,-0.276,-0.191,2429000,0,8.9,3.637,2.519,0,-320194000,2236000,2236000,11438000,-1.163,-2.285,13.851,-12.648,927000,8369000,1.0,913691,632839,632839,3.533,5050000,0,1143000,2345000,7.98,-2063000
MRNA,MRY,2012-12-31,2012-12-31,2012-12-31,2018-04-30,0,7453000,9082500,732000,6721000,0.464,-4.195,431000,596000,596000,0,-9546000,0.13,-2.324,1450000,1450000,0,1450000,115000,555000,0,0.0,0.0,-7791000,-7236000,-1.716,-7236000,-7791000,-9507000,-7.1,-7.1,-7.1,-5628000,-3291500,-5628000,7133558,0,-0.986,-3960000,-2.951,1.0,4217000,1.0,6700000,1716000,-4020000,-3292750,0,0,0,0,13081000,5627000,7454000,7037558,-760000,0,1119000,1440000,0,2569000,1062000,0,-4391000,0,-9546000,-9546000,-9546000,0,0,-2.264,12100000,-7883000,1606000,0.0,-1.25,-0.737,-0.606,0,0,4.3,1.669,1.368,7000,-329740000,4217000,4217000,5169000,-1.051,2.9,2.366,-1.848,990000,5250000,1.0,1636641,1341711,1341711,3.143,753000,0,39000,2384000,0.561,-4895000
MRNA,MRY,2013-12-31,2013-12-31,2013-12-31,2018-04-30,0,7742000,7165500,1042000,6700000,0.295,-4.171,30000,909000,909000,0,-1571000,0.168,-2.096,1623000,1623000,0,1623000,0,0,0,0.0,0.0,-1361000,-1361000,-0.643,-1361000,-1361000,-1610000,-0.9,-0.9,-0.9,-7064000,-5157750,-7064000,6640929,-4,-4.879,315000,0.186,1.0,2115000,1.0,6700000,249000,-4460000,-4107500,0,0,0,0,14806000,6216000,8590000,6544929,693000,0,0,0,0,-2000,410000,0,285000,0,-1571000,-1571000,-1571000,0,0,-0.743,2480000,-365000,1614000,0.0,-0.927,-4.166,-4.443,0,0,3.999,3.095,3.203,5000,-331311000,2115000,2115000,715000,-0.219,0.305,0.331,-0.643,135000,1765000,1.0,1636641,1693766,1693766,1.249,1042000,0,-39000,2345000,0.615,-5174000
MRNA,MRY,2014-12-31,2014-12-31,2014-12-31,2018-04-30,0,9216000,10658250,2516000,6700000,0.047,-1.695,0,1824000,1824000,0,-6477000,1.296,-3.108,0,0,0,0,0,0,0,0.0,0.0,-5471000,-5471000,-10.942,-5471000,-5471000,-6477000,-5.1,-5.1,-5.1,-4371000,-6295750,-4371000,13662281,-2,-2.497,-4779000,-1.94,1.0,500000,1.0,6700000,1006000,-1250000,-1993000,0,0,0,0,13587000,1942000,11645000,16865281,915000,0,23000,-250000,0,5694000,0,0,-4779000,0,-6477000,-12477000,-12477000,0,0,-24.954,4020000,-3520000,687000,0.0,-3.858,-1.352,-1.284,0,6000000,6.55,33.731,32.271,500000,-337788000,500000,500000,686000,-1.171,1.982,2.745,-10.942,277000,3334000,1.0,2574852,2463453,2463453,0.203,2516000,0,0,2345000,0.975,574000
MRNA,MRY,2015-12-31,2015-12-31,2015-12-31,2018-04-30,0,261848,5996462,261848,0,0.0,0.309,0,261848,261848,0,-1108564,1.937,1.903,0,0,0,0,0,0,0,0.0,0.0,-1107578,-1107578,,-1107578,-1107578,-1106964,-3.8,-3.8,-3.8,90185,-1613953,90185,5863025,-5,-5.294,-738152,-2.528,1.0,0,,0,-614,-135193,-1546548,0,0,0,0,171663,135193,36470,7176025,261848,0,1000000,0,0,1000000,0,0,-738152,0,-1108564,-1108564,-1108564,0,0,,1107578,-1107578,70505,0.0,79.57,-6.473,-0.697,0,0,2.65,,,0,-1113939,0,0,322317,-0.185,0.687,0.716,,0,607510,1.0,2707934,291945,291945,0.0,261848,0,1600,0,0.897,126655
MRNA,MRY,2016-12-31,2016-12-31,2016-12-31,2018-04-30,0,6186433,6847608,316480,5869953,0.0,0.068,0,105347,105347,0,-837143,0.107,0.922,685998,685998,0,685998,0,49189,0,0.0,0.0,-832830,-783641,,-783641,-832830,-836343,-0.02,-0.02,-0.02,3218764,1795691,3218764,13692706,-16,-17.473,-522314,-0.011,1.0,0,,5869953,3513,-2070538,-2507884,0,0,0,0,2967669,2967669,0,13465706,-156501,5867,0,359946,0,359946,5867,0,-522314,0,-837143,-837143,-837143,0,0,,757730,-757730,794218,0.0,4.184,-16.085,-75.0,0,0,1.5,,,0,-1951082,0,0,132513,-0.122,-0.466,0.332,,0,576028,1.0,8977137,47431096,47431096,0.0,316480,0,800,0,0.007,-2651189
MRNA,MRY,2017-12-31,2017-12-31,2017-12-31,2018-04-30,0,6183746,6294733,124943,6058803,0.0,0.043,0,106378,106378,0,-6219348,0.022,12.796,1906263,1906263,0,1906263,0,450903,0,0.0,0.0,-6139658,-5688755,,-5688755,-6139658,-6218548,-0.63,-0.63,-0.63,448243,1992891,448243,18850398,-3,-3.314,-1260685,-0.128,1.0,0,,6058803,78890,-3810675,-2754104,0,0,0,0,5735503,5735503,0,17360108,1031,0,420643,1266073,0,1636716,-375000,0,-1260685,0,-6219348,-6219348,-6219348,0,0,,6090617,-6090617,2369871,0.0,38.729,-2.791,-2.619,0,0,1.65,,,0,-8028707,0,0,907493,-0.988,-3.121,2.229,,424784,4732221,1.0,10521278,9836109,9836109,0.0,124943,0,800,0,0.012,-5610560
