ticker,dimension,calendardate,datekey,reportperiod,lastupdated,accoci,assets,assetsavg,assetsc,assetsnc,assetturnover,bvps,capex,cashneq,cashnequsd,cor,consolinc,currentratio,de,debt,debtc,debtnc,debtusd,deferredrev,depamor,deposits,divyield,dps,ebit,ebitda,ebitdamargin,ebitdausd,ebitusd,ebt,eps,epsdil,epsusd,equity,equityavg,equityusd,ev,evebit,evebitda,fcf,fcfps,fxusd,gp,grossmargin,intangibles,intexp,invcap,invcapavg,inventory,investments,investmentsc,investmentsnc,liabilities,liabilitiesc,liabilitiesnc,marketcap,ncf,ncfbus,ncfcommon,ncfdebt,ncfdiv,ncff,ncfi,ncfinv,ncfo,ncfx,netinc,netinccmn,netinccmnusd,netincdis,netincnci,netmargin,opex,opinc,payables,payoutratio,pb,pe,pe1,ppnenet,prefdivis,price,ps,ps1,receivables,retearn,revenue,revenueusd,rnd,roa,roe,roic,ros,sbcomp,sgna,sharefactor,sharesbas,shareswa,shareswadil,sps,tangibles,taxassets,taxexp,taxliabilities,tbvps,workingcapital
MSM,MRY,2011-12-31,2011-08-27,2011-08-27,2018-04-10,-2085000,1244423000,1187222750,758434000,485989000,1.703,15.719,-25479000,95959000,95959000,1080867000,218786000,4.404,0.253,0,0,0,0,0,29159000,0,0.028,1.66,349588000,378747000,0.187,378747000,349588000,349330000,3.45,3.43,3.45,993112000,959618750,993112000,3636184035,10,9.601,184483000,2.933,1.0,940925000,0.465,325739000,258000,650523000,619894750,344854000,0,0,0,251311000,172202000,79109000,3772913035,-25232000,-28948000,-28613000,-39361000,-119257000,-180813000,-54427000,0,209962000,46000,218786000,218786000,218786000,0,0,0.108,591160000,349765000,95538000,0.481,3.799,17.245,17.099,148813000,0,58.99,1.866,1.835,266545000,775149000,2021792000,2021792000,0,0.184,0.228,0.564,0.173,7412000,591160000,1.0,63958519,62902000,63324000,32.142,918684000,28531000,130544000,79109000,14.541,586232000
MSM,MRY,2012-12-31,2012-09-01,2012-09-01,2018-04-10,-2443000,1444876000,1368333750,920111000,524765000,1.722,19.09,-47691000,168453000,168453000,1277715000,259031000,5.396,0.217,3196000,1007000,2189000,3196000,0,34723000,0,0.014,1.0,412383000,447106000,0.19,447106000,412383000,412142000,4.12,4.09,4.12,1187111000,1117948750,1187111000,4240273136,10,9.484,186593000,2.989,1.0,1078203000,0.458,340336000,241000,768768000,739160250,393412000,0,0,0,257765000,170515000,87250000,4347503136,72494000,-33451000,-22289000,-193000,-63024000,-80618000,-81142000,0,234284000,-30000,259031000,259031000,259031000,0,0,0.11,665987000,412216000,96640000,0.243,3.662,16.784,16.82,174597000,0,69.3,1.845,1.837,297215000,970965000,2355918000,2355918000,0,0.189,0.232,0.558,0.175,10374000,665987000,1.0,62734533,62434000,62803000,37.735,1104540000,31718000,153111000,85061000,17.762,749596000
MSM,MRY,2013-12-31,2013-08-31,2013-08-31,2018-04-10,-4427000,1943003000,1724275750,893489000,1049514000,1.425,22.106,-89252000,55876000,55876000,1339133000,237995000,4.183,0.397,255750000,14184000,241566000,255750000,0,49479000,0,0.016,1.2,385593000,435072000,0.177,435072000,385593000,383429000,3.77,3.75,3.77,1390383000,1319918000,1390383000,5052483164,13,11.613,236185000,3.767,1.0,1118516000,0.455,785642000,2164000,1143656000,958383750,419012000,0,0,0,552620000,213579000,339041000,4817620164,-112577000,-548769000,21676000,250117000,-75860000,200061000,-638021000,0,325437000,-54000,237995000,237995000,237995000,0,0,0.097,732990000,385526000,113636000,0.318,3.465,20.243,20.159,251536000,0,76.0,1.96,1.939,345366000,1132868000,2457649000,2457649000,0,0.138,0.18,0.402,0.157,9784000,732990000,1.0,63389739,62695000,63011000,39.2,1157361000,37771000,145434000,97475000,18.401,679910000
MSM,MRY,2014-12-31,2014-08-30,2014-08-30,2018-04-10,-5054000,2060747000,2004186500,961415000,1099332000,1.391,22.67,-70617000,47154000,47154000,1500866000,236067000,3.11,0.473,337064000,96829000,240235000,337064000,0,64946000,0,0.015,1.32,383399000,448345000,0.161,448345000,383399000,379525000,3.78,3.76,3.78,1398563000,1378913500,1398563000,5855372181,15,13.06,201789000,3.253,1.0,1286256000,0.461,767649000,3874000,1273844000,1219296500,449814000,0,0,0,662184000,309164000,353020000,5626121181,-8722000,1434000,-166914000,57002000,-82607000,-187039000,-94206000,-25023000,272406000,117000,236067000,236067000,236067000,0,0,0.085,903072000,383184000,116283000,0.349,4.023,23.833,23.847,294348000,0,90.14,2.019,2.006,382784000,1286068000,2787122000,2787122000,0,0.118,0.171,0.314,0.138,11208000,903072000,1.0,62415367,62026000,62339000,44.935,1293098000,41253000,143458000,112785000,20.96,652251000
MSM,MRY,2015-12-31,2015-08-29,2015-08-29,2018-04-10,-17252000,2100186000,2103428500,1032076000,1068110000,1.384,21.748,-51405000,38267000,38267000,1593804000,231308000,2.446,0.576,427284000,213165000,214119000,427284000,0,69729000,0,0.024,1.6,379481000,449210000,0.154,449210000,379481000,373141000,3.75,3.74,3.75,1332870000,1286812250,1332870000,4597740699,12,10.235,198386000,3.237,1.0,1316575000,0.452,743431000,6340000,1323785000,1323140500,506631000,0,0,0,767316000,421987000,345329000,4162333699,-8887000,0,-18010000,91240000,-284231000,-207045000,-51405000,0,249791000,-228000,231308000,231308000,231308000,0,0,0.079,937046000,379529000,114328000,0.427,3.123,17.995,17.987,291156000,0,67.45,1.43,1.42,403468000,1232381000,2910379000,2910379000,0,0.11,0.18,0.287,0.13,10239000,937046000,1.0,61709914,61292000,61487000,47.484,1356755000,44643000,141833000,131210000,22.138,610089000
MSM,MRY,2016-12-31,2016-09-03,2016-09-03,2018-04-10,-19098000,2064951000,2045766250,981491000,1083460000,1.4,18.302,-87930000,52890000,52890000,1574647000,231216000,2.051,0.88,606822000,267050000,339772000,606822000,0,71930000,0,0.023,1.72,377538000,449468000,0.157,449468000,377538000,371731000,3.78,3.77,3.78,1098376000,1312285250,1098376000,4788663969,12,10.654,313173000,5.142,1.0,1288858000,0.45,729388000,5807000,1410893000,1293051250,444221000,0,0,0,966575000,478602000,487973000,4558481969,14623000,0,-372304000,178363000,-105778000,-298368000,-87930000,0,401103000,-182000,231216000,231216000,231216000,0,0,0.081,912898000,375960000,110601000,0.455,4.15,19.715,19.622,320544000,0,74.17,1.592,1.578,392463000,1040148000,2863505000,2863505000,0,0.113,0.176,0.292,0.132,12449000,912898000,1.0,61459916,60908000,61076000,47.014,1335563000,46627000,140515000,148201000,22.254,502889000
MSM,MRY,2017-12-31,2017-09-02,2017-09-02,2018-04-10,-17263000,2098912000,2050237750,1005579000,1093333000,1.408,21.651,-46548000,16083000,16083000,1601497000,231431000,1.803,0.713,532977000,331986000,200991000,532977000,0,62980000,0,0.026,1.8,380362000,443342000,0.154,443342000,380362000,367992000,4.08,4.05,4.08,1225140000,1190770500,1225140000,4426436751,11,9.984,200293000,3.539,1.0,1286247000,0.445,744157000,12370000,1313924000,1318427750,464959000,0,0,0,873772000,557725000,316047000,3938867751,-36807000,-42345000,-18052000,-72936000,-102216000,-194746000,-88893000,0,246841000,-9000,231431000,231431000,231431000,0,0,0.08,907247000,379000000,121266000,0.441,3.215,17.02,16.951,316305000,0,69.16,1.364,1.355,471795000,1168812000,2887744000,2887744000,0,0.113,0.194,0.288,0.132,13925000,907247000,1.0,56952975,56591000,56971000,51.028,1354755000,0,136561000,115056000,23.942,447854000
