ticker,dimension,calendardate,datekey,reportperiod,lastupdated,accoci,assets,assetsavg,assetsc,assetsnc,assetturnover,bvps,capex,cashneq,cashnequsd,cor,consolinc,currentratio,de,debt,debtc,debtnc,debtusd,deferredrev,depamor,deposits,divyield,dps,ebit,ebitda,ebitdamargin,ebitdausd,ebitusd,ebt,eps,epsdil,epsusd,equity,equityavg,equityusd,ev,evebit,evebitda,fcf,fcfps,fxusd,gp,grossmargin,intangibles,intexp,invcap,invcapavg,inventory,investments,investmentsc,investmentsnc,liabilities,liabilitiesc,liabilitiesnc,marketcap,ncf,ncfbus,ncfcommon,ncfdebt,ncfdiv,ncff,ncfi,ncfinv,ncfo,ncfx,netinc,netinccmn,netinccmnusd,netincdis,netincnci,netmargin,opex,opinc,payables,payoutratio,pb,pe,pe1,ppnenet,prefdivis,price,ps,ps1,receivables,retearn,revenue,revenueusd,rnd,roa,roe,roic,ros,sbcomp,sgna,sharefactor,sharesbas,shareswa,shareswadil,sps,tangibles,taxassets,taxexp,taxliabilities,tbvps,workingcapital
MSN,MRY,2011-12-31,2011-03-31,2011-03-31,2018-02-15,746000,76716000,81170500,69352000,7364000,2.474,2.141,-231000,40396000,40396000,174553000,15918000,3.786,0.321,2662000,2512000,150000,2662000,0,502000,0,0.0,0.0,21709000,22211000,0.111,22211000,21709000,21709000,0.59,0.59,0.59,58091000,52597750,58091000,48889193,2,2.201,25442000,0.938,1.0,26288000,0.131,1545000,0,19120000,36892000,8515000,4725000,4725000,0,18625000,18317000,308000,65654193,24745000,0,0,-3198000,0,-3198000,2270000,3100000,25673000,0,15918000,15918000,15918000,0,0,0.079,7383000,18905000,14410000,0.0,1.13,4.125,4.102,2921000,0,2.42,0.327,0.327,12342000,-21055000,200841000,200841000,0,0.196,0.303,0.588,0.108,0,7383000,1.0,27129832,27130000,27130000,7.403,75171000,5365000,5791000,354000,2.771,51035000
MSN,MRY,2012-12-31,2012-03-31,2012-03-31,2018-02-15,-82000,78684000,83102750,74949000,3735000,1.964,2.503,2732000,45175000,45175000,143622000,10634000,7.114,0.159,136000,64000,72000,136000,0,276000,0,0.0,0.0,13110000,13386000,0.082,13386000,13110000,13110000,0.39,0.39,0.39,67900000,64101000,67900000,12136962,0,0.907,2580000,0.095,1.0,19629000,0.12,1545000,0,21565000,27006750,11269000,0,0,0,10784000,10535000,249000,54530962,5164000,0,0,-2526000,0,-2526000,7842000,4725000,-152000,0,10634000,10634000,10634000,0,0,0.065,7764000,11865000,9163000,0.0,0.803,5.128,5.154,260000,0,2.01,0.334,0.334,13328000,-10418000,163251000,163251000,0,0.128,0.166,0.485,0.08,0,7764000,1.0,27129832,27130000,27130000,6.017,77139000,3972000,2476000,284000,2.843,64414000
MSN,MRY,2013-12-31,2013-03-31,2013-03-31,2018-02-15,0,82776000,89541500,81074000,1702000,1.434,2.727,-104000,21482000,21482000,109986000,5999000,9.459,0.119,73000,43000,30000,73000,0,106000,0,0.0,0.0,9665000,9771000,0.076,9771000,9665000,9665000,0.22,0.22,0.22,73981000,73699000,73981000,21457222,2,2.196,21605000,0.796,1.0,18410000,0.143,219000,0,52577000,45428250,3454000,45235000,45235000,0,8795000,8571000,224000,44764222,-23548000,0,0,-63000,0,-63000,-45194000,-45235000,21709000,0,5999000,5999000,5999000,0,0,0.047,9085000,9325000,7247000,0.0,0.605,7.462,7.5,258000,0,1.65,0.349,0.349,7345000,-4419000,128396000,128396000,0,0.067,0.081,0.213,0.075,0,7759000,1.0,27129832,27130000,27130000,4.733,82557000,2806000,3666000,1475000,3.043,72503000
MSN,MRY,2014-12-31,2014-03-31,2014-03-31,2018-02-15,0,79249000,84255000,77224000,2025000,0.924,2.775,-28000,26328000,26328000,63876000,1317000,19.545,0.052,0,0,0,0,0,88000,0,0.0,0.0,-152000,-64000,-0.001,-64000,-152000,-152000,0.05,0.05,0.05,75298000,75185750,75298000,37790050,-248,-590.47,-8122000,-0.299,1.0,13953000,0.179,0,0,48970000,46987500,5438000,32194000,32194000,0,3951000,3951000,0,56430050,4916000,0,0,-73000,0,-73000,13083000,13041000,-8094000,0,1317000,1317000,1317000,0,0,0.017,10653000,3300000,3951000,0.0,0.749,42.847,41.6,142000,0,2.08,0.725,0.725,8219000,-3102000,77829000,77829000,0,0.016,0.018,-0.003,-0.002,0,10434000,1.0,27129832,27130000,27130000,2.869,79249000,3147000,-1469000,0,2.921,73273000
MSN,MRY,2015-12-31,2015-03-31,2015-03-31,2018-02-15,0,62163000,66964750,59964000,2199000,1.14,2.145,-10000,43985000,43985000,62749000,1893000,17.211,0.068,0,0,0,0,0,75000,0,0.53,0.7,4960000,5035000,0.066,5035000,4960000,4960000,0.07,0.07,0.07,58198000,62752750,58198000,11100378,2,2.205,4456000,0.164,1.0,13574000,0.178,0,0,14694000,27002000,4519000,0,0,0,3965000,3484000,481000,35811378,17157000,0,0,0,-18991000,-18991000,31682000,32194000,4466000,0,1893000,1893000,1893000,0,0,0.025,8829000,4745000,2637000,10.0,0.615,18.918,18.857,77000,0,1.32,0.469,0.469,7797000,-1209000,76323000,76323000,0,0.028,0.03,0.184,0.065,0,8829000,1.0,27129832,27130000,27130000,2.813,62163000,2020000,3067000,1328000,2.291,56480000
MSN,MRY,2016-12-31,2016-03-31,2016-03-31,2018-02-15,0,59888000,61304750,58326000,1562000,0.746,2.109,0,30596000,30596000,39186000,-968000,21.944,0.046,0,0,0,0,0,48000,0,0.0,0.0,-1227000,-1179000,-0.026,-1179000,-1227000,-1227000,-0.04,-0.04,-0.04,57230000,57675250,57230000,-5322941,4,4.515,6766000,0.249,1.0,6565000,0.143,0,0,26634000,26647500,2056000,20155000,20155000,0,2658000,2658000,0,22789058,-13389000,0,0,0,0,0,-20155000,-20155000,6766000,0,-968000,-968000,-968000,0,0,-0.021,7970000,-1405000,2203000,0.0,0.398,-23.542,-21.0,29000,0,0.84,0.498,0.498,4092000,-2177000,45751000,45751000,0,-0.016,-0.017,-0.046,-0.027,0,7970000,1.0,27129832,27130000,27130000,1.686,59888000,1401000,-259000,455000,2.207,55668000
MSN,MRY,2017-12-31,2017-03-31,2017-03-31,2018-02-15,0,57848000,59557750,56938000,910000,0.357,2.103,-5000,27471000,27471000,16476000,-237000,61.822,0.016,0,0,0,0,0,16000,0,0.0,0.0,-65000,-49000,-0.002,-49000,-65000,-65000,-0.01,-0.01,-0.01,56927000,57303750,56927000,-4764441,73,97.233,1864000,0.069,1.0,4775000,0.225,0,0,29456000,19604250,838000,25078000,25078000,0,921000,921000,0,36809558,-2625000,0,-66000,0,0,-66000,-4428000,-4923000,1869000,0,-237000,-237000,-237000,0,0,-0.011,5101000,-326000,756000,0.0,0.647,-155.315,-136.0,18000,0,1.36,1.732,1.735,1307000,-2414000,21251000,21251000,0,-0.004,-0.004,-0.003,-0.003,0,5101000,1.0,27065852,27115000,27115000,0.784,57848000,791000,172000,165000,2.137,56017000
