ticker,dimension,calendardate,datekey,reportperiod,lastupdated,accoci,assets,assetsavg,assetsc,assetsnc,assetturnover,bvps,capex,cashneq,cashnequsd,cor,consolinc,currentratio,de,debt,debtc,debtnc,debtusd,deferredrev,depamor,deposits,divyield,dps,ebit,ebitda,ebitdamargin,ebitdausd,ebitusd,ebt,eps,epsdil,epsusd,equity,equityavg,equityusd,ev,evebit,evebitda,fcf,fcfps,fxusd,gp,grossmargin,intangibles,intexp,invcap,invcapavg,inventory,investments,investmentsc,investmentsnc,liabilities,liabilitiesc,liabilitiesnc,marketcap,ncf,ncfbus,ncfcommon,ncfdebt,ncfdiv,ncff,ncfi,ncfinv,ncfo,ncfx,netinc,netinccmn,netinccmnusd,netincdis,netincnci,netmargin,opex,opinc,payables,payoutratio,pb,pe,pe1,ppnenet,prefdivis,price,ps,ps1,receivables,retearn,revenue,revenueusd,rnd,roa,roe,roic,ros,sbcomp,sgna,sharefactor,sharesbas,shareswa,shareswadil,sps,tangibles,taxassets,taxexp,taxliabilities,tbvps,workingcapital
MSON,MRY,2011-12-31,2011-06-30,2011-06-30,2018-05-07,0,18358322,18978516,13538839,4819483,0.652,2.125,-644395,6881093,6881093,5286646,-3534246,4.096,0.234,0,0,0,0,161360,502438,0,0.0,0.0,-3464256,-2961818,-0.239,-2961818,-3464256,-3470030,-0.5,-0.5,-0.5,14877283,16249118,14877283,9991627,-2,-3.373,-1637850,-0.234,1.0,7086383,0.573,3828288,5774,4343305,6221452,3130207,210000,210000,0,3481039,3305636,175403,17573436,-3019512,-1059761,0,-190781,0,-190781,-1609192,0,-993455,3923,-3534246,-3534246,-3534246,1429359,0,-0.286,9816932,-2730549,1110694,0.0,1.181,-4.972,-5.02,969336,0,2.51,1.42,1.42,2085972,-10569045,12373029,12373029,1431627,-0.186,-0.218,-0.557,-0.28,285243,8385305,1.0,7001369,7001370,7001370,1.767,14530034,0,64216,0,2.075,10233203
MSON,MRY,2012-12-31,2012-06-30,2012-06-30,2018-05-07,0,18312837,17743602,14316748,3996089,0.884,2.226,-474277,6273015,6273015,6467126,366325,5.543,0.175,0,0,0,0,117147,713524,0,0.0,0.0,171959,885483,0.056,885483,171959,171543,0.05,0.05,0.05,15590067,14976045,15590067,10452739,60,11.805,-1893266,-0.27,1.0,9210874,0.588,3104267,416,6352928,6800645,4380841,198117,198117,0,2722770,2582627,140143,16383767,-608078,-259760,3691,-14274,0,-10583,-806686,0,-1418989,0,366325,366325,366325,-975090,0,0.023,10700610,-1489736,1507695,0.0,1.051,44.725,46.8,891822,0,2.34,1.045,1.045,3158084,-10202720,15678000,15678000,1292225,0.021,0.024,0.025,0.011,342768,9408385,1.0,7001610,7001930,7001930,2.239,15208570,0,-194782,0,2.172,11734121
MSON,MRY,2013-12-31,2013-06-30,2013-06-30,2018-05-07,0,17359927,17557405,13202926,4157001,0.844,1.936,-533239,5806437,5806437,7427247,-2670965,3.787,0.26,0,0,0,0,72934,785437,0,0.0,0.0,-2746154,-1960717,-0.132,-1960717,-2746154,-2746161,-0.38,-0.38,-0.38,13777220,14950528,13777220,30077564,-10,-15.34,-1003502,-0.142,1.0,7399979,0.499,2830415,7,5237113,5773031,4034477,0,0,0,3582707,3485962,96745,36169128,-466578,0,369646,0,0,369646,-615961,0,-470263,0,-2670965,-2670965,-2670965,-175782,0,-0.18,12718751,-5318772,2208999,0.0,2.625,-13.542,-13.421,1326586,0,5.1,2.439,2.425,2974641,-12873685,14827226,14827226,1496058,-0.152,-0.179,-0.476,-0.185,488472,11222693,1.0,7091986,7050423,7050423,2.103,14529512,0,-75196,0,2.042,9716964
MSON,MRY,2014-12-31,2014-06-30,2014-06-30,2018-05-07,0,19527869,17192129,15384270,4143599,0.992,2.24,-72437,7039938,7039938,5933867,1393299,4.951,0.194,0,0,0,0,51318,978468,0,0.0,0.0,1423929,2402397,0.141,2402397,1423929,1423929,0.19,0.19,0.19,16352364,14492192,16352364,43569913,30,18.136,627619,0.087,1.0,11126568,0.652,2625747,0,6754611,6281386,4217350,0,0,0,3175505,3107573,67932,49218113,1233501,0,484960,0,0,484960,-201515,0,700056,0,1393299,1393299,1393299,-266719,0,0.082,13675532,-2548964,1650323,0.0,3.01,35.325,35.579,1517852,0,6.76,2.885,2.866,3759152,-11480386,17060435,17060435,1711751,0.081,0.096,0.227,0.083,696885,11963781,1.0,7280786,7232004,7467592,2.359,16902122,0,30630,0,2.315,12276697
MSON,MRY,2015-12-31,2015-06-30,2015-06-30,2018-05-07,0,26454248,22161296,20968437,5485811,1.002,3.077,0,9623749,9623749,7280276,5571171,7.825,0.114,0,0,0,0,20395,1439972,0,0.0,0.0,2786539,4226511,0.19,4226511,2786539,2786539,0.74,0.69,0.74,23754345,19607965,23754345,64339173,23,15.223,17115,0.002,1.0,14924302,0.672,2655499,0,11495492,8402863,4303163,0,0,0,2699903,2679508,20395,73248448,2583811,0,0,0,0,723560,-528203,0,17115,0,5571171,5571171,5571171,-267115,0,0.251,16639241,-1714939,1147414,0.0,3.084,13.148,12.838,2056600,0,9.5,3.299,3.243,4481247,-5909215,22204578,22204578,1592923,0.251,0.284,0.332,0.125,1107250,15046318,1.0,7710363,7580450,8094119,2.929,23798749,2892428,-2784632,0,3.082,18288929
MSON,MRY,2016-12-31,2016-06-30,2016-06-30,2018-05-07,0,27732371,27178656,19272253,8460118,0.85,3.133,0,9049327,9049327,7640626,-1172146,5.858,0.137,0,0,0,0,31685,1651972,0,0.0,0.0,-1745497,-93525,-0.004,-93525,-1745497,-1745497,-0.15,-0.15,-0.15,24401290,24328747,24401290,31914030,-18,-341.235,0,0.0,1.0,15472568,0.669,2572613,0,12820297,12646280,5822935,0,0,0,3331081,3290134,40947,40271120,-574422,0,0,0,0,189447,-447629,0,0,0,-1172146,-1172146,-1172146,-156931,0,-0.051,21301956,-5829388,1402797,0.0,1.65,-34.357,-34.467,2492815,0,5.17,1.742,1.74,3869427,-7081361,23113194,23113194,1839479,-0.043,-0.048,-0.138,-0.076,1629644,19462477,1.0,7789385,7776949,7776949,2.972,25159758,3394690,-573351,0,3.23,15982119
MSON,MRY,2017-12-31,2017-06-30,2017-06-30,2018-05-07,0,33369649,30771827,22601793,10767856,0.886,3.196,0,11557071,11557071,8217439,-1681179,4.34,0.186,0,0,0,0,13087,1066844,0,0.0,0.0,-2703987,-1637143,-0.06,-1637143,-2703987,-2703987,-0.2,-0.2,-0.2,28139842,26830224,28139842,74316527,-27,-45.394,0,0.0,1.0,19052524,0.699,2703106,0,13902106,12965881,4992434,0,0,0,5229807,5207366,22441,86173030,2507744,0,0,0,0,4333592,-553190,0,0,0,-1681179,-1681179,-1681179,-161625,0,-0.062,25653610,-6601086,1861228,0.0,3.062,-51.257,-47.75,3730203,0,9.55,3.16,2.941,5133389,-8762540,27269963,27269963,1837497,-0.055,-0.063,-0.209,-0.099,1086139,23816113,1.0,9023354,8398778,8398778,3.247,30666543,4334547,-1022808,0,3.483,17394427
