ticker,dimension,calendardate,datekey,reportperiod,lastupdated,accoci,assets,assetsavg,assetsc,assetsnc,assetturnover,bvps,capex,cashneq,cashnequsd,cor,consolinc,currentratio,de,debt,debtc,debtnc,debtusd,deferredrev,depamor,deposits,divyield,dps,ebit,ebitda,ebitdamargin,ebitdausd,ebitusd,ebt,eps,epsdil,epsusd,equity,equityavg,equityusd,ev,evebit,evebitda,fcf,fcfps,fxusd,gp,grossmargin,intangibles,intexp,invcap,invcapavg,inventory,investments,investmentsc,investmentsnc,liabilities,liabilitiesc,liabilitiesnc,marketcap,ncf,ncfbus,ncfcommon,ncfdebt,ncfdiv,ncff,ncfi,ncfinv,ncfo,ncfx,netinc,netinccmn,netinccmnusd,netincdis,netincnci,netmargin,opex,opinc,payables,payoutratio,pb,pe,pe1,ppnenet,prefdivis,price,ps,ps1,receivables,retearn,revenue,revenueusd,rnd,roa,roe,roic,ros,sbcomp,sgna,sharefactor,sharesbas,shareswa,shareswadil,sps,tangibles,taxassets,taxexp,taxliabilities,tbvps,workingcapital
MTZ,MRY,2011-12-31,2011-12-31,2011-12-31,2018-04-30,-7946000,2094705000,1960308750,828804000,1265901000,1.444,9.799,-65483000,7406000,7406000,2459746000,105972000,1.399,1.582,494740000,34050000,460690000,494740000,0,75228000,0,0.0,0.0,202291000,277519000,0.098,277519000,202291000,167825000,1.29,1.23,1.29,811207000,803818250,811207000,1906250577,9,6.869,-44751000,-0.545,1.0,371546000,0.131,825467000,34466000,1164127000,948341750,88914000,13565000,0,13565000,1283498000,592445000,691053000,1470704577,-157525000,-40681000,-62458000,29586000,0,-76409000,-101848000,4316000,20732000,201000,106001000,106001000,106001000,-8516000,-29000,0.037,206745000,164801000,303687000,0.0,1.813,13.874,13.465,263007000,0,17.37,0.519,0.504,766961000,93489000,2831292000,2831292000,0,0.054,0.132,0.213,0.071,-4193000,132594000,1.0,84669233,82182000,86716000,34.451,1269238000,10596000,61824000,127997000,15.332,236359000
MTZ,MRY,2012-12-31,2012-12-31,2012-12-31,2018-04-30,-5501000,2416308000,2227455500,1049641000,1366667000,1.673,11.268,-72301000,26382000,26382000,3239195000,107416000,1.47,1.813,598919000,52596000,546323000,598919000,0,91958000,0,0.0,0.0,220882000,312840000,0.084,312840000,220882000,183506000,1.37,1.31,1.37,857172000,829465250,857172000,2336580553,10,7.469,100207000,1.28,1.0,487594000,0.131,963649000,37376000,1311061000,1137874000,83939000,0,0,0,1554433000,714135000,840298000,1894055553,6487000,-21731000,-69987000,31485000,0,-71796000,-94316000,-284000,172508000,91000,107426000,107426000,107426000,9223000,-10000,0.029,249482000,238112000,401175000,0.0,2.21,17.631,18.197,348858000,0,24.93,0.508,0.524,1000649000,200915000,3726789000,3726789000,0,0.048,0.13,0.194,0.059,3674000,157524000,1.0,75974952,78275000,82082000,47.611,1452659000,0,76080000,119388000,19.096,335506000
MTZ,MRY,2013-12-31,2013-12-31,2013-12-31,2018-04-30,-13286000,2923198000,2809827000,1307026000,1616172000,1.539,13.154,-110430000,22927000,22927000,3682367000,141216000,1.576,1.872,816801000,51376000,765425000,816801000,0,140926000,0,0.0,0.0,279934000,420860000,0.097,420860000,279934000,233492000,1.83,1.66,1.83,1016089000,950286000,1016089000,3357774450,11,7.978,89972000,1.17,1.0,642420000,0.149,1067650000,46442000,1820197000,1753196500,70185000,0,0,0,1902140000,829225000,1072915000,2527359450,-3840000,-151564000,8355000,65006000,0,58993000,-263211000,-1217000,200402000,-24000,140950000,140950000,140950000,6456000,266000,0.033,356328000,286092000,424917000,0.0,2.487,17.931,17.88,488132000,0,32.72,0.584,0.582,1256334000,341865000,4324787000,4324787000,0,0.05,0.148,0.16,0.065,8629000,215402000,1.0,77242037,76923000,84901000,56.222,1855548000,0,92542000,154763000,24.022,477801000
MTZ,MRY,2014-12-31,2014-12-31,2014-12-31,2018-04-30,-34004000,3563980000,3360845750,1531751000,2032229000,1.372,13.89,-92599000,24059000,24059000,3977963000,115549000,1.562,2.112,1134790000,73631000,1061159000,1134790000,0,154452000,0,0.0,0.0,243121000,397573000,0.086,397573000,243121000,192352000,1.45,1.35,1.45,1143661000,1096539250,1143661000,3004216259,12,7.556,230412000,2.882,1.0,633840000,0.137,1332839000,50769000,2361024000,2326995250,112804000,0,0,0,2415905000,980848000,1435057000,1851196259,1132000,-345543000,1113000,176747000,0,118675000,-439262000,-1120000,323011000,-1292000,115923000,115923000,115923000,6452000,-374000,0.025,392757000,241083000,485347000,0.0,1.619,15.969,15.593,623118000,0,22.61,0.401,0.392,1459226000,457788000,4611803000,4611803000,0,0.034,0.106,0.104,0.053,12222000,238305000,1.0,81875111,79953000,86196000,57.681,2231141000,0,76429000,203476000,27.097,550903000
MTZ,MRY,2015-12-31,2015-12-31,2015-12-31,2018-04-30,-72351000,2927347000,3220263000,1129758000,1797589000,1.307,11.757,-70478000,4984000,4984000,3721303000,-79703000,1.501,2.112,1010268000,77400000,932868000,1010268000,0,169662000,0,0.0,0.0,-19098000,150564000,0.036,150564000,-19098000,-67153000,-0.98,-0.98,-0.98,939570000,1003058250,939570000,2558709736,-133,16.994,296935000,3.689,1.0,487027000,0.116,1187890000,48055000,1992206000,2258914250,90599000,0,0,0,1983956000,752535000,1231421000,1388451736,-19075000,-148000,-100000000,-110584000,0,-258920000,-128700000,-58074000,367413000,1132000,-79110000,-79110000,-79110000,0,-593000,-0.019,514197000,-27170000,348543000,0.0,1.478,-17.551,-17.735,558667000,0,17.38,0.33,0.332,1060589000,378678000,4208330000,4208330000,0,-0.025,-0.079,-0.008,-0.005,12395000,265910000,1.0,79887902,80489000,80489000,52.285,1739457000,0,11957000,188759000,21.767,377223000
MTZ,MRY,2016-12-31,2016-12-31,2016-12-31,2018-04-30,-65814000,3183132000,3126937250,1402486000,1780646000,1.642,13.618,-105875000,38767000,38767000,4442125000,134035000,1.67,1.896,1025979000,64600000,961379000,1025979000,0,164915000,0,0.0,0.0,273781000,438696000,0.085,438696000,273781000,223047000,1.63,1.61,1.63,1096531000,1006829750,1096531000,4158682458,15,9.48,99718000,1.241,1.0,692578000,0.135,1175585000,50734000,2154769000,2092830500,111031000,0,0,0,2079498000,839990000,1239508000,3151362458,33783000,-4102000,0,-14379000,0,-29486000,-141021000,-31044000,205593000,-1303000,131263000,131263000,131263000,0,2772000,0.026,426348000,266230000,363668000,0.0,2.874,24.008,23.466,549084000,0,38.25,0.614,0.599,1317490000,509941000,5134703000,5134703000,0,0.042,0.13,0.131,0.053,15072000,261433000,1.0,82388561,80372000,81394000,63.887,2007547000,0,91784000,178355000,24.933,562496000
MTZ,MRY,2017-12-31,2017-12-31,2017-12-31,2018-04-30,-63712000,4066576000,3737017500,1852366000,2214210000,1.768,17.657,-103449000,40326000,40326000,5745307000,348884000,1.922,1.84,1368572000,87866000,1280706000,1368572000,0,188049000,0,0.0,0.0,431166000,619215000,0.094,619215000,431166000,370155000,4.29,4.22,4.29,1430799000,1273649500,1430799000,5286168544,12,8.537,52814000,0.653,1.0,861671000,0.13,1328880000,61011000,3102115000,2764087500,76992000,0,0,0,2633223000,963827000,1669396000,4051132544,1559000,-115995000,-1552000,170664000,0,118155000,-272748000,-53304000,156263000,-111000,347213000,347213000,347213000,0,1671000,0.053,463152000,398519000,377954000,0.0,2.831,11.668,11.41,706506000,0,48.95,0.613,0.599,1792509000,857154000,6606978000,6606978000,0,0.093,0.273,0.156,0.065,15656000,275103000,1.0,82760624,80903000,82325000,81.665,2737696000,0,22942000,204518000,33.784,888539000
