ticker,dimension,calendardate,datekey,reportperiod,lastupdated,accoci,assets,assetsavg,assetsc,assetsnc,assetturnover,bvps,capex,cashneq,cashnequsd,cor,consolinc,currentratio,de,debt,debtc,debtnc,debtusd,deferredrev,depamor,deposits,divyield,dps,ebit,ebitda,ebitdamargin,ebitdausd,ebitusd,ebt,eps,epsdil,epsusd,equity,equityavg,equityusd,ev,evebit,evebitda,fcf,fcfps,fxusd,gp,grossmargin,intangibles,intexp,invcap,invcapavg,inventory,investments,investmentsc,investmentsnc,liabilities,liabilitiesc,liabilitiesnc,marketcap,ncf,ncfbus,ncfcommon,ncfdebt,ncfdiv,ncff,ncfi,ncfinv,ncfo,ncfx,netinc,netinccmn,netinccmnusd,netincdis,netincnci,netmargin,opex,opinc,payables,payoutratio,pb,pe,pe1,ppnenet,prefdivis,price,ps,ps1,receivables,retearn,revenue,revenueusd,rnd,roa,roe,roic,ros,sbcomp,sgna,sharefactor,sharesbas,shareswa,shareswadil,sps,tangibles,taxassets,taxexp,taxliabilities,tbvps,workingcapital
MVC,MRY,2011-12-31,2011-10-31,2011-10-31,2018-04-24,93996080,497107181,489586160,,,0.033,17.515,0,35242460,35242460,10838931,6970979,,0.185,50000000,,,50000000,0,0,0,0.037,0.48,10066661,10066661,0.63,10066661,10066661,6984536,0.3,,0.3,419509716,414704054,419509716,313679783,31,31.16,-8692481,-0.363,1.0,5132034,0.321,0,3082125,511864721,497002445,0,452215087,,,77597465,,,309246577,-21148168,0,-966655,0,-11489032,-12455687,0,0,-8692481,0,6970979,6970979,6970979,0,0,0.436,4320489,811545,3369197,1.6,0.737,44.362,43.1,0,0,12.93,19.363,19.391,9019766,-65428302,15970965,15970965,0,0.014,0.017,0.02,0.63,0,4320489,1.0,23916982,23951138,,0.667,497107181,0,13557,2099,20.755,
MVC,MRY,2012-12-31,2012-10-31,2012-10-31,2018-04-24,71738767,456430680,471443322,,,0.063,16.14,0,42640558,42640558,1821447,-21654676,,0.182,50000000,,,50000000,0,0,0,0.04,0.495,-18283923,-18283923,-0.612,-18283923,-18283923,-21650679,-0.9,,-0.9,386016133,398176325,386016133,314566677,-17,-17.205,19237005,0.804,1.0,28065665,0.939,0,3366756,463790122,487080860,0,404170648,,,70414547,,,295613897,7398098,0,0,0,-11838907,-11838907,0,0,19237005,0,-21654676,-21654676,-21654676,0,0,-0.725,3573842,24491823,3884315,-0.55,0.766,-13.651,-13.733,0,0,12.36,9.891,9.891,8865382,-73888093,29887112,29887112,0,-0.046,-0.054,-0.038,-0.612,0,3573842,1.0,23916982,23916982,,1.25,456430680,591,3997,0,19.084,
MVC,MRY,2013-12-31,2013-10-31,2013-10-31,2018-04-24,45878460,564450082,525319886,,,0.047,16.575,0,81026560,81026560,12857320,19269371,,0.501,164408750,,,164408750,0,0,0,0.039,0.54,25997241,25997241,1.05,25997241,25997241,19272971,0.82,,0.82,376085593,386783801,376085593,375929751,14,14.46,-43611100,-1.869,1.0,11905121,0.481,0,6724270,647832272,558161459,0,467747422,,,188364489,,,312802625,38074002,0,-16673207,114408750,-12526704,81685102,0,0,-43611100,0,19269371,19269371,19269371,0,0,0.778,3712491,8192630,3304338,0.659,0.832,16.233,16.866,0,0,13.83,12.632,13.032,11875365,-35970088,24762441,24762441,0,0.037,0.05,0.047,1.05,0,3712491,1.0,22617688,23334367,,1.061,564450082,336,3600,0,24.877,
MVC,MRY,2014-12-31,2014-10-31,2014-10-31,2018-04-24,7937198,577713422,604952797,,,0.033,15.153,0,23437964,23437964,5121569,-19842067,,0.68,214408750,,,214408750,0,0,0,0.048,0.54,-10397846,-10397846,-0.525,-10397846,-10397846,-19840312,-0.88,,-0.88,343902958,366358118,343902958,434469459,-41,-41.785,-90097714,-3.981,1.0,14694856,0.742,0,9442466,768684208,781589461,0,547527568,,,233810464,,,255860792,-57062096,0,-4114967,50000000,-12215899,33035618,0,0,-90097714,0,-19842067,-19842067,-19842067,0,0,-1.001,3671218,11023638,3177370,-0.614,0.744,-12.895,-12.807,0,0,11.27,12.912,12.872,3128225,-30058804,19816425,19816425,0,-0.033,-0.054,-0.013,-0.525,0,3671218,1.0,22702821,22632584,,0.876,577713422,0,1755,1219,25.455,
MVC,MRY,2015-12-31,2015-10-31,2015-10-31,2018-04-24,-42620298,516842303,545670095,,,0.043,12.953,0,16814601,16814601,-1134296,-37560420,,0.758,212408750,,,212408750,0,0,0,0.065,0.54,-27328524,-27328524,-1.153,-27328524,-27328524,-37558664,-1.66,,-1.66,294075587,310142359,294075587,379858256,-13,-13.9,7939800,0.35,1.0,24833078,1.048,0,10230140,712436452,747980830,0,490557256,,,222766716,,,188887470,-6860897,0,-233465,-2000000,-12026059,-14800697,0,0,7939800,0,-37560420,-37560420,-37560420,0,0,-1.585,5304366,19528712,3918038,-0.325,0.642,-5.029,-5.012,0,0,8.32,7.97,7.97,6393624,-26589737,23698782,23698782,0,-0.069,-0.121,-0.037,-1.153,0,5304366,1.0,22702821,22702821,,1.044,516842303,0,1756,1152,22.766,
MVC,MRY,2016-12-31,2016-10-31,2016-10-31,2018-04-24,-13992454,432366094,440922405,,,0.085,12.378,0,21014687,21014687,3572822,2798175,,0.547,147283745,,,147283745,0,0,0,0.082,0.71,13012406,13012406,0.348,13012406,13012406,2800059,0.12,,0.12,279557778,281349993,279557778,330975661,25,25.435,92104385,4.062,1.0,33794062,0.904,0,10212347,558635152,573019653,0,395111435,,,152808316,,,197287514,-97407,0,-1545255,-63000000,-15770729,-92201792,0,0,92104385,0,2798175,2798175,2798175,0,0,0.075,4252085,29541977,2176275,5.917,0.706,70.506,72.417,0,0,8.69,5.28,5.273,14845787,-68518569,37366884,37366884,0,0.006,0.01,0.023,0.348,0,4252085,1.0,22702821,22673539,,1.648,432366094,0,1884,1381,19.143,
MVC,MRY,2017-12-31,2017-10-31,2017-10-31,2018-04-24,-70965264,403409395,419499001,,,0.048,13.049,0,106674568,106674568,10979972,27323999,,0.443,112626045,,,112626045,0,0,0,0.052,0.555,37613729,37613729,1.871,37613729,37613729,27325919,1.22,,1.22,279489068,285766766,279489068,218635838,5,5.813,148778656,6.68,1.0,9124128,0.454,0,10287810,409360872,471785312,0,292525473,,,123920327,,,225920923,91160079,0,-15373364,-35000000,-12019345,-57618577,0,0,148778656,0,27323999,27323999,27323999,0,0,1.359,4433220,4690908,7313236,0.455,0.808,8.268,8.77,0,0,10.7,11.238,11.854,3290128,3475775,20104100,20104100,0,0.065,0.096,0.08,1.871,0,4433220,1.0,21114105,22271902,,0.903,403409395,0,1920,2054,18.835,
