ticker,dimension,calendardate,datekey,reportperiod,lastupdated,accoci,assets,assetsavg,assetsc,assetsnc,assetturnover,bvps,capex,cashneq,cashnequsd,cor,consolinc,currentratio,de,debt,debtc,debtnc,debtusd,deferredrev,depamor,deposits,divyield,dps,ebit,ebitda,ebitdamargin,ebitdausd,ebitusd,ebt,eps,epsdil,epsusd,equity,equityavg,equityusd,ev,evebit,evebitda,fcf,fcfps,fxusd,gp,grossmargin,intangibles,intexp,invcap,invcapavg,inventory,investments,investmentsc,investmentsnc,liabilities,liabilitiesc,liabilitiesnc,marketcap,ncf,ncfbus,ncfcommon,ncfdebt,ncfdiv,ncff,ncfi,ncfinv,ncfo,ncfx,netinc,netinccmn,netinccmnusd,netincdis,netincnci,netmargin,opex,opinc,payables,payoutratio,pb,pe,pe1,ppnenet,prefdivis,price,ps,ps1,receivables,retearn,revenue,revenueusd,rnd,roa,roe,roic,ros,sbcomp,sgna,sharefactor,sharesbas,shareswa,shareswadil,sps,tangibles,taxassets,taxexp,taxliabilities,tbvps,workingcapital
MWA,MRY,2011-12-31,2011-09-30,2011-09-30,2018-05-09,-54200000,1485000000,1511175000,598800000,886200000,0.638,2.436,-23100000,61000000,61000000,716500000,-38100000,3.074,2.918,678300000,900000,677400000,678300000,0,63100000,0,0.028,0.07,24600000,87700000,0.091,87700000,24600000,-41000000,-0.25,-0.25,-0.25,379000000,395500000,379000000,1033072051,41,11.78,16800000,0.108,1.0,248100000,0.257,602400000,65600000,1305100000,1347850000,175900000,0,0,0,1106000000,194800000,911200000,385872051,-23000000,-9200000,1300000,-15000000,-10900000,-22900000,-39600000,0,39900000,-400000,-38100000,-38100000,-38100000,28100000,0,-0.039,195400000,52700000,59100000,-0.28,1.018,-10.128,-9.92,145700000,0,2.48,0.4,0.399,147400000,-1161600000,964600000,964600000,0,-0.025,-0.096,0.018,0.026,5000000,191800000,1.0,155593569,155300000,155300000,6.211,882600000,28700000,-2900000,154200000,5.672,404000000
MWA,MRY,2012-12-31,2012-09-30,2012-09-30,2018-05-09,-87700000,1240900000,1318725000,489900000,751000000,0.776,1.474,-31400000,83000000,83000000,752800000,-108400000,2.909,4.367,622800000,1100000,621700000,622800000,0,60600000,0,0.014,0.07,-40600000,20000000,0.02,20000000,-40600000,-100500000,-0.69,-0.69,-0.69,231200000,280950000,231200000,1337424008,-32,66.871,2100000,0.013,1.0,271100000,0.265,580500000,59900000,1031800000,1160375000,183200000,0,0,0,1009700000,168400000,841300000,768324008,22000000,-1300000,700000,-57200000,-11000000,-68100000,55100000,0,33500000,1500000,-108400000,-108400000,-108400000,103200000,0,-0.106,207000000,64100000,84500000,-0.101,3.323,-7.088,-7.101,137900000,0,4.9,0.75,0.749,166100000,-1270000000,1023900000,1023900000,0,-0.082,-0.386,-0.035,-0.04,5100000,204200000,1.0,156800818,156500000,156500000,6.542,660400000,19600000,7900000,132800000,4.212,321500000
MWA,MRY,2013-12-31,2013-09-30,2013-09-30,2018-05-09,-28600000,1281900000,1232750000,569400000,712500000,0.909,2.077,-36500000,123600000,123600000,807600000,40800000,3.11,2.906,600800000,1300000,599500000,600800000,0,59200000,0,0.009,0.07,101300000,160500000,0.143,160500000,101300000,49600000,0.26,0.25,0.26,328200000,268400000,328200000,1795138597,17,11.185,77600000,0.492,1.0,313200000,0.279,553100000,51700000,1022900000,1045975000,208500000,0,0,0,953700000,183100000,770600000,1263438597,40600000,-200000,3100000,-23200000,-11000000,-35700000,-36200000,0,114100000,-1200000,40800000,40800000,40800000,-5400000,0,0.036,215900000,97300000,101200000,0.269,3.85,30.967,30.731,141900000,0,7.99,1.127,1.124,164500000,-1229200000,1120800000,1120800000,0,0.033,0.152,0.097,0.09,7100000,214400000,1.0,158127484,157700000,160300000,7.107,728800000,26700000,8800000,141500000,4.613,386300000
MWA,MRY,2014-12-31,2014-09-30,2014-09-30,2018-05-09,-60700000,1312500000,1292000000,607400000,705100000,0.917,2.19,-36900000,161100000,161100000,836800000,55500000,2.485,2.745,541000000,46200000,494800000,541000000,0,56700000,0,0.008,0.07,123100000,179800000,0.152,179800000,123100000,73500000,0.35,0.34,0.35,350000000,335325000,350000000,1772315707,14,9.857,110700000,0.695,1.0,347900000,0.294,533600000,49600000,914400000,1021650000,198000000,0,0,0,960900000,244400000,716500000,1322415707,37500000,-10000000,4200000,-55700000,-11200000,-65200000,-42200000,0,147600000,-2700000,55500000,55500000,55500000,0,0,0.047,223800000,124100000,116000000,0.2,3.778,23.827,23.657,146300000,0,8.28,1.116,1.113,182100000,-1173700000,1184700000,1184700000,0,0.043,0.166,0.12,0.104,8600000,220700000,1.0,159712042,159200000,162200000,7.442,778900000,38600000,18000000,150400000,4.874,363000000
MWA,MRY,2015-12-31,2015-09-30,2015-09-30,2018-05-09,-67300000,1229800000,1203175000,549500000,680300000,0.659,2.282,-27200000,113100000,113100000,547100000,30900000,3.271,2.353,489000000,6100000,482900000,489000000,0,43400000,0,0.01,0.076,66700000,110100000,0.139,110100000,66700000,39200000,0.19,0.19,0.19,366300000,338800000,366300000,1665205802,24,15.124,30900000,0.193,1.0,246300000,0.31,507300000,27500000,930400000,970550000,219100000,0,0,0,862000000,168000000,694000000,1229405802,-48000000,300000,-1700000,-76500000,-12000000,-99000000,-22400000,0,58100000,-5200000,30900000,30900000,30900000,-18400000,0,0.039,155100000,91200000,98700000,0.4,3.356,39.787,40.316,148900000,0,7.66,1.55,1.55,175300000,-1142800000,793400000,793400000,0,0.026,0.091,0.069,0.084,4000000,146700000,1.0,160496841,160500000,163200000,4.943,722500000,28300000,8300000,145300000,4.502,381500000
MWA,MRY,2016-12-31,2016-09-30,2016-09-30,2018-05-09,-68300000,1280600000,1215750000,612300000,668300000,0.659,2.588,-31500000,195000000,195000000,532700000,63900000,3.295,2.059,484400000,5600000,478800000,484400000,0,39500000,0,0.008,0.1,111700000,151200000,0.189,151200000,111700000,88100000,0.4,0.39,0.4,418300000,387175000,418300000,2366848632,21,15.654,83000000,0.515,1.0,267900000,0.335,434600000,23600000,949600000,932225000,130700000,0,0,0,861100000,185800000,675300000,2029148632,81900000,0,3300000,-5000000,-16100000,-23700000,-31200000,0,114500000,-400000,63900000,63900000,63900000,-18800000,0,0.08,175000000,92900000,73700000,0.25,4.851,31.755,31.375,108400000,0,12.55,2.535,2.528,131800000,-1078900000,800600000,800600000,0,0.053,0.165,0.12,0.14,4700000,151200000,1.0,161685150,161300000,163400000,4.963,846000000,0,24200000,109900000,5.235,426500000
MWA,MRY,2017-12-31,2017-09-30,2017-09-30,2018-05-09,-51800000,1258300000,1232575000,670300000,588000000,0.67,3.079,-40600000,361700000,361700000,558500000,123300000,4.734,1.574,480600000,5600000,475000000,480600000,0,41900000,0,0.012,0.15,169700000,211600000,0.256,211600000,169700000,147500000,0.77,0.76,0.77,488400000,454375000,488400000,2157928729,12,10.198,18800000,0.117,1.0,267500000,0.324,439300000,22200000,796300000,848650000,138900000,0,0,0,768800000,141600000,627200000,2029928729,166700000,-26600000,-49200000,-4900000,-24000000,-81400000,-66300000,0,59400000,1200000,123300000,123300000,123300000,-69000000,0,0.149,166800000,100700000,82500000,0.195,4.156,16.463,16.623,122300000,0,12.8,2.458,2.481,145300000,-955600000,826000000,826000000,0,0.1,0.271,0.2,0.205,6000000,156400000,1.0,158588182,160100000,161800000,5.159,819000000,0,24200000,115100000,5.164,528700000
