ticker,dimension,calendardate,datekey,reportperiod,lastupdated,accoci,assets,assetsavg,assetsc,assetsnc,assetturnover,bvps,capex,cashneq,cashnequsd,cor,consolinc,currentratio,de,debt,debtc,debtnc,debtusd,deferredrev,depamor,deposits,divyield,dps,ebit,ebitda,ebitdamargin,ebitdausd,ebitusd,ebt,eps,epsdil,epsusd,equity,equityavg,equityusd,ev,evebit,evebitda,fcf,fcfps,fxusd,gp,grossmargin,intangibles,intexp,invcap,invcapavg,inventory,investments,investmentsc,investmentsnc,liabilities,liabilitiesc,liabilitiesnc,marketcap,ncf,ncfbus,ncfcommon,ncfdebt,ncfdiv,ncff,ncfi,ncfinv,ncfo,ncfx,netinc,netinccmn,netinccmnusd,netincdis,netincnci,netmargin,opex,opinc,payables,payoutratio,pb,pe,pe1,ppnenet,prefdivis,price,ps,ps1,receivables,retearn,revenue,revenueusd,rnd,roa,roe,roic,ros,sbcomp,sgna,sharefactor,sharesbas,shareswa,shareswadil,sps,tangibles,taxassets,taxexp,taxliabilities,tbvps,workingcapital
MWIV,MRY,2011-12-31,2011-09-30,2011-09-30,2017-04-15,-563000,504219000,493596500,398283000,105936000,3.171,23.43,-12516000,606000,606000,1359755000,42580000,1.964,0.722,4170000,3816000,354000,4170000,0,6284000,0,0.0,0.0,69441000,75725000,0.048,75725000,69441000,68700000,3.42,3.4,3.42,292810000,276508750,292810000,879007585,12,11.608,19912000,1.598,1.0,205585000,0.131,73935000,741000,231053000,228974000,170065000,0,0,0,211409000,202795000,8614000,864555585,-305000,-9000000,510000,-10515000,0,-7291000,-25509000,0,32428000,67000,42580000,42580000,42580000,0,0,0.027,136919000,68666000,182594000,0.0,2.953,20.304,20.123,25209000,0,68.82,0.552,0.548,215861000,159488000,1565340000,1565340000,0,0.086,0.154,0.303,0.044,-1883000,130656000,1.0,12562563,12464000,12513000,125.589,430284000,1672000,26120000,5989000,34.431,195488000
MWIV,MRY,2012-12-31,2012-09-30,2012-09-30,2017-04-15,1542000,696383000,660931000,552485000,143898000,3.14,28.433,-7501000,514000,514000,1808230000,53477000,1.689,0.938,48521000,48417000,104000,48521000,0,9062000,0,0.0,0.0,86866000,95928000,0.046,95928000,86866000,85940000,4.24,4.23,4.24,359302000,336234000,359302000,1415372162,16,14.755,6737000,0.534,1.0,266916000,0.129,100547000,926000,316733000,301193750,251375000,0,0,0,337081000,327110000,9971000,1358906162,-92000,-51718000,716000,43788000,0,45399000,-59865000,0,14238000,136000,53477000,53477000,53477000,0,0,0.026,181149000,85767000,258741000,0.0,3.782,25.411,25.16,35784000,0,106.68,0.655,0.649,288922000,212965000,2075146000,2075146000,0,0.081,0.159,0.288,0.042,1262000,172104000,1.0,12738153,12616000,12647000,164.485,595836000,1580000,32463000,7180000,47.15,225375000
MWIV,MRY,2013-12-31,2013-09-30,2013-09-30,2017-04-15,1918000,802555000,758808000,642822000,159733000,3.094,33.611,-10591000,953000,953000,2043147000,62849000,1.762,0.883,18920000,18904000,16000,18920000,0,10038000,0,0.0,0.0,101395000,111433000,0.047,111433000,101395000,100681000,4.96,4.95,4.96,426319000,400504750,426319000,1923389166,18,17.26,46858000,3.697,1.0,304338000,0.13,111640000,714000,344105000,335628250,326093000,0,0,0,376236000,364777000,11459000,1911979166,439000,-17107000,759000,-29334000,0,-29107000,-28128000,0,57449000,225000,62849000,62849000,62849000,0,0,0.027,204015000,100323000,324057000,0.0,4.485,30.422,30.113,39183000,0,149.36,0.814,0.806,307445000,275814000,2347485000,2347485000,0,0.083,0.157,0.302,0.043,2230000,193999000,1.0,12801146,12675000,12709000,185.206,690915000,2327000,37832000,9321000,54.471,278045000
MWIV,MRY,2014-12-31,2014-09-30,2014-09-30,2017-04-15,1307000,1041916000,977754750,843170000,198746000,3.049,39.482,-12703000,2433000,2433000,2609725000,71962000,1.608,1.074,78201000,78201000,0,78201000,0,11858000,0,0.0,0.0,118891000,130749000,0.044,130749000,118891000,117705000,5.66,5.65,5.66,502371000,476497500,502371000,1960740483,16,14.996,45962000,3.615,1.0,371313000,0.125,136974000,1186000,456329000,454850000,430499000,0,0,0,539545000,524381000,15164000,1908272483,1480000,-102097000,913000,59198000,0,58829000,-116043000,0,58665000,29000,71962000,71962000,71962000,0,0,0.024,253553000,117760000,417388000,0.0,3.799,26.518,26.219,50150000,0,148.4,0.64,0.633,398990000,347776000,2981038000,2981038000,0,0.074,0.151,0.261,0.04,4070000,241717000,1.0,12858979,12715000,12745000,234.45,904942000,2812000,45743000,12602000,71.121,318789000
