ticker,dimension,calendardate,datekey,reportperiod,lastupdated,accoci,assets,assetsavg,assetsc,assetsnc,assetturnover,bvps,capex,cashneq,cashnequsd,cor,consolinc,currentratio,de,debt,debtc,debtnc,debtusd,deferredrev,depamor,deposits,divyield,dps,ebit,ebitda,ebitdamargin,ebitdausd,ebitusd,ebt,eps,epsdil,epsusd,equity,equityavg,equityusd,ev,evebit,evebitda,fcf,fcfps,fxusd,gp,grossmargin,intangibles,intexp,invcap,invcapavg,inventory,investments,investmentsc,investmentsnc,liabilities,liabilitiesc,liabilitiesnc,marketcap,ncf,ncfbus,ncfcommon,ncfdebt,ncfdiv,ncff,ncfi,ncfinv,ncfo,ncfx,netinc,netinccmn,netinccmnusd,netincdis,netincnci,netmargin,opex,opinc,payables,payoutratio,pb,pe,pe1,ppnenet,prefdivis,price,ps,ps1,receivables,retearn,revenue,revenueusd,rnd,roa,roe,roic,ros,sbcomp,sgna,sharefactor,sharesbas,shareswa,shareswadil,sps,tangibles,taxassets,taxexp,taxliabilities,tbvps,workingcapital
NAII,MRY,2011-12-31,2011-06-30,2011-06-30,2018-05-14,-365000,41144000,38300250,27828000,13316000,1.459,4.993,-1672000,15461000,15461000,45253000,5086000,5.625,0.16,0,0,0,0,0,3224000,0,0.0,0.0,2408000,5632000,0.101,5632000,2408000,2350000,0.72,0.71,0.72,35478000,33116750,35478000,22425127,9,3.982,7415000,1.043,1.0,10629000,0.19,0,58000,20736000,22301500,6499000,0,0,0,5666000,4947000,719000,34317127,6914000,0,-398000,0,0,-501000,-1672000,0,9087000,0,5086000,5086000,5086000,0,0,0.091,8304000,2325000,2232000,0.0,0.967,6.747,6.694,11411000,0,4.82,0.614,0.613,3287000,17939000,55882000,55882000,0,0.133,0.154,0.108,0.043,336000,8304000,1.0,7119736,7110762,7117572,7.859,41144000,3027000,-2736000,472000,5.79,22881000
NAII,MRY,2012-12-31,2012-06-30,2012-06-30,2018-05-14,99000,47197000,45878750,34519000,12678000,1.587,5.728,-2284000,14478000,14478000,57371000,4158000,5.05,0.184,0,0,0,0,0,3018000,0,0.0,0.0,6347000,9365000,0.129,9365000,6347000,6242000,0.6,0.59,0.6,39868000,38771250,39868000,42275142,6,4.514,-578000,-0.083,1.0,15451000,0.212,0,105000,25883000,26750500,8355000,0,0,0,7329000,6836000,493000,53380142,-983000,0,-405000,0,0,-405000,-2284000,0,1706000,0,4158000,4158000,4158000,0,0,0.057,9251000,6200000,3918000,0.0,1.339,12.838,12.767,10647000,0,7.66,0.733,0.734,8751000,22097000,72822000,72822000,0,0.091,0.107,0.237,0.087,222000,9251000,1.0,6968687,6978469,6988407,10.435,47197000,2526000,2084000,328000,6.781,27683000
NAII,MRY,2013-12-31,2013-06-30,2013-06-30,2018-05-14,-430000,46640000,45433000,35323000,11317000,1.382,5.909,-1585000,16697000,16697000,50661000,1570000,5.945,0.156,0,0,0,0,0,3036000,0,0.0,0.0,2112000,5148000,0.082,5148000,2112000,2093000,0.23,0.23,0.23,40339000,40063750,40339000,17172175,8,3.336,2885000,0.42,1.0,12136000,0.193,0,19000,24001000,24754250,10035000,0,0,0,6301000,5942000,359000,31810175,2219000,0,-666000,0,0,-666000,-1585000,0,4470000,0,1570000,1570000,1570000,0,0,0.025,9983000,2153000,3539000,0.0,0.789,20.261,20.043,9205000,0,4.61,0.507,0.504,6605000,23667000,62797000,62797000,0,0.035,0.039,0.085,0.034,202000,9983000,1.0,6900255,6869224,6884966,9.142,46640000,2296000,523000,466000,6.832,29381000
NAII,MRY,2014-12-31,2014-06-30,2014-06-30,2018-05-14,-469000,52258000,49141500,40903000,11355000,1.505,6.214,-2472000,19512000,19512000,61204000,1994000,4.261,0.231,0,0,0,0,0,2905000,0,0.0,0.0,2679000,5584000,0.076,5584000,2679000,2668000,0.29,0.29,0.29,42438000,41091500,42438000,21731141,8,3.892,2875000,0.422,1.0,12738000,0.172,0,11000,23146000,24840250,12840000,0,0,0,9820000,9600000,220000,36948141,2815000,0,-60000,0,0,-60000,-2472000,0,5347000,0,1994000,1994000,1994000,0,0,0.027,9961000,2777000,6418000,0.0,0.871,18.53,18.207,8811000,0,5.28,0.5,0.487,6835000,25661000,73942000,73942000,0,0.041,0.049,0.108,0.036,235000,9961000,1.0,6997754,6820466,6864216,10.841,52258000,2165000,674000,379000,7.652,31303000
NAII,MRY,2015-12-31,2015-06-30,2015-06-30,2018-05-14,-766000,53816000,52836750,43600000,10216000,1.505,6.624,-1618000,18551000,18551000,65169000,3346000,4.795,0.227,0,0,0,0,0,2431000,0,0.0,0.0,4319000,6750000,0.085,6750000,4319000,4307000,0.5,0.49,0.5,43860000,44229000,43860000,19330452,4,2.864,1060000,0.157,1.0,14339000,0.18,0,12000,26172000,26159750,12564000,0,0,0,9956000,9093000,863000,38748452,-961000,0,-2021000,0,0,-2021000,-1618000,0,2678000,0,3346000,3346000,3346000,0,0,0.042,10180000,4159000,4647000,0.0,0.883,11.581,11.33,7633000,0,5.665,0.487,0.481,9895000,29007000,79508000,79508000,0,0.063,0.076,0.165,0.054,390000,10180000,1.0,6839974,6753239,6806385,11.773,53816000,2346000,961000,489000,8.128,34507000
NAII,MRY,2016-12-31,2016-06-30,2016-06-30,2018-05-14,-680000,74175000,64197000,55882000,18293000,1.779,8.199,-7441000,19747000,19747000,88943000,9546000,2.91,0.381,0,0,0,0,0,1772000,0,0.0,0.0,13570000,15342000,0.134,15342000,13570000,13572000,1.46,1.44,1.46,53726000,48897250,53726000,59525642,4,3.88,1844000,0.283,1.0,25258000,0.221,0,-2000,35223000,31211250,20768000,0,0,0,20449000,19205000,1244000,75829642,1196000,0,-648000,0,0,-648000,-7441000,0,9285000,0,9546000,9546000,9546000,0,0,0.084,13000000,12258000,12821000,0.0,1.411,7.944,7.562,15167000,0,11.04,0.664,0.631,13217000,38553000,114201000,114201000,0,0.149,0.195,0.435,0.119,724000,13000000,1.0,6868627,6523555,6640728,17.506,74175000,2241000,4026000,1340000,11.32,36677000
NAII,MRY,2017-12-31,2017-06-30,2017-06-30,2018-05-14,-905000,72611000,72624750,51699000,20912000,1.679,9.266,-5329000,27843000,27843000,95742000,7235000,5.034,0.187,0,0,0,0,0,2384000,0,0.0,0.0,10114000,12498000,0.102,12498000,10114000,10111000,1.1,1.09,1.1,61148000,59253500,61148000,46443602,4,3.716,8808000,1.339,1.0,26204000,0.215,0,3000,34498000,38170750,13729000,0,0,0,11463000,10270000,1193000,69036602,8096000,0,-712000,0,0,-712000,-5329000,0,14137000,0,7235000,7235000,7235000,0,0,0.059,16502000,9702000,5116000,0.0,1.129,9.542,9.045,18136000,0,9.95,0.566,0.537,8410000,45788000,121946000,121946000,0,0.1,0.122,0.265,0.083,1032000,16502000,1.0,6938352,6576711,6655573,18.542,72611000,2263000,2876000,1207000,11.003,41429000
