ticker,dimension,calendardate,datekey,reportperiod,lastupdated,accoci,assets,assetsavg,assetsc,assetsnc,assetturnover,bvps,capex,cashneq,cashnequsd,cor,consolinc,currentratio,de,debt,debtc,debtnc,debtusd,deferredrev,depamor,deposits,divyield,dps,ebit,ebitda,ebitdamargin,ebitdausd,ebitusd,ebt,eps,epsdil,epsusd,equity,equityavg,equityusd,ev,evebit,evebitda,fcf,fcfps,fxusd,gp,grossmargin,intangibles,intexp,invcap,invcapavg,inventory,investments,investmentsc,investmentsnc,liabilities,liabilitiesc,liabilitiesnc,marketcap,ncf,ncfbus,ncfcommon,ncfdebt,ncfdiv,ncff,ncfi,ncfinv,ncfo,ncfx,netinc,netinccmn,netinccmnusd,netincdis,netincnci,netmargin,opex,opinc,payables,payoutratio,pb,pe,pe1,ppnenet,prefdivis,price,ps,ps1,receivables,retearn,revenue,revenueusd,rnd,roa,roe,roic,ros,sbcomp,sgna,sharefactor,sharesbas,shareswa,shareswadil,sps,tangibles,taxassets,taxexp,taxliabilities,tbvps,workingcapital
NCS,MRY,2011-12-31,2011-10-30,2011-10-30,2018-03-08,-5485000,561154000,544727750,311611000,249543000,1.762,-1.919,-20457000,81818000,81818000,759144000,-9950000,1.79,-16.723,130991000,292000,130699000,130991000,0,28363000,0,0.0,0.0,-624000,27739000,0.029,27739000,-624000,-16347000,-2.58,-2.58,-2.58,-35690000,-28514750,-35690000,267713537,-429,9.651,20980000,1.142,1.0,200433000,0.209,29454000,15723000,406830000,418696250,88531000,4483000,4483000,0,596844000,174043000,422801000,188445537,1563000,0,-1477000,-7348000,0,-19397000,-20457000,0,41437000,-20000,-9950000,-47466000,-47466000,0,0,-0.049,202060000,-1627000,88158000,0.0,-5.28,-3.97,-3.671,208514000,37516000,9.47,0.196,0.181,95381000,-266896000,959577000,959577000,0,-0.087,1.665,-0.001,-0.001,6908000,202352000,1.0,19899212,18369000,18369000,52.239,531700000,21677000,-6397000,7312000,28.586,137568000
NCS,MRY,2012-12-31,2012-10-28,2012-10-28,2018-03-08,-6568000,751484000,644922500,341835000,409649000,1.789,-19.26,-25159000,56533000,56533000,897992000,4913000,1.553,-3.028,237459000,3015000,234444000,237459000,0,29602000,0,0.0,0.0,25824000,55426000,0.048,55426000,25824000,8997000,-3.81,-3.81,-3.81,-370528000,-209240000,-370528000,432921665,16,7.811,22563000,1.192,1.0,256018000,0.222,129774000,16827000,582578000,504023000,106015000,4076000,4076000,0,1122012000,220058000,901954000,228710665,-23824000,-140991000,-1529000,94616000,0,94550000,-166150000,0,47722000,54000,4913000,-72120000,-72120000,0,0,-0.062,224329000,31689000,113177000,0.0,-0.617,-3.171,-2.95,268875000,77033000,11.24,0.198,0.184,133475000,-369850000,1154010000,1154010000,4989000,-0.112,0.345,0.051,0.022,9296000,219340000,1.0,20347924,18932000,18932000,60.956,621710000,22475000,4084000,35565000,32.317,121777000
NCS,MRY,2013-12-31,2013-11-03,2013-11-03,2018-03-08,-4436000,780263000,735467500,390828000,389435000,1.779,5.647,-24352000,77436000,77436000,1032351000,-12885000,1.553,2.087,238388000,2997000,235391000,238388000,0,36009000,0,0.0,0.0,-751000,35258000,0.027,35258000,-751000,-21739000,-0.29,-0.29,-0.29,252758000,-63595750,252758000,1308703917,-1742,37.118,39790000,0.889,1.0,276044000,0.211,124201000,20988000,565400000,596055000,122105000,4892000,4892000,0,527505000,251614000,275891000,1080642917,22278000,0,-1788000,-18962000,0,-18398000,-23329000,0,64142000,-137000,-12885000,-12885000,-12885000,0,0,-0.01,256856000,19188000,144553000,0.0,4.275,-83.868,-49.828,260918000,0,14.45,0.826,0.494,135368000,-382735000,1308395000,1308395000,0,-0.018,0.203,-0.001,-0.001,13923000,252803000,1.0,74784977,44761000,44761000,29.231,656062000,28848000,-8854000,32185000,14.657,139214000
NCS,MRY,2014-12-31,2014-11-02,2014-11-02,2018-03-08,-8739000,758683000,727384750,390530000,368153000,1.884,3.376,-18006000,66651000,66651000,1078716000,11185000,1.589,2.077,235805000,2802000,233003000,235805000,0,35876000,0,0.0,0.0,25130000,61006000,0.045,61006000,25130000,12675000,0.15,0.15,0.15,246542000,234174500,246542000,1670230832,66,27.378,15560000,0.213,1.0,291824000,0.213,120149000,12455000,561977000,590518250,131497000,5549000,5549000,0,512141000,245711000,266430000,1461075832,-10785000,0,-23798000,-4029000,0,-27289000,-16695000,0,33566000,-367000,11185000,11085000,11085000,0,0,0.008,266728000,25096000,118164000,0.0,5.926,131.807,132.467,244714000,100000,19.87,1.066,1.059,136923000,-371550000,1370540000,1370540000,4998000,0.015,0.047,0.043,0.018,9630000,257635000,1.0,73531748,73079000,74709000,18.754,638534000,21447000,1490000,23710000,8.743,144819000
NCS,MRY,2015-12-31,2015-11-01,2015-11-01,2018-03-08,-8280000,1079729000,1046225750,496347000,583382000,1.495,3.697,-20655000,100344000,100344000,1191377000,17818000,1.543,2.97,444660000,513000,444147000,444660000,0,51392000,0,0.0,0.0,55250000,106642000,0.068,106642000,55250000,26790000,0.24,0.24,0.24,271976000,253544250,271976000,1180814190,21,11.073,84385000,1.152,1.0,372316000,0.238,314421000,28460000,788000000,840778750,157828000,5890000,5890000,0,807753000,321624000,486129000,774898190,33011000,-247123000,-2966000,197927000,0,196004000,-267778000,0,105040000,-255000,17818000,17646000,17646000,0,0,0.011,315485000,56831000,145917000,0.0,2.849,43.914,43.583,257892000,172000,10.46,0.496,0.49,166800000,-353733000,1563693000,1563693000,4201000,0.017,0.07,0.066,0.035,8634000,286840000,1.0,74082045,73271000,73923000,21.341,765308000,27390000,8972000,30103000,10.402,174723000
NCS,MRY,2016-12-31,2016-10-30,2016-10-30,2018-03-08,-10553000,1050200000,1033900750,504856000,545344000,1.63,3.971,-15607000,65713000,65713000,1257038000,51027000,1.546,2.733,396511000,460000,396051000,396511000,0,41924000,0,0.0,0.0,109983000,151907000,0.09,151907000,109983000,78964000,0.7,0.7,0.7,281317000,275153250,281317000,1389355838,12,9.146,53161000,0.734,1.0,427890000,0.254,301040000,31019000,753424000,780160750,186824000,5748000,5748000,0,768883000,326534000,442349000,1025725838,-34259000,-4343000,-51403000,-41430000,0,-92752000,-9950000,0,68768000,-325000,51027000,50638000,50638000,0,0,0.03,319111000,108779000,142913000,0.0,3.646,20.256,20.571,242212000,389000,14.4,0.609,0.619,182258000,-302706000,1684928000,1684928000,2670000,0.049,0.184,0.141,0.065,11181000,302551000,1.0,71230961,72411000,72857000,23.269,749160000,30086000,27937000,24804000,10.574,178322000
NCS,MRY,2017-12-31,2017-10-29,2017-10-29,2018-03-08,-7531000,1031112000,1019799250,511026000,520086000,1.736,4.386,-18877000,65794000,65794000,1344465000,54724000,1.617,2.378,387730000,440000,387290000,387730000,0,41318000,0,0.0,0.0,112037000,153355000,0.087,153355000,112037000,83138000,0.77,0.77,0.77,305247000,303748000,305247000,1444506482,12,9.419,43482000,0.616,1.0,425813000,0.241,285439000,28899000,751561000,780541000,198296000,6481000,6481000,0,725865000,316048000,409817000,1102793482,255000,0,-41952000,-11750000,0,-52014000,-10284000,0,62359000,194000,54724000,54399000,54399000,0,0,0.031,316033000,109780000,147772000,0.0,3.613,20.272,20.195,226995000,325000,15.55,0.623,0.62,199897000,-248046000,1770278000,1770278000,1971000,0.053,0.179,0.144,0.063,8715000,293145000,1.0,70919195,70629000,70778000,25.064,745673000,6161000,28414000,4297000,10.714,194978000
