ticker,dimension,calendardate,datekey,reportperiod,lastupdated,accoci,assets,assetsavg,assetsc,assetsnc,assetturnover,bvps,capex,cashneq,cashnequsd,cor,consolinc,currentratio,de,debt,debtc,debtnc,debtusd,deferredrev,depamor,deposits,divyield,dps,ebit,ebitda,ebitdamargin,ebitdausd,ebitusd,ebt,eps,epsdil,epsusd,equity,equityavg,equityusd,ev,evebit,evebitda,fcf,fcfps,fxusd,gp,grossmargin,intangibles,intexp,invcap,invcapavg,inventory,investments,investmentsc,investmentsnc,liabilities,liabilitiesc,liabilitiesnc,marketcap,ncf,ncfbus,ncfcommon,ncfdebt,ncfdiv,ncff,ncfi,ncfinv,ncfo,ncfx,netinc,netinccmn,netinccmnusd,netincdis,netincnci,netmargin,opex,opinc,payables,payoutratio,pb,pe,pe1,ppnenet,prefdivis,price,ps,ps1,receivables,retearn,revenue,revenueusd,rnd,roa,roe,roic,ros,sbcomp,sgna,sharefactor,sharesbas,shareswa,shareswadil,sps,tangibles,taxassets,taxexp,taxliabilities,tbvps,workingcapital
NFG,MRY,2011-12-31,2011-09-30,2011-09-30,2018-05-04,-47699000,5221084000,5129911750,411901000,4809183000,0.347,22.864,-750777000,80428000,80428000,1029251000,258402000,,1.76,1089000000,,,1089000000,0,226527000,36964000,0.029,1.415,500904000,727431000,0.409,727431000,500904000,422783000,3.13,3.09,3.13,1891885000,1828488250,1891885000,4891414754,9,6.724,-96825000,-1.173,1.0,749591000,0.421,5476000,78121000,6224180000,6066179000,82257000,79365000,0,79365000,3329199000,,,4027124754,-316743000,59365000,-592000,-160000000,-114559000,-276375000,-694320000,0,653952000,0,258402000,258402000,258402000,0,0,0.145,308429000,441162000,142228000,0.452,2.129,15.585,15.553,5646918000,0,48.68,2.264,2.258,149169000,1206022000,1778842000,1778842000,0,0.05,0.141,0.083,0.282,8907000,0,1.0,82726474,82514015,83670802,21.558,5215608000,159800000,164381000,1023513000,63.031,
NFG,MRY,2012-12-31,2012-09-30,2012-09-30,2018-05-04,-99020000,5935142000,5838811500,355576000,5579566000,0.279,23.529,-1035007000,74494000,74494000,816986000,220077000,,2.028,1570000000,,,1570000000,0,271530000,41997000,0.027,1.45,456871000,728401000,0.448,728401000,456871000,370631000,2.65,2.63,2.65,1960095000,1959342500,1960095000,5830290524,12,8.004,-375997000,-4.523,1.0,809867000,0.498,5476000,86240000,7425172000,7144682000,78372000,86774000,0,86774000,3975047000,,,4501905524,-5934000,0,10345000,477085000,-118798000,369617000,-1034561000,0,659010000,0,220077000,220077000,220077000,0,0,0.135,361818000,448049000,107949000,0.547,2.297,20.456,20.392,6615813000,0,54.04,2.767,2.761,135470000,1306284000,1626853000,1626853000,0,0.038,0.112,0.064,0.281,6954000,0,1.0,83306912,83127844,83739771,19.57,5929666000,161696000,150554000,1134154000,71.178,
NFG,MRY,2013-12-31,2013-09-30,2013-09-30,2018-05-04,-19234000,6218347000,6236293250,448677000,5769670000,0.293,26.243,-703461000,64858000,64858000,902522000,260001000,,1.833,1649000000,,,1649000000,0,326760000,38142000,0.022,1.485,526870000,853630000,0.467,853630000,526870000,432759000,3.11,3.08,3.11,2194729000,2097554250,2194729000,7263964107,13,8.509,35111000,0.42,1.0,927029000,0.507,5476000,94111000,7797013000,7783599750,81388000,96308000,0,96308000,4023618000,,,5749546107,-9636000,0,5395000,74415000,-122710000,-42225000,-705983000,0,738572000,0,260001000,260001000,260001000,0,0,0.142,409191000,517838000,118111000,0.477,2.62,22.114,22.109,7313203000,0,68.76,3.143,3.139,152665000,1442617000,1829551000,1829551000,0,0.042,0.124,0.068,0.288,11771000,0,1.0,83617599,83518857,84341220,21.906,6212871000,242714000,172758000,1434241000,74.29,
NFG,MRY,2014-12-31,2014-09-30,2014-09-30,2018-05-04,-3979000,6728040000,6537169250,377332000,6350708000,0.323,28.655,-914417000,36886000,36886000,1068916000,299413000,,1.791,1723043000,,,1723043000,0,383781000,34766000,0.022,1.535,583304000,967085000,0.458,967085000,583304000,489027000,3.57,3.52,3.57,2410683000,2325414500,2410683000,7433598123,12,7.687,-5027000,-0.06,1.0,1044165000,0.494,5476000,94277000,8408721000,8120633250,67239000,86788000,0,86788000,4317357000,,,5887251123,-27972000,0,7474000,85600000,-126642000,-28927000,-908435000,0,909390000,0,299413000,299413000,299413000,0,0,0.142,474492000,569673000,170419000,0.43,2.442,19.663,19.605,8245791000,0,69.99,2.786,2.78,175398000,1614361000,2113081000,2113081000,0,0.046,0.129,0.072,0.276,7122000,0,1.0,84115604,83929989,84952347,25.177,6722564000,203808000,189614000,1549164000,79.908,
NFG,MRY,2015-12-31,2015-09-30,2015-09-30,2018-05-04,93372000,6564939000,6956911750,375801000,6189138000,0.253,23.949,-1018179000,113596000,113596000,819987000,-379427000,,2.241,2084009000,,,2084009000,0,336158000,32726000,0.031,1.56,-599092000,-262934000,-0.149,-262934000,-599092000,-698563000,-4.5,-4.5,-4.5,2025440000,2368794000,2025440000,6015605169,-10,-22.879,-164599000,-1.951,1.0,940926000,0.534,5476000,99471000,8529876000,8770040000,64666000,92990000,0,92990000,4539499000,,,4226636169,76710000,0,10540000,359035000,-130719000,247920000,-1024790000,0,853580000,0,-379427000,-379427000,-379427000,0,0,-0.215,1551979000,-611053000,237166000,-0.347,2.087,-11.14,-11.107,9261323000,0,49.98,2.4,2.395,125750000,1103200000,1760913000,1760913000,0,-0.055,-0.16,-0.068,-0.34,-5856000,0,1.0,84566550,84387755,84387755,20.867,6559463000,168214000,-319136000,1228141000,77.56,
NFG,MRY,2016-12-31,2016-09-30,2016-09-30,2018-05-04,-5640000,5636387000,5792235000,413031000,5223356000,0.251,17.961,-444260000,129972000,129972000,589496000,-290958000,,2.691,2086252000,,,2086252000,0,249417000,30781000,0.03,1.6,-402463000,-153046000,-0.105,-153046000,-402463000,-523507000,-3.43,-3.43,-3.43,1527004000,1622451500,1527004000,6575444058,-16,-42.964,144719000,1.706,1.0,862920000,0.594,5476000,121044000,7587191000,7788622750,68198000,110664000,0,110664000,4109383000,,,4595325058,16376000,0,13849000,0,-134824000,-119107000,-453496000,0,588979000,0,-290958000,-290958000,-290958000,0,0,-0.2,1279438000,-416518000,127593000,-0.466,3.009,-15.794,-15.764,9539581000,0,54.07,3.164,3.159,151583000,676361000,1452416000,1452416000,0,-0.05,-0.179,-0.052,-0.277,3887000,0,1.0,84988442,84847993,84847993,17.118,5630911000,177261000,-232549000,917113000,66.232,
NFG,MRY,2017-12-31,2017-09-30,2017-09-30,2018-05-04,-30123000,6103320000,5859304750,818280000,5285040000,0.27,19.923,-423781000,555530000,555530000,717846000,283482000,,2.582,2383681000,,,2383681000,0,224195000,36073000,0.029,1.64,564001000,788196000,0.499,788196000,564001000,444164000,3.32,3.3,3.32,1703735000,1652011500,1703735000,6643209027,11,8.428,260470000,3.051,1.0,862035000,0.546,5476000,119837000,7925995000,7713157750,69615000,125265000,0,125265000,4399585000,,,4840580027,425558000,0,7784000,295151000,-139063000,163872000,-422565000,0,684251000,0,283482000,283482000,283482000,0,0,0.179,309190000,552845000,126443000,0.494,2.841,17.075,17.051,9945560000,0,56.61,3.064,3.059,135266000,851669000,1579881000,1579881000,0,0.048,0.172,0.073,0.357,12262000,0,1.0,85507508,85364929,86021386,18.507,6097844000,181363000,160682000,987026000,71.308,
