ticker,dimension,calendardate,datekey,reportperiod,lastupdated,accoci,assets,assetsavg,assetsc,assetsnc,assetturnover,bvps,capex,cashneq,cashnequsd,cor,consolinc,currentratio,de,debt,debtc,debtnc,debtusd,deferredrev,depamor,deposits,divyield,dps,ebit,ebitda,ebitdamargin,ebitdausd,ebitusd,ebt,eps,epsdil,epsusd,equity,equityavg,equityusd,ev,evebit,evebitda,fcf,fcfps,fxusd,gp,grossmargin,intangibles,intexp,invcap,invcapavg,inventory,investments,investmentsc,investmentsnc,liabilities,liabilitiesc,liabilitiesnc,marketcap,ncf,ncfbus,ncfcommon,ncfdebt,ncfdiv,ncff,ncfi,ncfinv,ncfo,ncfx,netinc,netinccmn,netinccmnusd,netincdis,netincnci,netmargin,opex,opinc,payables,payoutratio,pb,pe,pe1,ppnenet,prefdivis,price,ps,ps1,receivables,retearn,revenue,revenueusd,rnd,roa,roe,roic,ros,sbcomp,sgna,sharefactor,sharesbas,shareswa,shareswadil,sps,tangibles,taxassets,taxexp,taxliabilities,tbvps,workingcapital
NJR,MRY,2011-12-31,2011-09-30,2011-09-30,2018-05-04,-10604000,2649444000,2608945750,732367000,1917077000,1.153,9.37,-165613000,7440000,7440000,2713682000,101299000,1.041,2.413,593722000,166925000,426797000,593722000,7633000,35200000,113776000,0.034,0.72,158587000,193787000,0.064,193787000,158587000,138964000,1.225,1.22,1.225,776257000,773781250,776257000,2281560655,14,11.774,84488000,1.021,1.0,295527000,0.098,0,19623000,2532342000,2517671000,301870000,159063000,0,159063000,1873187000,703384000,1169803000,1763950655,6497000,0,3511000,-15395000,-58650000,-68527000,-175077000,0,250101000,0,101299000,101299000,101299000,0,0,0.034,152526000,143001000,318651000,0.588,2.272,17.413,17.376,1295927000,0,21.285,0.586,0.585,211987000,528762000,3009209000,3009209000,0,0.039,0.131,0.063,0.053,0,0,1.0,82872946,82718000,83136000,36.379,2649444000,55809000,37665000,334787000,31.981,28983000
NJR,MRY,2012-12-31,2012-09-30,2012-09-30,2018-05-04,-10771000,2770005000,2742071250,647344000,2122661000,0.82,9.781,-194003000,4509000,4509000,2012453000,92879000,0.991,2.404,812729000,287560000,525169000,812729000,5502000,41643000,48452000,0.042,0.96,121452000,163095000,0.073,163095000,121452000,100608000,1.12,1.115,1.12,813865000,833176250,813865000,2630464048,21,16.128,-142922000,-1.721,1.0,236470000,0.105,0,20844000,2925086000,2774104750,273056000,164595000,0,164595000,1956140000,653139000,1303001000,1901428048,-2931000,0,5066000,218947000,-61688000,163105000,-217117000,-8800000,51081000,0,92879000,92879000,92879000,0,0,0.041,127780000,108690000,249179000,0.857,2.336,20.472,20.411,1484877000,0,22.86,0.845,0.844,172763000,557665000,2248923000,2248923000,0,0.034,0.111,0.044,0.054,0,0,1.0,83177080,83054000,83264000,27.078,2770005000,61103000,7729000,363283000,33.289,-5795000
NJR,MRY,2013-12-31,2013-09-30,2013-09-30,2018-05-04,-1621000,3004783000,2971574000,745898000,2258885000,1.076,10.681,-169607000,2969000,2969000,2885696000,114809000,0.876,2.386,947129000,434243000,512886000,947129000,4763000,47310000,24393000,0.046,1.01,174363000,221673000,0.069,221673000,174363000,150384000,1.38,1.37,1.38,887384000,885151250,887384000,2702518579,15,12.191,-55613000,-0.667,1.0,312372000,0.098,0,23979000,3097110000,3069406750,328811000,161591000,0,161591000,2117399000,851833000,1265566000,1822813579,-1540000,0,11233000,133923000,-67230000,78099000,-193633000,3617000,113994000,0,114809000,114809000,114809000,0,0,0.036,153141000,159231000,315155000,0.732,2.054,15.877,15.96,1643116000,0,22.025,0.57,0.574,242380000,604884000,3198068000,3198068000,0,0.039,0.13,0.057,0.055,0,0,1.0,82761116,83316000,83628000,38.385,3004783000,51077000,35575000,382397000,36.166,-105935000
NJR,MRY,2014-12-31,2014-09-30,2014-09-30,2018-05-04,-5594000,3158804000,3155684750,682731000,2476073000,1.185,11.453,-257787000,2151000,2151000,3354705000,141970000,0.863,2.269,933714000,335505000,598209000,933714000,4042000,52742000,22335000,0.042,1.065,219273000,272015000,0.073,272015000,219273000,193810000,1.69,1.67,1.69,966166000,975088250,966166000,2939581041,13,10.807,100362000,1.192,1.0,383440000,0.103,0,25463000,3299281000,3227414000,285681000,163682000,0,163682000,2192638000,791086000,1401552000,2132150041,-818000,0,9851000,-14610000,-70664000,-76372000,-282595000,595000,358149000,0,141970000,141970000,141970000,0,0,0.038,182250000,201190000,311304000,0.63,2.207,15.018,14.944,1884110000,0,25.255,0.57,0.569,191844000,674829000,3738145000,3738145000,0,0.045,0.146,0.068,0.059,414000,0,1.0,84424868,84198000,84922000,44.397,3158804000,58720000,51840000,431196000,37.444,-108355000
NJR,MRY,2015-12-31,2015-09-30,2015-09-30,2018-05-04,-9394000,3284357000,3317738500,488215000,2796142000,0.824,12.96,-291799000,4928000,4928000,2295098000,180960000,1.12,1.967,921083000,77488000,843595000,921083000,0,61399000,20790000,0.03,0.9,268405000,329804000,0.121,329804000,268405000,240684000,2.12,2.1,2.12,1106956000,1121259250,1106956000,3381104186,12,10.252,99148000,1.164,1.0,438889000,0.161,0,27721000,3764412000,3612398250,171043000,191477000,0,191477000,2177401000,436100000,1741301000,2567731186,2777000,0,26710000,-21689000,-76532000,-66441000,-321729000,-144000,390947000,0,180960000,180960000,180960000,0,0,0.066,190438000,248451000,252627000,0.425,2.32,14.189,14.165,2128261000,0,30.03,0.939,0.936,156456000,777745000,2733987000,2733987000,0,0.055,0.161,0.074,0.098,881000,0,1.0,85505534,85186000,86265000,32.094,3284357000,36810000,59724000,451201000,38.452,52115000
NJR,MRY,2016-12-31,2016-09-30,2016-09-30,2018-05-04,-15155000,3718570000,3562048000,607264000,3111306000,0.528,13.554,-324382000,37546000,37546000,1561107000,131672000,1.062,2.188,1238190000,183152000,1055038000,1238190000,0,72748000,32834000,0.029,0.96,186246000,258994000,0.138,258994000,186246000,155202000,1.53,1.52,1.53,1166591000,1172224750,1166591000,3959879200,21,15.289,-181752000,-2.116,1.0,319798000,0.17,0,31044000,4347606000,4106765750,217029000,196937000,0,196937000,2551979000,571608000,1980371000,2830898200,32618000,0,15002000,317061000,-82445000,253178000,-363190000,-8825000,142630000,0,131672000,131672000,131672000,0,0,0.07,152263000,167535000,247786000,0.627,2.427,21.5,21.477,2407652000,0,32.86,1.505,1.5,143537000,825556000,1880905000,1880905000,0,0.037,0.112,0.045,0.099,1755000,0,1.0,86150280,85884000,86731000,21.901,3718570000,34179000,23530000,479546000,43.206,35656000
NJR,MRY,2017-12-31,2017-09-30,2017-09-30,2018-05-04,-3256000,3928507000,3903324500,579444000,3349063000,0.581,14.294,-284063000,2226000,2226000,1930123000,132065000,0.722,2.177,1428455000,431375000,997080000,1428455000,0,81841000,26957000,0.024,1.02,195294000,277135000,0.122,277135000,195294000,150408000,1.53,1.52,1.53,1236643000,1248221250,1236643000,4932840561,25,17.799,-36017000,-0.417,1.0,338494000,0.149,41084000,44886000,4510734000,4461696500,214007000,238337000,0,238337000,2691864000,802918000,1888946000,3647604561,-35320000,-55661000,11137000,146446000,-87988000,107295000,-390661000,-17682000,248046000,0,132065000,132065000,132065000,0,0,0.058,171450000,167044000,258145000,0.667,2.95,27.62,27.549,2609741000,0,42.15,1.608,1.604,198488000,867984000,2268617000,2268617000,0,0.034,0.106,0.044,0.086,1285000,0,1.0,86538661,86321000,87144000,26.281,3887423000,24764000,18343000,521036000,44.935,-223474000
