ticker,dimension,calendardate,datekey,reportperiod,lastupdated,accoci,assets,assetsavg,assetsc,assetsnc,assetturnover,bvps,capex,cashneq,cashnequsd,cor,consolinc,currentratio,de,debt,debtc,debtnc,debtusd,deferredrev,depamor,deposits,divyield,dps,ebit,ebitda,ebitdamargin,ebitdausd,ebitusd,ebt,eps,epsdil,epsusd,equity,equityavg,equityusd,ev,evebit,evebitda,fcf,fcfps,fxusd,gp,grossmargin,intangibles,intexp,invcap,invcapavg,inventory,investments,investmentsc,investmentsnc,liabilities,liabilitiesc,liabilitiesnc,marketcap,ncf,ncfbus,ncfcommon,ncfdebt,ncfdiv,ncff,ncfi,ncfinv,ncfo,ncfx,netinc,netinccmn,netinccmnusd,netincdis,netincnci,netmargin,opex,opinc,payables,payoutratio,pb,pe,pe1,ppnenet,prefdivis,price,ps,ps1,receivables,retearn,revenue,revenueusd,rnd,roa,roe,roic,ros,sbcomp,sgna,sharefactor,sharesbas,shareswa,shareswadil,sps,tangibles,taxassets,taxexp,taxliabilities,tbvps,workingcapital
NSP,MRY,2011-12-31,2011-12-31,2011-12-31,2018-04-30,24000,712259000,690229250,522788000,189471000,2.863,4.75,-31358000,255945000,255945000,1624444000,30470000,1.319,1.905,0,0,0,0,0,15218000,0,0.024,0.3,49806000,65024000,0.033,65024000,49806000,50775000,0.58,0.58,0.58,245207000,245754750,245207000,441561347,8,6.791,42553000,0.824,1.0,351775000,0.178,28433000,-969000,31655000,12442500,0,56987000,56987000,0,467052000,396226000,70826000,654283347,-23621000,-14555000,-21123000,0,-15742000,-35835000,-61697000,-15784000,73911000,0,30470000,29562000,29562000,0,0,0.015,294461000,57314000,5085000,0.517,2.668,22.133,21.853,92944000,908000,12.675,0.331,0.331,166401000,243650000,1976219000,1976219000,0,0.043,0.12,4.003,0.025,8601000,257191000,1.0,51619988,51619988,,38.284,683826000,6135000,20305000,10772000,13.247,126562000
NSP,MRY,2012-12-31,2012-12-31,2012-12-31,2018-04-30,16000,750200000,726080250,551465000,198735000,2.973,4.695,-17562000,311693000,311693000,1776603000,40402000,1.266,2.114,0,0,0,0,0,18250000,0,0.02,0.33,67681000,85931000,0.04,85931000,67681000,68290000,0.785,0.78,0.785,240905000,252539750,240905000,587014305,8,6.831,73236000,1.427,1.0,382221000,0.177,23775000,-609000,-21027000,33369250,0,16904000,16904000,0,509295000,435759000,73536000,835301305,53336000,-2410000,-14686000,0,-42728000,-55320000,17858000,37830000,90798000,0,40402000,39178000,39178000,0,0,0.018,314727000,67494000,3660000,0.42,3.467,21.321,20.739,93942000,1224000,16.28,0.387,0.387,187971000,241324000,2158824000,2158824000,0,0.054,0.155,2.028,0.031,9814000,267957000,1.0,51308434,51308434,,42.075,726425000,7211000,27888000,13054000,14.158,115706000
NSP,MRY,2013-12-31,2013-12-31,2013-12-31,2018-04-30,29000,766560000,736514500,565317000,201243000,3.063,4.952,-11505000,277683000,277683000,1862861000,32032000,1.295,2.027,0,0,0,0,0,21064000,0,0.019,0.34,53574000,74638000,0.033,74638000,53574000,53732000,0.625,0.625,0.625,253272000,245719000,253272000,711690880,13,9.535,23159000,0.453,1.0,393251000,0.174,18434000,-158000,33756000,51518750,0,46340000,46340000,0,513288000,436687000,76601000,923849880,-38789000,0,-15781000,0,-17386000,-30419000,-43034000,-31529000,34664000,0,32032000,31116000,31116000,0,0,0.014,337028000,56223000,2678000,0.544,3.648,29.691,28.904,86415000,916000,18.065,0.409,0.409,207081000,255970000,2256112000,2256112000,0,0.042,0.127,1.04,0.024,11103000,286938000,1.0,51140320,51140320,,44.116,748126000,8594000,21700000,7696000,14.629,128630000
NSP,MRY,2014-12-31,2014-12-31,2014-12-31,2018-04-30,3000,792595000,777149500,563193000,229402000,3.034,4.028,-19002000,320496000,320496000,1953983000,28004000,1.134,2.883,0,0,0,0,0,21387000,0,0.081,1.37,47997000,69384000,0.029,69384000,47997000,47627000,0.525,0.525,0.525,204096000,236697500,204096000,621835646,12,8.962,122711000,2.422,1.0,403805000,0.171,14457000,370000,-38809000,40612750,0,28631000,28631000,0,588499000,496451000,92048000,858515646,50701000,0,-20490000,0,-69493000,-87806000,-3206000,15796000,141713000,0,28004000,26002000,26002000,0,0,0.011,356331000,47474000,4674000,2.61,4.206,33.017,32.276,84345000,2002000,16.945,0.364,0.364,172164000,214481000,2357788000,2357788000,0,0.033,0.11,1.182,0.02,11053000,304919000,1.0,50664836,50664836,,46.537,778138000,2241000,19623000,4031000,15.359,66742000
NSP,MRY,2015-12-31,2015-12-31,2015-12-31,2018-04-30,0,784912000,789668500,542048000,242864000,3.297,3.526,-5532000,306956000,306956000,2165747000,39390000,1.111,3.551,0,0,0,0,0,18565000,0,0.018,0.425,66078000,84643000,0.033,84643000,66078000,65619000,0.79,0.79,0.79,172455000,188211000,172455000,933451801,14,11.028,59551000,1.217,1.0,437867000,0.168,13588000,459000,-23343000,21833250,0,9875000,9875000,0,612457000,487711000,124746000,1177592801,-6918000,0,-66739000,0,-21153000,-84373000,12372000,17904000,65083000,0,39390000,38409000,38409000,0,0,0.015,372168000,65699000,5381000,0.538,6.828,30.659,30.475,61759000,981000,24.075,0.452,0.452,198406000,232771000,2603614000,2603614000,0,0.049,0.204,3.026,0.025,13345000,311299000,1.0,48913512,48913512,,53.229,771324000,16976000,26229000,2971000,15.769,54337000
NSP,MRY,2016-12-31,2016-12-31,2016-12-31,2018-04-30,-3000,907174000,857266250,640322000,266852000,3.431,1.422,-33951000,328671000,328671000,2449737000,65991000,1.066,13.988,104400000,0,104400000,104400000,0,16644000,0,0.014,0.485,107573000,124217000,0.042,124217000,107573000,105177000,1.55,1.54,1.55,60525000,62581000,60525000,1348662372,12,10.857,98722000,2.32,1.0,491610000,0.167,13088000,2396000,68857000,77459500,0,1851000,1851000,0,846649000,600958000,245691000,1509591372,16496000,0,-175334000,104400000,-20599000,-90160000,-26017000,7934000,132673000,0,65991000,64495000,64495000,0,0,0.022,385304000,106306000,4189000,0.313,24.942,23.406,22.887,80261000,1496000,35.475,0.513,0.513,268106000,278163000,2941347000,2941347000,0,0.075,1.031,1.389,0.037,16643000,332729000,1.0,42553668,42553668,,69.121,894086000,18974000,39186000,0,21.011,39364000
NSP,MRY,2017-12-31,2017-12-31,2017-12-31,2018-04-30,0,1063695000,956370750,778935000,284760000,3.451,1.591,-33059000,395397000,395397000,2727492000,84402000,1.072,15.039,104400000,0,104400000,104400000,0,18182000,0,0.048,2.725,133354000,151536000,0.046,151536000,133354000,130141000,2.02,2.01,2.02,66321000,84587750,66321000,2167394156,16,14.303,171366000,4.111,1.0,572731000,0.174,12762000,3213000,33455000,99654500,0,1960000,1960000,0,997374000,726481000,270893000,2390676156,68226000,0,-38735000,0,-65768000,-102949000,-33250000,-191000,204425000,0,84402000,82885000,82885000,0,0,0.025,442790000,129941000,6447000,1.349,36.047,28.843,28.391,95659000,1517000,57.35,0.724,0.724,330723000,296792000,3300223000,3300223000,0,0.087,0.98,1.338,0.04,24345000,377490000,1.0,41685722,41685722,,79.169,1050933000,14107000,45739000,0,25.211,52454000
