ticker,dimension,calendardate,datekey,reportperiod,lastupdated,accoci,assets,assetsavg,assetsc,assetsnc,assetturnover,bvps,capex,cashneq,cashnequsd,cor,consolinc,currentratio,de,debt,debtc,debtnc,debtusd,deferredrev,depamor,deposits,divyield,dps,ebit,ebitda,ebitdamargin,ebitdausd,ebitusd,ebt,eps,epsdil,epsusd,equity,equityavg,equityusd,ev,evebit,evebitda,fcf,fcfps,fxusd,gp,grossmargin,intangibles,intexp,invcap,invcapavg,inventory,investments,investmentsc,investmentsnc,liabilities,liabilitiesc,liabilitiesnc,marketcap,ncf,ncfbus,ncfcommon,ncfdebt,ncfdiv,ncff,ncfi,ncfinv,ncfo,ncfx,netinc,netinccmn,netinccmnusd,netincdis,netincnci,netmargin,opex,opinc,payables,payoutratio,pb,pe,pe1,ppnenet,prefdivis,price,ps,ps1,receivables,retearn,revenue,revenueusd,rnd,roa,roe,roic,ros,sbcomp,sgna,sharefactor,sharesbas,shareswa,shareswadil,sps,tangibles,taxassets,taxexp,taxliabilities,tbvps,workingcapital
NTIC,MRY,2011-12-31,2011-08-31,2011-08-31,2018-04-16,2496940,40039742,37309008,13490514,26549228,0.523,7.863,-467257,3266362,3266362,12768640,3995888,3.063,0.157,1085652,76119,1009533,1085652,0,493605,0,0.0,0.0,4665661,5159266,0.264,5159266,4665661,4606120,0.9,0.89,0.9,34533648,32358573,34533648,69915480,14,13.551,-1603480,-0.371,1.0,6757887,0.346,903038,59541,32551228,31438413,3842854,20559509,0,20559509,5414299,4404766,1009533,71487719,1490200,2800220,501162,-59270,0,408719,2184915,0,-1136223,32789,3900120,3900120,3900120,0,95768,0.2,12798096,-6040209,2032614,0.0,2.07,18.33,18.278,3636335,0,16.45,3.661,3.644,5794893,21811838,19526527,19526527,4364109,0.105,0.121,0.148,0.239,177937,8433987,1.0,4345758,4325863,4404100,4.514,39136704,1632300,706000,195762,8.911,9085748
NTIC,MRY,2012-12-31,2012-08-31,2012-08-31,2018-04-16,277583,41877627,40278972,14059726,27817901,0.566,8.301,-1037468,4137547,4137547,14528785,3575646,3.515,0.134,1009533,76120,933413,1009533,0,480039,0,0.0,0.0,4518584,4998623,0.219,4998623,4518584,4489196,0.79,0.78,0.79,36756656,35831223,36756656,41679639,9,8.338,-1426162,-0.325,1.0,8252868,0.362,961181,29388,33788787,33200863,4151197,21461492,0,21461492,4933058,3999645,933413,45116974,871185,2576000,89941,-76119,0,13822,1351468,0,-388694,-105411,3448196,3448196,3448196,0,127450,0.151,12770892,-4518024,1818309,0.0,1.227,13.084,12.975,4288618,0,10.25,1.98,1.976,4568437,25260034,22781653,22781653,3875581,0.086,0.096,0.136,0.198,288396,8895311,1.0,4401656,4391424,4451594,5.188,40916446,1684824,1041000,0,9.24,10060081
NTIC,MRY,2013-12-31,2013-08-31,2013-08-31,2018-04-16,316161,49053949,47027494,16932505,32121444,0.478,9.174,-1488059,4314258,4314258,15473212,4753501,4.624,0.111,933414,76119,857295,933414,0,507083,0,0.0,0.0,4283109,4790192,0.213,4790192,4283109,4230894,0.76,0.75,0.76,40733672,38905956,40733672,63842584,14,13.328,422643,0.096,1.0,7028652,0.312,1060639,52215,40950413,39113347,5111549,24702981,0,24702981,4519348,3662053,857295,66066297,176711,1612768,265093,-76119,0,-1563867,-130550,0,1910702,-39574,3366894,3366894,3366894,0,1386607,0.15,13267170,-6238518,1830729,0.0,1.622,19.622,19.632,5323612,0,14.92,2.936,2.932,6635446,28626928,22501864,22501864,3815515,0.072,0.087,0.11,0.19,306451,9451655,1.0,4428036,4421636,4475895,5.089,47993310,1646699,864000,0,10.809,13270452
NTIC,MRY,2014-12-31,2014-08-31,2014-08-31,2018-04-16,253925,54057775,52211488,22319966,31737809,0.514,10.257,-1602441,2477017,2477017,17803153,5538412,4.997,0.098,0,0,0,0,0,541541,0,0.0,0.0,5278356,5819897,0.217,5819897,5278356,5231034,0.92,0.9,0.92,45753863,44074967,45753863,84249691,15,14.476,5820471,1.307,1.0,9022955,0.336,1197700,47322,45916403,41954352,5961399,28481755,5519766,22961989,4466655,4466655,0,92799480,-1837239,-110988,522040,-933414,0,-1814418,-7457380,-5519766,7422912,11646,4106372,4106372,4106372,0,1432040,0.153,14984021,-5961066,2225029,0.0,2.028,22.599,22.511,6477987,0,20.71,3.459,3.439,7160432,32733300,26826108,26826108,4368752,0.079,0.093,0.126,0.197,454015,10615269,1.0,4480902,4454836,4579498,6.022,52860075,1733405,1124662,0,11.85,17853311
NTIC,MRY,2015-12-31,2015-08-31,2015-08-31,2018-04-16,-3180811,51565648,51647390,19275612,32290036,0.587,9.907,-1438919,2623981,2623981,20555932,2517360,5.25,0.082,0,0,0,0,0,618112,0,0.0,0.0,2459205,3077317,0.101,3077317,2459205,2438245,0.4,0.38,0.4,44874105,44859159,44874105,66707627,27,21.677,-2194463,-0.485,1.0,9766761,0.322,1262219,20960,44007607,43971163,7468441,24455347,2027441,22427906,3671841,3671841,0,70501198,146964,0,269724,0,0,-874651,1901224,3492325,-755544,-124065,1789571,1789571,1789571,0,727789,0.059,16399603,-6632842,2101175,0.0,1.571,39.396,38.95,7293163,0,15.58,2.325,2.323,6121706,34522871,30322693,30322693,4047279,0.035,0.04,0.056,0.081,495683,12352324,1.0,4525109,4521788,4649060,6.706,50303429,1798582,648674,0,11.106,15603771
NTIC,MRY,2016-12-31,2016-08-31,2016-08-31,2018-04-16,-3009617,51070050,51108287,20942171,30127879,0.644,9.818,-643407,3395274,3395274,22320156,-1198302,5.243,0.09,0,0,0,0,0,779040,0,0.0,0.0,-228133,550907,0.017,550907,-228133,-241394,-0.19,-0.19,-0.19,44534975,44587803,44534975,58394003,-255,105.996,1412199,0.311,1.0,10613409,0.322,1278597,13261,42402077,42892211,7711287,22084638,2243864,19840774,3994102,3994102,0,63020541,771293,0,-70247,0,0,-270247,-995240,-216423,2055606,-18826,-867514,-867514,-867514,0,-330788,-0.026,19212318,-8598909,2753903,0.0,1.415,-72.645,-73.105,7275872,0,13.89,1.914,1.914,6953810,33655357,32933565,32933565,4724596,-0.017,-0.019,-0.005,-0.007,427437,14487722,1.0,4537116,4537504,4537504,7.258,49791453,1855667,626120,0,10.977,16948069
NTIC,MRY,2017-12-31,2017-08-31,2017-08-31,2018-04-16,-2471064,56612693,53152888,26067618,30545075,0.744,10.789,-922270,6360201,6360201,26316511,3924579,5.326,0.1,0,0,0,0,0,906144,0,0.0,0.0,4142027,5048171,0.128,5048171,4142027,4121645,0.76,0.75,0.76,48860628,45839854,48860628,76175352,18,15.09,4813421,1.063,1.0,13252612,0.335,1322089,20382,44035786,43290013,7456552,23802058,3766984,20035074,4894617,4894617,0,79675516,2964925,0,-26690,0,0,-226690,-2607915,-1523120,5735691,63839,3422126,3422126,3422126,0,502453,0.086,20003266,-6750654,2676610,0.0,1.631,23.282,23.158,7359662,0,17.6,2.014,2.014,7907327,37077483,39569123,39569123,2912393,0.064,0.075,0.096,0.105,391664,17090873,1.0,4527018,4528611,4577359,8.738,55290604,1893821,699519,0,12.208,21173001
