ticker,dimension,calendardate,datekey,reportperiod,lastupdated,accoci,assets,assetsavg,assetsc,assetsnc,assetturnover,bvps,capex,cashneq,cashnequsd,cor,consolinc,currentratio,de,debt,debtc,debtnc,debtusd,deferredrev,depamor,deposits,divyield,dps,ebit,ebitda,ebitdamargin,ebitdausd,ebitusd,ebt,eps,epsdil,epsusd,equity,equityavg,equityusd,ev,evebit,evebitda,fcf,fcfps,fxusd,gp,grossmargin,intangibles,intexp,invcap,invcapavg,inventory,investments,investmentsc,investmentsnc,liabilities,liabilitiesc,liabilitiesnc,marketcap,ncf,ncfbus,ncfcommon,ncfdebt,ncfdiv,ncff,ncfi,ncfinv,ncfo,ncfx,netinc,netinccmn,netinccmnusd,netincdis,netincnci,netmargin,opex,opinc,payables,payoutratio,pb,pe,pe1,ppnenet,prefdivis,price,ps,ps1,receivables,retearn,revenue,revenueusd,rnd,roa,roe,roic,ros,sbcomp,sgna,sharefactor,sharesbas,shareswa,shareswadil,sps,tangibles,taxassets,taxexp,taxliabilities,tbvps,workingcapital
NUS,MRY,2011-12-31,2011-12-31,2011-12-31,2018-04-28,-62565000,990956000,908706250,530087000,460869000,1.892,9.222,-41809000,272974000,272974000,322624000,153330000,2.198,0.726,136552000,28608000,107944000,136552000,0,32850000,0,0.012,0.595,226769000,259619000,0.151,259619000,226769000,226769000,2.47,2.38,2.47,574236000,522516250,574236000,2915019100,12,11.228,182506000,2.941,1.0,1396964000,0.812,195779000,0,417584000,422925750,112111000,17727000,17727000,0,416720000,241171000,175549000,3019106100,42637000,-11663000,-37436000,-28001000,-36638000,-107011000,-71199000,-17727000,224315000,-3468000,153330000,153330000,153330000,0,0,0.089,1163222000,233742000,32181000,0.241,5.258,19.69,19.664,149505000,0,48.57,1.756,1.753,31615000,866632000,1719588000,1719588000,0,0.169,0.293,0.536,0.132,15450000,1163222000,1.0,62159895,62066000,64546000,27.706,795177000,0,73439000,0,12.77,288916000
NUS,MRY,2012-12-31,2012-12-31,2012-12-31,2018-04-28,-51822000,1124807000,1100997000,588603000,536204000,1.937,10.078,-96645000,320025000,320025000,353152000,221645000,1.839,0.904,193982000,39019000,154963000,193982000,0,33412000,0,0.022,0.8,345242000,378654000,0.178,378654000,345242000,345242000,3.66,3.52,3.66,590612000,582444250,590612000,2064335320,5,5.452,214331000,3.537,1.0,1779105000,0.834,204964000,0,473697000,481338750,135874000,13378000,13378000,0,534195000,320103000,214092000,2174586320,47051000,-12562000,-196906000,73643000,-48374000,-163887000,-104858000,4349000,310976000,4820000,221645000,221645000,221645000,0,0,0.104,1438261000,340844000,47882000,0.219,3.682,9.811,10.123,229787000,0,37.05,1.02,1.053,36850000,1039903000,2132257000,2132257000,0,0.201,0.381,0.717,0.162,21358000,1438261000,1.0,58693288,60600000,63025000,35.186,919843000,0,123597000,0,15.696,268500000
NUS,MRY,2013-12-31,2013-12-31,2013-12-31,2018-04-28,-46228000,1821062000,1527512250,1118334000,702728000,2.08,14.604,-185103000,525153000,525153000,505806000,364888000,1.44,1.121,181676000,67824000,113852000,181676000,0,34923000,0,0.009,1.2,556940000,591863000,0.186,591863000,556940000,556940000,6.23,5.94,6.23,858619000,727459500,858619000,7857326051,14,13.276,345073000,5.888,1.0,2670912000,0.841,195614000,0,505179000,488140250,339669000,21974000,21974000,0,962443000,776792000,185651000,8221657051,205128000,0,-106495000,11097000,-70514000,-120725000,-193699000,-8596000,530176000,-10624000,364888000,364888000,364888000,0,0,0.115,2116800000,554112000,82684000,0.193,9.575,22.532,22.186,396042000,0,138.22,2.588,2.55,68652000,1334277000,3176718000,3176718000,0,0.239,0.502,1.141,0.175,32620000,2116800000,1.0,59482398,58606000,61448000,54.205,1625448000,0,192052000,0,27.647,341542000
NUS,MRY,2014-12-31,2014-12-31,2014-12-31,2018-04-28,-51521000,1614434000,1608442500,834667000,779767000,1.598,15.942,-101476000,288415000,288415000,478434000,189176000,1.995,0.713,247337000,82770000,164567000,247337000,0,54924000,0,0.032,1.39,298507000,353431000,0.138,353431000,298507000,298507000,3.2,3.11,3.2,942438000,912290500,942438000,2584483753,8,7.313,-157940000,-2.674,1.0,2091061000,0.814,187508000,0,967519000,890680500,338491000,11793000,11793000,0,671996000,418329000,253667000,2590718753,-236738000,0,-48144000,76638000,-81371000,-41076000,-91670000,9806000,-56464000,-47528000,189176000,189176000,189176000,0,0,0.074,1738873000,352188000,34712000,0.434,2.749,13.695,13.656,464783000,0,43.7,1.008,1.005,35834000,1442082000,2569495000,2569495000,0,0.118,0.207,0.335,0.116,17504000,1738873000,1.0,59284182,59073000,60887000,43.497,1426926000,0,109331000,0,24.137,416338000
NUS,MRY,2015-12-31,2015-12-31,2015-12-31,2018-04-28,-71269000,1505843000,1568634500,706392000,799451000,1.432,14.541,-56622000,289354000,289354000,489510000,133046000,1.733,0.824,249594000,67849000,181745000,249594000,0,71365000,0,0.037,1.4,211959000,283324000,0.126,283324000,211959000,211959000,2.29,2.25,2.29,825621000,878468250,825621000,2115638301,9,7.467,265487000,4.578,1.0,1757537000,0.782,179455000,0,879031000,930831750,265256000,14371000,14371000,0,680222000,407597000,272625000,2168481301,939000,0,-160779000,709000,-81187000,-235920000,-60846000,-4224000,322109000,-24404000,133046000,133046000,133046000,0,0,0.059,1512835000,244702000,28832000,0.611,2.626,16.299,16.546,454537000,0,37.89,0.965,0.978,35464000,1493941000,2247047000,2247047000,0,0.085,0.151,0.228,0.094,7400000,1512835000,1.0,57230966,57997000,59057000,38.744,1326388000,0,78913000,0,23.361,298795000
NUS,MRY,2016-12-31,2016-12-31,2016-12-31,2018-04-28,-84122000,1474045000,1629550500,714337000,759708000,1.355,12.353,-50221000,357246000,357246000,500457000,143086000,1.79,1.22,416892000,82727000,334165000,416892000,0,72397000,0,0.03,1.42,212839000,285236000,0.129,285236000,212839000,212839000,2.58,2.55,2.58,664070000,787538000,664070000,2514353242,11,8.815,225042000,4.061,1.0,1707340000,0.773,178507000,0,956173000,975599000,249936000,10880000,10880000,0,809975000,399011000,410964000,2601721242,67892000,-8692000,-232901000,170974000,-78438000,-134714000,-57861000,1052000,275263000,-14796000,143086000,143086000,143086000,0,0,0.065,1476236000,231104000,41261000,0.55,3.918,18.183,18.519,444732000,0,47.78,1.178,1.199,31199000,1558589000,2207797000,2207797000,0,0.088,0.182,0.218,0.096,8890000,1476236000,1.0,54452098,55412000,56097000,39.843,1295538000,0,69753000,0,24.099,315326000
NUS,MRY,2017-12-31,2017-12-31,2017-12-31,2018-04-28,-66318000,1589872000,1534691000,777789000,812083000,1.485,13.364,-60156000,426399000,426399000,502078000,129437000,1.739,1.256,388630000,77840000,310790000,388630000,0,71564000,0,0.021,1.44,265567000,337131000,0.148,337131000,265567000,265567000,2.45,2.36,2.45,704596000,702318500,704596000,3646804644,13,10.817,242399000,4.59,1.0,1777021000,0.78,182601000,0,922132000,986845000,253454000,11847000,11847000,0,885276000,447370000,437906000,3592353644,69153000,-31745000,-47288000,-36226000,-76058000,-159572000,-91964000,-63000,302555000,18134000,129437000,129437000,129437000,0,0,0.057,1502538000,274483000,50341000,0.588,5.098,27.754,27.849,464587000,0,68.23,1.576,1.581,33196000,1609168000,2279099000,2279099000,0,0.084,0.184,0.269,0.117,19314000,1502538000,1.0,52650647,52806000,54852000,43.16,1407271000,0,136130000,0,26.692,330419000
