ticker,dimension,calendardate,datekey,reportperiod,lastupdated,accoci,assets,assetsavg,assetsc,assetsnc,assetturnover,bvps,capex,cashneq,cashnequsd,cor,consolinc,currentratio,de,debt,debtc,debtnc,debtusd,deferredrev,depamor,deposits,divyield,dps,ebit,ebitda,ebitdamargin,ebitdausd,ebitusd,ebt,eps,epsdil,epsusd,equity,equityavg,equityusd,ev,evebit,evebitda,fcf,fcfps,fxusd,gp,grossmargin,intangibles,intexp,invcap,invcapavg,inventory,investments,investmentsc,investmentsnc,liabilities,liabilitiesc,liabilitiesnc,marketcap,ncf,ncfbus,ncfcommon,ncfdebt,ncfdiv,ncff,ncfi,ncfinv,ncfo,ncfx,netinc,netinccmn,netinccmnusd,netincdis,netincnci,netmargin,opex,opinc,payables,payoutratio,pb,pe,pe1,ppnenet,prefdivis,price,ps,ps1,receivables,retearn,revenue,revenueusd,rnd,roa,roe,roic,ros,sbcomp,sgna,sharefactor,sharesbas,shareswa,shareswadil,sps,tangibles,taxassets,taxexp,taxliabilities,tbvps,workingcapital
NVEC,MRY,2011-12-31,2011-03-31,2011-03-31,2018-05-02,1060438,71836225,66439338,17047969,54788256,0.47,14.796,-732800,952209,952209,9783698,13360945,9.138,0.027,0,0,0,0,0,411547,0,0.0,0.0,19691196,20102743,0.644,20102743,19691196,19691196,2.83,2.76,2.83,69970549,64435365,69970549,267349186,13,13.299,12076007,2.554,1.0,21413365,0.686,0,0,69018340,63316427,3343857,61227498,7970358,53257140,1865676,1865676,0,268527595,-437079,0,418705,0,0,648878,-13894764,-13161964,12808807,0,13360945,13360945,13360945,0,0,0.428,3743595,17669770,731580,0.0,3.838,20.098,19.908,1531116,0,56.34,8.607,8.54,3596239,47967583,31197063,31197063,1269127,0.201,0.207,0.311,0.631,-153453,2474468,1.0,4766198,4729035,4844266,6.597,71836225,0,6330251,146693,15.19,15182293
NVEC,MRY,2012-12-31,2012-03-31,2012-03-31,2018-05-02,1087456,83126763,78963757,26170233,56956530,0.362,16.984,-1480237,1544536,1544536,9325511,11381095,15.69,0.02,0,0,0,0,0,500121,0,0.0,0.0,16623239,17123360,0.599,17123360,16623239,16623239,2.37,2.34,2.37,81458858,77064908,81458858,255273153,15,14.908,11331673,2.363,1.0,19253709,0.674,0,0,79914322,75818774,3229376,71996927,17551629,54445298,1667905,1667905,0,255711485,592327,0,36,0,0,36,-12219619,-10739382,12811910,0,11381095,11381095,11381095,0,0,0.398,4980661,14273048,663702,0.0,3.139,22.468,22.363,2511232,0,53.0,8.947,8.895,2684840,59348678,28579220,28579220,2600058,0.144,0.148,0.219,0.582,80160,2380603,1.0,4824745,4796227,4863471,5.959,83126763,0,5242144,136872,17.332,24502328
NVEC,MRY,2013-12-31,2013-03-31,2013-03-31,2018-05-02,1557726,95765496,91452585,19036846,76728650,0.296,19.419,-1824324,2509683,2509683,7025181,11828838,10.69,0.019,0,0,0,0,0,647163,0,0.0,0.0,17556457,18203620,0.673,18203620,17556457,17556457,2.44,2.43,2.44,93984608,89378067,93984608,273382776,15,15.018,10820978,2.236,1.0,20008238,0.74,0,0,91474925,87682871,3336592,82751286,9711029,73040257,1780888,1780888,0,274225799,965147,0,144188,0,0,159922,-11840077,-10015753,12645302,0,11828838,11828838,11828838,0,0,0.438,4811384,15196854,422092,0.0,2.918,23.183,23.123,3688393,0,56.42,10.144,10.101,2521395,71177516,27033419,27033419,2570821,0.129,0.132,0.2,0.649,50986,2240563,1.0,4860436,4839810,4863546,5.586,95765496,0,5727619,440736,19.787,17255958
NVEC,MRY,2014-12-31,2014-03-31,2014-03-31,2018-05-02,877857,105242043,101288842,20214961,85027082,0.256,21.376,-160718,1262300,1262300,5720277,11135875,17.091,0.015,0,0,0,0,0,844339,0,0.0,0.0,16515949,17360288,0.669,17360288,16515949,16515949,2.3,2.29,2.3,103704641,99550481,103704641,274457007,16,15.809,12240706,2.523,1.0,20214630,0.779,0,0,102796941,98098605,3207333,94382401,12360091,82022310,1537402,1182802,354600,276418292,-1247383,0,-846645,0,0,-789173,-12859634,-12698916,12401424,0,11135875,11135875,11135875,0,0,0.429,5820814,14393816,374127,0.0,2.665,24.822,24.8,3004772,0,57.04,10.658,10.67,2331574,82313391,25934907,25934907,3585339,0.11,0.112,0.168,0.637,-4272,2235475,1.0,4846043,4851460,4867691,5.346,105242043,237387,5380074,354600,21.693,19032159
NVEC,MRY,2015-12-31,2015-03-31,2015-03-31,2018-05-02,746447,110089196,112583894,36919981,73169215,0.272,22.31,-185007,9437262,9437262,6019868,14368354,24.846,0.016,0,0,0,0,0,934371,0,0.03,2.06,21439674,22374045,0.732,22374045,21439674,21439674,2.96,2.95,2.96,108327534,110575494,108327534,323013177,15,14.437,14685059,3.024,1.0,24564220,0.803,0,0,99165980,103907243,3742492,91013095,20099288,70913807,1761662,1485954,275708,334810120,8174962,0,302701,0,-10000000,-9673011,2977907,3162914,14870066,0,14368354,14368354,14368354,0,0,0.47,5312269,19251951,358818,0.696,3.091,23.302,23.284,2255408,0,68.92,10.947,10.942,2963974,86681745,30584088,30584088,3000193,0.128,0.13,0.206,0.701,34672,2312076,1.0,4857953,4855504,4871935,6.299,110089196,102052,7071320,275708,22.673,35434027
NVEC,MRY,2016-12-31,2016-03-31,2016-03-31,2018-05-02,451359,100854056,104730311,33415820,67438236,0.265,20.466,-287275,7534593,7534593,6616852,12292315,21.023,0.016,0,0,0,0,714805,850970,0,0.071,4.0,18177097,19028067,0.687,19028067,18177097,18177097,2.53,2.53,2.53,99264587,103009983,99264587,270284923,14,14.205,14021754,2.891,1.0,21100426,0.761,0,0,91729994,94029223,3205233,85392719,19697384,65695335,1589469,1589469,0,273879087,-1902669,0,-2018764,0,-19414864,-21081334,4869636,5156911,14309029,0,12292315,12292315,12292315,0,0,0.443,4814146,16286280,317990,1.581,2.759,22.281,22.344,1691713,0,56.53,9.881,9.892,2244086,79559196,27717278,27717278,3061184,0.117,0.119,0.193,0.656,-331134,1752962,1.0,4844845,4850209,4852602,5.715,100854056,51188,5884782,0,20.794,31826351
NVEC,MRY,2017-12-31,2017-03-31,2017-03-31,2018-05-02,-38298,93774806,96757818,35193580,58581226,0.293,19.162,-519835,8199364,8199364,6078294,12948869,32.131,0.012,0,0,0,0,142733,1147451,0,0.048,4.0,19096011,20243462,0.715,20243462,19096011,19096011,2.68,2.68,2.68,92679485,95188596,92679485,396656869,20,19.594,11859325,2.452,1.0,22247902,0.785,0,0,84480121,90289995,3358298,76402756,19591833,56810923,1095321,1095321,0,400456057,664771,0,247110,0,-19346040,-19066314,7351925,7871760,12379160,0,12948869,12948869,12948869,0,0,0.457,4802699,17445203,376275,1.493,4.321,30.926,30.892,1413248,0,82.79,14.137,14.136,3436802,73162025,28326196,28326196,3344101,0.134,0.136,0.211,0.674,-10616,1458598,1.0,4837010,4836602,4838389,5.857,93774806,357055,6147142,0,19.389,34098259
NVEC,MRY,2018-12-31,2018-03-31,2018-03-31,2018-05-02,-915635,87431465,90074888,32695269,54736196,0.332,17.855,-604800,4755082,4755082,6274744,13912672,33.035,0.011,0,0,0,0,0,979652,0,0.048,4.0,20008824,20988476,0.703,20988476,20008824,20008824,2.87,2.87,2.87,86441740,88812157,86441740,397691099,19,18.948,14547128,3.005,1.0,23589137,0.79,0,0,81686658,84069742,3650439,73603967,20765809,52838158,989725,989725,0,402419451,-3444282,0,51040,0,-19365040,-19314000,717790,1322590,15151928,0,13912672,13912672,13912672,0,0,0.466,5138510,18450627,414970,1.394,4.655,28.925,28.958,1325383,0,83.11,13.475,13.473,2888779,67709657,29863881,29863881,3702918,0.154,0.157,0.238,0.67,40920,1435592,1.0,4842010,4841347,4846212,6.169,87431465,572655,6096152,0,18.059,31705544
