ticker,dimension,calendardate,datekey,reportperiod,lastupdated,accoci,assets,assetsavg,assetsc,assetsnc,assetturnover,bvps,capex,cashneq,cashnequsd,cor,consolinc,currentratio,de,debt,debtc,debtnc,debtusd,deferredrev,depamor,deposits,divyield,dps,ebit,ebitda,ebitdamargin,ebitdausd,ebitusd,ebt,eps,epsdil,epsusd,equity,equityavg,equityusd,ev,evebit,evebitda,fcf,fcfps,fxusd,gp,grossmargin,intangibles,intexp,invcap,invcapavg,inventory,investments,investmentsc,investmentsnc,liabilities,liabilitiesc,liabilitiesnc,marketcap,ncf,ncfbus,ncfcommon,ncfdebt,ncfdiv,ncff,ncfi,ncfinv,ncfo,ncfx,netinc,netinccmn,netinccmnusd,netincdis,netincnci,netmargin,opex,opinc,payables,payoutratio,pb,pe,pe1,ppnenet,prefdivis,price,ps,ps1,receivables,retearn,revenue,revenueusd,rnd,roa,roe,roic,ros,sbcomp,sgna,sharefactor,sharesbas,shareswa,shareswadil,sps,tangibles,taxassets,taxexp,taxliabilities,tbvps,workingcapital
NWY,MRY,2011-12-31,2012-01-28,2012-01-28,2018-04-17,-2779000,299791000,315181750,161886000,137905000,3.035,1.636,-12158000,50787000,50787000,734838000,-38937000,1.179,1.995,0,0,0,0,0,38418000,0,0.0,0.0,-35714000,2704000,0.003,2704000,-35714000,-36209000,-0.64,-0.64,-0.64,100105000,115714250,100105000,185794284,-5,68.711,-20712000,-0.341,1.0,221618000,0.232,14879000,495000,96822000,136546250,81328000,0,0,0,199686000,137303000,62383000,194460284,-26605000,0,2202000,-8095000,0,-5893000,-12158000,0,-8554000,0,-38937000,-38937000,-38937000,0,0,-0.041,257188000,-35570000,72297000,0.0,1.943,-4.994,-4.906,115280000,0,3.14,0.203,0.2,7269000,-56721000,956456000,956456000,0,-0.124,-0.336,-0.262,-0.037,3719000,257188000,1.0,61930027,60824000,60824000,15.725,284912000,7273000,2728000,9860000,4.656,24583000
NWY,MRY,2012-12-31,2013-02-02,2013-02-02,2018-04-17,-2696000,292680000,290294750,172256000,120424000,3.329,1.721,-18144000,60933000,60933000,701613000,2100000,1.313,1.755,0,0,0,0,0,34909000,0,0.0,0.0,2252000,37161000,0.038,37161000,2252000,1892000,0.03,0.03,0.03,106252000,99910000,106252000,222162785,98,5.978,9236000,0.15,1.0,264821000,0.274,14879000,360000,85667000,104410000,80198000,0,0,0,186428000,131201000,55227000,245662785,10146000,0,95000,0,0,95000,-17329000,0,27380000,0,2100000,2100000,2100000,0,0,0.002,262569000,2252000,74410000,0.0,2.312,116.982,130.333,97960000,0,3.91,0.254,0.249,8216000,-54621000,966434000,966434000,0,0.007,0.021,0.022,0.002,3869000,262569000,1.0,62829357,61516000,62164000,15.71,277801000,7243000,-208000,7744000,4.499,41055000
NWY,MRY,2013-12-31,2014-02-01,2014-02-01,2018-04-17,-1731000,288753000,287749250,182748000,106005000,3.264,1.811,-18836000,69723000,69723000,674793000,2394000,1.402,1.55,0,0,0,0,0,32719000,0,0.0,0.0,3077000,35796000,0.038,35796000,3077000,2708000,0.04,0.04,0.04,113215000,108362500,113215000,251159906,81,7.016,9052000,0.145,1.0,264370000,0.281,14879000,369000,73821000,91301000,83479000,0,0,0,175538000,130330000,45208000,288537906,8790000,0,510000,0,0,-262000,-18836000,0,27888000,0,2394000,2394000,2394000,0,0,0.003,261293000,3077000,75874000,0.0,2.549,120.525,113.25,83553000,0,4.53,0.307,0.301,7026000,-52227000,939163000,939163000,0,0.008,0.022,0.034,0.003,3866000,261293000,1.0,63694902,62313000,63240000,15.072,273874000,6600000,314000,7576000,4.381,52418000
NWY,MRY,2014-12-31,2015-01-31,2015-01-31,2018-04-17,-2806000,301254000,296822250,193800000,107454000,3.111,1.579,-26781000,70802000,70802000,673557000,-16885000,1.317,2.032,14124000,866000,13258000,14124000,0,27315000,0,0.0,0.0,-15596000,11719000,0.013,11719000,-15596000,-16169000,-0.27,-0.27,-0.27,99359000,108768500,99359000,105083546,-6,8.967,-14781000,-0.235,1.0,249775000,0.271,14879000,573000,82562000,89627500,93791000,0,0,0,201895000,147135000,54760000,147763546,-430000,0,299000,14082000,0,14097000,-26527000,0,12000000,0,-16885000,-16885000,-16885000,0,0,-0.018,265371000,-15596000,86481000,0.0,1.487,-8.751,-8.519,84374000,0,2.3,0.16,0.156,7406000,-69112000,923332000,923332000,0,-0.057,-0.155,-0.174,-0.017,4089000,265371000,1.0,64245020,62825000,62825000,14.697,286375000,6759000,716000,7370000,4.55,46665000
NWY,MRY,2015-12-31,2016-01-30,2016-01-30,2018-04-17,-1911000,283460000,297300500,177764000,105696000,3.196,1.483,-26648000,61432000,61432000,685253000,-10069000,1.31,2.023,13167000,841000,12326000,13167000,0,24181000,0,0.0,0.0,-8105000,16076000,0.017,16076000,-8105000,-9332000,-0.16,-0.16,-0.16,93771000,94424000,93771000,109473387,-13,6.81,-5999000,-0.095,1.0,264855000,0.279,14879000,1227000,84587000,93911000,87777000,0,0,0,189689000,135729000,53960000,141962387,-7861000,0,16000,-1727000,0,-2008000,-26502000,0,20649000,0,-10069000,-10069000,-10069000,0,0,-0.011,272960000,-8105000,82225000,0.0,1.514,-14.099,-13.75,88831000,0,2.2,0.149,0.146,8208000,-79181000,950108000,950108000,0,-0.034,-0.107,-0.086,-0.009,3867000,272960000,1.0,64528358,63154000,63154000,15.044,268581000,47000,737000,239000,4.247,42035000
NWY,MRY,2016-12-31,2017-01-28,2017-01-28,2018-04-17,-1356000,301588000,310977000,197964000,103624000,2.988,1.252,-18308000,88369000,88369000,665102000,-17291000,1.431,2.809,12326000,841000,11485000,12326000,0,22786000,0,0.0,0.0,-15383000,7403000,0.008,7403000,-15383000,-16618000,-0.27,-0.27,-0.27,79169000,87035000,79169000,96440736,-6,13.027,30452000,0.481,1.0,263979000,0.284,14879000,1235000,72289000,99527500,78044000,0,0,0,222419000,138377000,84042000,137916736,26937000,0,-958000,-2245000,0,-3515000,-18308000,0,48760000,0,-17291000,-17291000,-17291000,0,0,-0.019,279362000,-15383000,68068000,0.0,1.742,-7.976,-7.926,87070000,0,2.14,0.148,0.146,11837000,-96472000,929081000,929081000,0,-0.056,-0.199,-0.155,-0.017,3404000,279362000,1.0,64447073,63356000,63356000,14.664,286709000,144000,673000,174000,4.535,59587000
NWY,MRY,2017-12-31,2018-02-03,2018-02-03,2018-04-17,-551000,302956000,307315000,206420000,96536000,3.016,1.369,-12530000,90908000,90908000,644041000,5675000,1.457,2.488,11485000,841000,10644000,11485000,0,21729000,0,0.0,0.0,6928000,28657000,0.031,28657000,6928000,6113000,0.09,0.09,0.09,86861000,80868500,86861000,135913930,19,4.743,8648000,0.137,1.0,282827000,0.305,17125000,815000,64773000,77759500,84498000,0,0,0,216095000,141635000,74460000,193453930,2539000,-2422000,-623000,-2676000,0,-3687000,-14952000,0,21178000,0,5675000,5675000,5675000,0,0,0.006,275899000,6928000,70089000,0.0,2.227,34.089,33.556,77906000,0,3.02,0.209,0.206,12528000,-90797000,926868000,926868000,0,0.018,0.07,0.089,0.007,2223000,275899000,1.0,64057593,63273000,64054000,14.649,285831000,115000,438000,28000,4.505,64785000
