ticker,dimension,calendardate,datekey,reportperiod,lastupdated,accoci,assets,assetsavg,assetsc,assetsnc,assetturnover,bvps,capex,cashneq,cashnequsd,cor,consolinc,currentratio,de,debt,debtc,debtnc,debtusd,deferredrev,depamor,deposits,divyield,dps,ebit,ebitda,ebitdamargin,ebitdausd,ebitusd,ebt,eps,epsdil,epsusd,equity,equityavg,equityusd,ev,evebit,evebitda,fcf,fcfps,fxusd,gp,grossmargin,intangibles,intexp,invcap,invcapavg,inventory,investments,investmentsc,investmentsnc,liabilities,liabilitiesc,liabilitiesnc,marketcap,ncf,ncfbus,ncfcommon,ncfdebt,ncfdiv,ncff,ncfi,ncfinv,ncfo,ncfx,netinc,netinccmn,netinccmnusd,netincdis,netincnci,netmargin,opex,opinc,payables,payoutratio,pb,pe,pe1,ppnenet,prefdivis,price,ps,ps1,receivables,retearn,revenue,revenueusd,rnd,roa,roe,roic,ros,sbcomp,sgna,sharefactor,sharesbas,shareswa,shareswadil,sps,tangibles,taxassets,taxexp,taxliabilities,tbvps,workingcapital
OBAS,MRY,2011-12-31,2011-12-31,2011-12-31,2018-03-28,305000,219885000,142305500,26055000,193830000,0.088,16.821,-1192000,23076000,23076000,1869000,1799000,2.72,2.589,126135000,2529000,123606000,126135000,0,2220000,0,0.0,0.0,7723000,9943000,0.797,9943000,7723000,242000,-0.07,-0.07,-0.07,61261000,50826500,61261000,7088999,0,0.713,643000,0.177,1.0,10610000,0.85,0,7481000,313365000,181137500,0,145000,0,145000,158624000,9579000,149045000,17759999,-7315000,-20684000,5000000,14594000,0,13976000,-22971000,-1065000,1835000,-155000,-239000,-239000,-239000,51000,2038000,-0.019,798000,9812000,4060000,0.0,0.29,-74.31,-75.0,192173000,0,5.25,1.423,1.532,1999000,-85730000,12479000,12479000,0,-0.002,-0.005,0.043,0.619,120000,3057000,1.0,3382857,3641935,3641935,3.426,219885000,0,481000,14705000,60.376,16476000
OBAS,MRY,2012-12-31,2012-12-31,2012-12-31,2018-03-28,986000,224882000,222383500,20621000,204261000,0.061,17.43,-210000,19276000,19276000,1966000,4055000,2.388,2.379,126895000,2597000,124298000,126895000,0,2569000,0,0.0,0.0,4463000,7032000,0.514,7032000,4463000,3220000,0.41,0.41,0.41,66552000,63906500,66552000,125540742,28,17.853,6575000,1.722,1.0,11710000,0.856,0,1243000,323865000,318615000,0,8043000,0,8043000,158330000,8636000,149694000,22481742,-3803000,-8025000,0,-2553000,0,-2606000,-8243000,0,6785000,261000,1577000,1577000,1577000,0,2478000,0.115,4637000,7073000,3476000,0.0,0.338,14.256,14.122,194826000,0,5.79,1.644,1.617,365000,-84259000,13676000,13676000,0,0.007,0.025,0.014,0.326,117000,2068000,1.0,3882857,3818198,3820233,3.582,224882000,0,1643000,15262000,58.897,11985000
OBAS,MRY,2013-12-31,2013-12-31,2013-12-31,2018-03-28,1839000,238748000,231815000,20047000,218701000,0.059,20.65,-5795000,18955000,18955000,2199000,3624000,2.018,2.025,127741000,2669000,125072000,127741000,0,3369000,0,0.0,0.0,4326000,7695000,0.561,7695000,4326000,2983000,0.38,0.38,0.38,78924000,72738000,78924000,128975197,29,16.761,1624000,0.425,1.0,11512000,0.84,0,1343000,337599000,330732000,0,7799000,0,7799000,159824000,9935000,149889000,21356197,-331000,83000,0,-2580000,0,-2580000,-5733000,0,7419000,563000,1465000,1465000,1465000,0,2159000,0.107,5239000,6273000,5131000,0.0,0.271,14.578,14.474,209761000,0,5.5,1.558,1.533,417000,-82901000,13711000,13711000,0,0.006,0.02,0.013,0.316,118000,1870000,1.0,3882945,3822032,3825610,3.587,238748000,0,1518000,15815000,62.466,10112000
OBAS,MRY,2014-12-31,2014-12-31,2014-12-31,2018-03-28,-1221000,218004000,228376000,24584000,193420000,0.061,15.034,5076000,22902000,22902000,2777000,5445000,2.438,1.828,112481000,2401000,110080000,112481000,0,3813000,0,0.0,0.0,5992000,9805000,0.703,9805000,5992000,4841000,0.65,0.65,0.65,77075000,77999500,77075000,144759663,24,14.764,10395000,2.028,1.0,11161000,0.801,0,1151000,297499000,317549000,0,7607000,0,7607000,140929000,10084000,130845000,35973663,4091000,0,0,-2599000,-2066000,-4665000,5227000,0,5319000,-1790000,3339000,3339000,3339000,0,2106000,0.24,3271000,7890000,4991000,0.0,0.467,10.774,10.677,185204000,0,6.94,2.581,2.553,1682000,-79672000,13938000,13938000,0,0.015,0.043,0.019,0.43,97000,2167000,1.0,5183525,5126616,5131072,2.719,218004000,0,1502000,14237000,42.524,14500000
OBAS,MRY,2015-12-31,2015-12-31,2015-12-31,2018-03-28,-1906000,262944000,240474000,24301000,238643000,0.064,14.725,-2215000,23806000,23806000,2958000,1171000,1.743,2.479,161100000,8535000,152565000,161100000,0,3925000,0,0.0,0.0,2348000,6273000,0.411,6273000,2348000,541000,-0.21,-0.21,-0.21,75584000,76329500,75584000,127471086,54,20.321,1765000,0.344,1.0,12315000,0.806,0,1807000,386297000,341898000,0,23333000,0,23333000,187360000,13941000,173419000,37892086,904000,-44615000,0,49203000,0,47174000,-49446000,-2616000,3980000,-804000,-1068000,-1068000,-1068000,0,2239000,-0.07,8126000,4189000,3297000,0.0,0.501,-35.479,-34.81,214840000,0,7.31,2.481,2.457,495000,-80905000,15273000,15273000,0,-0.004,-0.014,0.007,0.154,98000,1849000,1.0,5183525,5133024,5133024,2.975,262944000,0,1609000,14178000,51.226,10360000
OBAS,MRY,2016-12-31,2016-12-31,2016-12-31,2018-03-28,0,250384000,256664000,16772000,233612000,0.064,14.402,-2450000,16024000,16024000,3159000,2120000,1.006,2.378,149781000,10360000,139421000,149781000,0,4244000,0,0.0,0.0,5188000,9432000,0.577,9432000,5188000,1822000,0.04,0.04,0.04,74128000,74856000,74128000,177466318,34,18.815,4806000,0.934,1.0,13179000,0.807,0,3366000,367466000,376881500,0,25677000,0,25677000,176256000,16675000,159581000,40172318,-7782000,-2749000,0,-7582000,0,-9600000,-5040000,159000,7256000,-398000,195000,195000,195000,0,1925000,0.012,6859000,6320000,4254000,0.0,0.542,206.012,193.75,207690000,0,7.75,2.459,2.442,748000,-80925000,16338000,16338000,0,0.001,0.003,0.014,0.318,60000,2615000,1.0,5183525,5147130,5157165,3.174,250384000,0,1627000,13620000,48.645,97000
OBAS,MRY,2017-12-31,2017-12-31,2017-12-31,2018-03-28,0,259303000,254843500,21398000,237905000,0.065,14.878,-2195000,20560000,20560000,3057000,1172000,1.716,2.365,155181000,6048000,149133000,155181000,0,4209000,0,0.0,0.0,3248000,7457000,0.45,7457000,3248000,479000,-0.22,-0.22,-0.22,77068000,75598000,77068000,175253092,53,23.502,5706000,1.102,1.0,13530000,0.816,0,2769000,381453000,374459500,0,21039000,0,21039000,182235000,12471000,169764000,41496092,4244000,3338000,0,-3313000,0,-5402000,1116000,265000,7901000,629000,-1123000,-1123000,-1123000,0,2295000,-0.068,6907000,6623000,4362000,0.0,0.538,-36.951,-36.174,216726000,0,7.958,2.502,2.485,838000,-82048000,16587000,16587000,0,-0.004,-0.015,0.009,0.196,15000,2698000,1.0,5214256,5180163,5180163,3.202,259303000,0,1602000,14042000,50.057,8927000
