ticker,dimension,calendardate,datekey,reportperiod,lastupdated,accoci,assets,assetsavg,assetsc,assetsnc,assetturnover,bvps,capex,cashneq,cashnequsd,cor,consolinc,currentratio,de,debt,debtc,debtnc,debtusd,deferredrev,depamor,deposits,divyield,dps,ebit,ebitda,ebitdamargin,ebitdausd,ebitusd,ebt,eps,epsdil,epsusd,equity,equityavg,equityusd,ev,evebit,evebitda,fcf,fcfps,fxusd,gp,grossmargin,intangibles,intexp,invcap,invcapavg,inventory,investments,investmentsc,investmentsnc,liabilities,liabilitiesc,liabilitiesnc,marketcap,ncf,ncfbus,ncfcommon,ncfdebt,ncfdiv,ncff,ncfi,ncfinv,ncfo,ncfx,netinc,netinccmn,netinccmnusd,netincdis,netincnci,netmargin,opex,opinc,payables,payoutratio,pb,pe,pe1,ppnenet,prefdivis,price,ps,ps1,receivables,retearn,revenue,revenueusd,rnd,roa,roe,roic,ros,sbcomp,sgna,sharefactor,sharesbas,shareswa,shareswadil,sps,tangibles,taxassets,taxexp,taxliabilities,tbvps,workingcapital
OIS,MRY,2011-12-31,2011-12-31,2011-12-31,2018-04-28,74371000,3703641000,3433115750,1489659000,2213982000,0.613,38.308,-481533000,71721000,71721000,1307430000,323422000,3.136,0.887,1176940000,34435000,1142505000,1176940000,75497000,188147000,0,0.0,0.0,487579000,675726000,0.321,675726000,487579000,430073000,6.3,5.86,6.3,1962156000,1838796000,1962156000,4891750724,10,7.239,-265763000,-5.194,1.0,796933000,0.379,595052000,57506000,3738859000,3249129250,653698000,0,0,0,1740369000,474949000,1265420000,3912603724,-24629000,-2412000,-1180000,252289000,0,257888000,-488955000,0,215770000,-9332000,322453000,322453000,322453000,0,969000,0.153,352631000,444302000,252209000,0.0,1.994,12.134,12.122,1557088000,0,76.37,1.859,1.857,732240000,1450586000,2104363000,2104363000,0,0.094,0.175,0.15,0.232,5982000,164433000,1.0,51232208,51163000,55007000,41.131,3108589000,0,107620000,107772000,60.691,1014710000
OIS,MRY,2012-12-31,2012-12-31,2012-12-31,2018-04-28,107097000,4439962000,4162238750,1826092000,2613870000,0.365,44.975,-163556000,253172000,253172000,1053646000,448627000,3.522,0.801,1310285000,30480000,1279805000,1310285000,43022000,88745000,0,0.0,0.0,560929000,649674000,0.428,649674000,560929000,520556000,8.47,8.1,8.47,2464405000,2301774500,2464405000,4950442351,8,7.62,473634000,8.943,1.0,464074000,0.306,666921000,40373000,4311622000,4077155750,253994000,0,0,0,1974162000,518532000,1455630000,3927221351,181451000,-100449000,-5835000,131980000,0,120558000,-576977000,0,637190000,680000,448609000,448609000,448609000,0,18000,0.296,216429000,247645000,167642000,0.0,1.594,8.754,8.446,1827242000,0,71.54,2.588,2.496,647933000,1899195000,1517720000,1517720000,0,0.108,0.195,0.138,0.37,8601000,125290000,1.0,54895462,52959000,55384000,28.658,3773041000,0,71947000,153546000,68.857,1307560000
OIS,MRY,2013-12-31,2013-12-31,2013-12-31,2018-04-28,-85675000,4131261000,4286570500,1525907000,2605354000,0.38,47.772,-162446000,599306000,599306000,1113168000,421276000,4.082,0.574,973221000,529000,972692000,973221000,50366000,109231000,0,0.0,0.0,535156000,644387000,0.396,644387000,535156000,496326000,7.58,7.53,7.58,2623417000,2595801000,2623417000,5841575351,10,9.065,524817000,9.548,1.0,515966000,0.317,647181000,38830000,3484159000,3827922000,266552000,0,0,0,1505967000,373836000,1132131000,5610218351,346134000,555740000,-97070000,-210265000,0,-430596000,108377000,0,687263000,-18910000,421258000,421258000,421258000,0,18000,0.259,268689000,247277000,149079000,0.0,2.139,13.318,13.42,1902789000,0,101.72,3.444,3.432,620333000,2320453000,1629134000,1629134000,0,0.098,0.162,0.14,0.328,16690000,150967000,1.0,55153548,54969000,55327000,29.637,3484080000,0,75068000,155500000,63.445,1152071000
OIS,MRY,2014-12-31,2014-12-31,2014-12-31,2018-04-28,-22100000,1809612000,2356177750,826666000,982946000,0.772,25.737,-195721000,53263000,53263000,1205884000,179003000,3.046,0.35,147365000,530000,146835000,147365000,48948000,124776000,0,0.943,46.127,265293000,390069000,0.214,390069000,265293000,248120000,3.33,3.31,3.33,1340657000,1636151750,1340657000,2708897413,10,6.945,242315000,4.584,1.0,613725000,0.337,306085000,17173000,1326217000,1898182000,232490000,0,0,0,468955000,271412000,197543000,2600152413,-546043000,-157000,-232439000,-913852000,0,-661116000,-317703000,0,438036000,-5260000,179003000,179003000,179003000,-51776000,0,0.098,303470000,310255000,108949000,13.852,1.939,14.526,14.685,649846000,0,48.9,1.429,1.421,497124000,1151266000,1819609000,1819609000,0,0.076,0.109,0.14,0.146,18677000,169432000,1.0,53172851,52862000,53151000,34.422,1503527000,0,69117000,50539000,28.863,555254000
OIS,MRY,2015-12-31,2015-12-31,2015-12-31,2018-04-28,-50698000,1596471000,1667795250,611473000,984998000,0.66,25.209,-112083000,35973000,35973000,785698000,28597000,3.965,0.271,126420000,533000,125887000,126420000,36655000,131257000,0,0.0,0.0,57221000,188478000,0.171,188478000,57221000,50794000,0.56,0.56,0.56,1255672000,1263386250,1255672000,1458859539,25,7.74,144038000,2.865,1.0,314279000,0.286,323172000,6427000,1209546000,1246647250,212882000,0,0,0,340799000,154200000,186599000,1384448539,-17290000,-33427000,-112743000,-18368000,0,-124722000,-147196000,0,256121000,-1493000,28597000,28597000,28597000,-226000,0,0.026,259273000,55006000,59116000,0.0,1.103,48.412,48.661,638725000,0,27.25,1.259,1.245,333494000,1179863000,1099977000,1099977000,0,0.017,0.023,0.046,0.052,21309000,132664000,1.0,50805451,50269000,50335000,21.882,1273299000,0,22197000,48800000,25.563,457273000
OIS,MRY,2016-12-31,2016-12-31,2016-12-31,2018-04-28,-70300000,1383898000,1454525750,489977000,893921000,0.477,23.98,-28157000,68800000,68800000,526770000,-46390000,4.569,0.149,45926000,538000,45388000,45926000,21315000,118720000,0,0.0,0.0,-67986000,50734000,0.073,50734000,-67986000,-73329000,-0.92,-0.92,-0.92,1204307000,1222901250,1204307000,2016704810,-29,39.751,121100000,2.414,1.0,167674000,0.241,316115000,5343000,937677000,1031994250,175490000,0,0,0,179591000,107232000,72359000,2003616810,32827000,0,-3962000,-81280000,0,-84875000,-29292000,0,149257000,-2263000,-46390000,-46390000,-46390000,4000,0,-0.067,236957000,-69283000,34207000,0.0,1.664,-43.191,-42.391,553402000,0,39.0,2.885,2.818,234513000,1133473000,694444000,694444000,0,-0.032,-0.038,-0.066,-0.098,21322000,124033000,1.0,51374790,50174000,50174000,13.841,1067783000,0,-26939000,10875000,21.261,382745000
OIS,MRY,2017-12-31,2017-12-31,2017-12-31,2018-04-28,-58493000,1301511000,1330919500,455937000,845574000,0.504,22.661,-33037000,53459000,53459000,520755000,-84850000,3.955,0.149,5281000,411000,4870000,5281000,18234000,107667000,0,0.0,0.0,-72738000,34929000,0.052,34929000,-72738000,-77412000,-1.69,-1.69,-1.69,1132713000,1164860250,1132713000,1399517605,-19,40.067,62345000,1.243,1.0,149872000,0.223,318274000,4674000,819789000,864265750,168285000,0,0,0,168798000,115270000,53528000,1445828605,-15341000,-12859000,-21600000,-43460000,0,-65060000,-47615000,0,95382000,1952000,-84850000,-84850000,-84850000,0,0,-0.127,223744000,-73872000,49089000,0.0,1.276,-17.04,-16.746,498890000,0,28.3,2.156,2.116,216139000,1048623000,670627000,670627000,0,-0.064,-0.073,-0.084,-0.108,23049000,114816000,1.0,51089350,50139000,50139000,13.375,983237000,0,7438000,26365000,19.67,340667000
