ticker,dimension,calendardate,datekey,reportperiod,lastupdated,accoci,assets,assetsavg,assetsc,assetsnc,assetturnover,bvps,capex,cashneq,cashnequsd,cor,consolinc,currentratio,de,debt,debtc,debtnc,debtusd,deferredrev,depamor,deposits,divyield,dps,ebit,ebitda,ebitdamargin,ebitdausd,ebitusd,ebt,eps,epsdil,epsusd,equity,equityavg,equityusd,ev,evebit,evebitda,fcf,fcfps,fxusd,gp,grossmargin,intangibles,intexp,invcap,invcapavg,inventory,investments,investmentsc,investmentsnc,liabilities,liabilitiesc,liabilitiesnc,marketcap,ncf,ncfbus,ncfcommon,ncfdebt,ncfdiv,ncff,ncfi,ncfinv,ncfo,ncfx,netinc,netinccmn,netinccmnusd,netincdis,netincnci,netmargin,opex,opinc,payables,payoutratio,pb,pe,pe1,ppnenet,prefdivis,price,ps,ps1,receivables,retearn,revenue,revenueusd,rnd,roa,roe,roic,ros,sbcomp,sgna,sharefactor,sharesbas,shareswa,shareswadil,sps,tangibles,taxassets,taxexp,taxliabilities,tbvps,workingcapital
ONSM,MRY,2011-12-31,2011-09-30,2011-09-30,2017-11-01,0,17765364,19239605,3463539,14301825,0.92,0.993,-1022091,290865,290865,5925764,-5194962,0.666,0.568,2985588,1941756,1043832,2985588,96437,1489650,0,0.0,0.0,-3924567,-2434917,-0.138,-2434917,-3924567,-5194962,-0.52,-0.52,-0.52,11331560,11642758,11331560,11572512,-2,-4.753,-986950,-0.099,1.0,11774940,0.665,11482875,1270395,3775451,3158347,139099,0,0,0,6433804,5201761,1232043,8496067,-534543,0,1408192,-929535,0,452407,-1022091,0,35141,0,-5194962,-5194962,-5194962,0,0,-0.293,16029188,-4254248,1573703,0.0,0.75,-1.635,-1.404,2714676,0,0.73,0.48,0.412,2453390,-128814758,17700704,17700704,0,-0.27,-0.446,-1.243,-0.222,1750312,8655143,1.0,11638448,9988585,9988585,1.772,6282489,0,0,0,0.551,-1738222
ONSM,MRY,2012-12-31,2012-09-30,2012-09-30,2017-11-01,0,16568831,17213827,3156974,13411857,1.055,0.837,-947524,359795,359795,6103375,-2632676,0.535,0.727,3050070,2058369,991701,3050070,138856,1401433,0,0.0,0.0,-1857214,-455781,-0.025,-455781,-1857214,-2632676,-0.22,-0.22,-0.22,9596056,10348654,9596056,8716152,-4,-19.124,116870,0.01,1.0,12055960,0.664,10424527,775462,2934879,3000117,146159,0,0,0,6972775,5899700,1073075,5996264,68930,0,140000,-187940,0,-47940,-947524,0,1064394,0,-2632676,-2632676,-2632676,0,0,-0.145,14020011,-1964051,1634110,0.0,0.625,-2.278,-2.182,2841115,0,0.48,0.33,0.322,2357726,-131604877,18159335,18159335,0,-0.153,-0.254,-0.619,-0.102,1194092,7292350,1.0,12492217,12188002,12188002,1.49,6144304,0,0,0,0.536,-2742726
ONSM,MRY,2013-12-31,2013-09-30,2013-09-30,2017-11-01,0,13927410,16626957,2715415,11211995,1.036,0.252,-822424,257018,257018,5029377,-7169502,0.399,1.55,4094784,2786056,1308728,4094784,152696,1274168,0,0.0,0.0,-5758213,-4484045,-0.26,-4484045,-5758213,-7169502,-0.39,-0.39,-0.39,5460842,8458353,5460842,8887496,-1,-1.982,-318153,-0.017,1.0,12188621,0.708,9028147,1411289,1934002,3002130,140585,0,0,0,8466568,6803027,1663541,5155850,-102777,-713477,0,928853,0,928853,-1535901,0,504271,0,-7169502,-7169502,-7169502,0,0,-0.416,17806681,-5618060,1927430,0.0,0.944,-0.719,-0.692,2047633,0,0.27,0.299,0.29,2175505,-138763092,17217998,17217998,0,-0.431,-0.848,-1.918,-0.334,1881342,7945565,1.0,19095744,18496064,18496064,0.931,4899263,0,0,0,0.226,-4087612
ONSM,MRY,2014-12-31,2014-09-30,2014-09-30,2017-11-01,0,13511783,13982523,2634155,10877628,1.211,0.178,-556266,389015,389015,4722221,-1658155,0.404,2.113,5100012,2451681,2648331,5100012,77624,956027,0,0.0,0.0,432224,1388251,0.082,1388251,432224,-1658155,-0.07,-0.07,-0.07,4339955,4612930,4339955,7746455,17,5.58,-98774,-0.004,1.0,12210973,0.721,8885521,2090379,2813762,1059675,37935,0,0,0,9171828,6523497,2648331,3499132,131997,0,0,230771,0,230771,-556266,0,457492,0,-1658155,-1658155,-1658155,0,0,-0.098,12390265,-179292,1697202,0.0,0.806,-2.11,-2.286,1790498,0,0.16,0.207,0.219,2082379,-140421247,16933194,16933194,0,-0.119,-0.359,0.408,0.026,575613,7208530,1.0,21869580,23172634,23172634,0.731,4626262,0,0,0,0.19,-3889342
ONSM,MRY,2015-12-31,2015-09-30,2015-09-30,2017-11-01,0,6638280,10494621,2513347,4124933,1.538,-0.158,-320095,316887,316887,4455229,-8363676,0.32,-2.393,5033082,3200082,1833000,5033082,127220,685954,0,0.0,0.0,-6946530,-6260576,-0.388,-6260576,-6946530,-8597009,-0.34,-0.34,-0.34,-4048575,181887,-4048575,9445358,-1,-1.509,23227,0.001,1.0,11688077,0.724,3207314,1650479,293306,1613292,47708,0,0,0,9686855,7853855,1833000,4734361,-72128,0,0,-747414,0,-95355,-320095,0,343322,0,-8597009,-8597009,-8597009,0,233333,-0.533,18401274,-6713197,2185462,0.0,-1.169,-0.551,-0.618,704825,0,0.21,0.293,0.328,2051477,-149018256,16143306,16143306,0,-0.819,-47.265,-4.306,-0.43,209515,7295404,1.0,22544580,25244726,25244726,0.639,3430966,0,0,0,0.134,-5340508
