ticker,dimension,calendardate,datekey,reportperiod,lastupdated,accoci,assets,assetsavg,assetsc,assetsnc,assetturnover,bvps,capex,cashneq,cashnequsd,cor,consolinc,currentratio,de,debt,debtc,debtnc,debtusd,deferredrev,depamor,deposits,divyield,dps,ebit,ebitda,ebitdamargin,ebitdausd,ebitusd,ebt,eps,epsdil,epsusd,equity,equityavg,equityusd,ev,evebit,evebitda,fcf,fcfps,fxusd,gp,grossmargin,intangibles,intexp,invcap,invcapavg,inventory,investments,investmentsc,investmentsnc,liabilities,liabilitiesc,liabilitiesnc,marketcap,ncf,ncfbus,ncfcommon,ncfdebt,ncfdiv,ncff,ncfi,ncfinv,ncfo,ncfx,netinc,netinccmn,netinccmnusd,netincdis,netincnci,netmargin,opex,opinc,payables,payoutratio,pb,pe,pe1,ppnenet,prefdivis,price,ps,ps1,receivables,retearn,revenue,revenueusd,rnd,roa,roe,roic,ros,sbcomp,sgna,sharefactor,sharesbas,shareswa,shareswadil,sps,tangibles,taxassets,taxexp,taxliabilities,tbvps,workingcapital
OSK,MRY,2011-12-31,2011-09-30,2011-09-30,2018-04-26,-122600000,4826900000,4641725000,2454600000,2372300000,1.624,17.509,-64500000,428500000,428500000,6447200000,273400000,1.451,2.023,1060100000,40100000,1020000000,1060100000,38400000,144400000,468600000,0.0,0.0,515200000,659600000,0.087,659600000,515200000,425000000,3.01,2.99,3.01,1596500000,1550875000,1596500000,2153096589,4,3.264,323200000,3.545,1.0,1091300000,0.145,1880200000,90200000,1886500000,1889800000,786800000,31800000,0,31800000,3230300000,1691800000,1538500000,1435196589,89500000,0,8000000,-241400000,0,-231500000,-68300000,0,387700000,1600000,273400000,273400000,273400000,17600000,0,0.036,565200000,526100000,768900000,0.0,0.899,5.249,5.229,388700000,0,15.74,0.19,0.19,1089100000,1032700000,7538500000,7538500000,0,0.059,0.176,0.273,0.068,15500000,503900000,1.0,91181486,91181486,,82.676,2946700000,121900000,151600000,171300000,32.317,762800000
OSK,MRY,2012-12-31,2012-09-30,2012-09-30,2018-04-26,-101400000,4947800000,4818900000,2694500000,2253300000,1.689,20.224,-53000000,540700000,540700000,7134200000,231900000,1.581,1.669,955000000,0,955000000,955000000,113000000,130900000,510400000,0.0,0.0,371200000,502100000,0.062,502100000,371200000,296000000,2.52,2.51,2.52,1853500000,1731025000,1853500000,3078220110,8,6.131,215300000,2.349,1.0,1006900000,0.124,1809200000,75200000,1848400000,1907375000,937500000,18800000,0,18800000,3094300000,1704500000,1389800000,2513920110,112200000,0,-9700000,-108200000,0,-117300000,-41800000,8700000,268300000,3000000,230800000,230800000,230800000,14400000,1100000,0.028,619200000,387700000,683300000,0.0,1.356,10.892,10.885,369900000,0,27.43,0.309,0.309,1018600000,1263500000,8141100000,8141100000,0,0.048,0.133,0.195,0.046,18500000,561500000,1.0,91648564,91648564,,88.83,3138600000,167900000,65200000,129600000,34.246,990000000
OSK,MRY,2013-12-31,2013-09-30,2013-09-30,2018-04-26,-14600000,4765700000,4743700000,2553400000,2212300000,1.616,24.233,-52400000,733500000,733500000,6473300000,318000000,1.849,1.261,955000000,65000000,890000000,955000000,0,126800000,294400000,0.0,0.0,515700000,642500000,0.084,642500000,515700000,449700000,3.6,3.55,3.6,2107800000,1945525000,2107800000,4629566212,8,7.206,385600000,4.433,1.0,1191800000,0.155,1755700000,66000000,1850800000,1911600000,822000000,20900000,0,20900000,2657900000,1380700000,1277200000,4260366212,192800000,0,-170400000,0,0,-170000000,-74800000,0,438000000,-400000,318000000,318000000,318000000,-1800000,0,0.041,686100000,505700000,531700000,0.0,2.021,13.397,13.606,362200000,0,48.98,0.556,0.556,794300000,1581500000,7665100000,7665100000,0,0.067,0.163,0.27,0.067,24400000,620500000,1.0,86981752,86981752,,88.123,3010000000,168000000,131700000,143000000,34.605,1172700000
OSK,MRY,2014-12-31,2014-09-30,2014-09-30,2018-04-26,-69200000,4586700000,4637925000,2384300000,2202400000,1.468,23.349,-112100000,313800000,313800000,5625500000,309300000,1.818,1.311,895000000,20000000,875000000,895000000,0,126800000,310100000,0.014,0.6,505700000,632500000,0.093,632500000,505700000,434300000,3.66,3.61,3.66,1985000000,2087900000,1985000000,4127665451,8,6.526,58300000,0.686,1.0,1182700000,0.174,1683400000,71400000,2172900000,2087050000,960900000,21100000,0,21100000,2601700000,1311600000,1290100000,3753365451,-419700000,0,-352400000,-79100000,-50700000,-476000000,-114800000,0,170400000,700000,309300000,309300000,309300000,0,0,0.045,679400000,503300000,586700000,0.164,1.891,12.135,12.063,405500000,0,44.15,0.551,0.551,974900000,1840100000,6808200000,6808200000,0,0.067,0.148,0.242,0.074,25000000,624100000,1.0,85013940,85013940,,80.083,2903300000,89000000,125000000,125000000,34.151,1072700000
OSK,MRY,2015-12-31,2015-09-30,2015-09-30,2018-04-26,-144400000,4552700000,4550625000,2377100000,2175600000,1.34,24.402,-131200000,42900000,42900000,5058900000,229500000,1.63,1.382,927800000,83500000,844300000,927800000,0,124500000,440200000,0.019,0.68,398800000,523300000,0.086,523300000,398800000,328700000,2.94,2.9,2.94,1911100000,1927100000,1911100000,3699107326,9,7.069,-39800000,-0.508,1.0,1039200000,0.17,1607800000,70100000,2371700000,2392325000,1301700000,0,0,0,2641600000,1458100000,1183500000,2845307326,-270900000,-10000000,-200700000,28000000,-53100000,-221800000,-140100000,0,91400000,-400000,229500000,229500000,229500000,0,0,0.038,640600000,398600000,552800000,0.231,1.489,12.398,12.357,475800000,0,36.33,0.467,0.467,964600000,2016500000,6098100000,6098100000,0,0.05,0.119,0.167,0.065,21400000,587400000,1.0,78318396,78318396,,77.863,2944900000,0,99200000,42100000,37.602,919000000
OSK,MRY,2016-12-31,2016-09-30,2016-09-30,2018-04-26,-175000000,4513800000,4616900000,2417500000,2096300000,1.36,26.897,-87100000,321900000,321900000,5223400000,216400000,1.768,1.284,846200000,20000000,826200000,846200000,0,128800000,471800000,0.014,0.76,369200000,498000000,0.079,498000000,369200000,308800000,2.94,2.91,2.94,1976500000,1900425000,1976500000,5036636648,13,10.114,496800000,6.761,1.0,1055800000,0.168,1557000000,60400000,2113500000,2382975000,979800000,0,0,0,2537300000,1367600000,1169700000,4115136648,279000000,0,-84600000,-83500000,-55900000,-222000000,-89200000,0,583900000,6300000,216400000,216400000,216400000,0,0,0.034,691800000,364000000,466100000,0.259,2.082,19.016,19.048,452100000,0,56.0,0.655,0.655,1021900000,2177000000,6279200000,6279200000,0,0.047,0.114,0.155,0.059,18700000,612400000,1.0,73484583,73484583,,85.449,2956800000,0,92400000,0,40.237,1049900000
OSK,MRY,2017-12-31,2017-09-30,2017-09-30,2018-04-26,-125000000,5098900000,4917825000,3039800000,2059100000,1.389,30.835,-63700000,447000000,447000000,5655200000,285600000,1.806,1.21,830900000,23000000,807900000,830900000,0,130300000,513400000,0.01,0.84,472600000,602900000,0.088,602900000,472600000,412800000,3.82,3.77,3.82,2307400000,2125025000,2307400000,6633724206,14,11.003,182800000,2.443,1.0,1174400000,0.172,1520800000,59800000,2278900000,2173450000,1198400000,0,0,0,2791500000,1683100000,1108400000,6176424206,125100000,0,35100000,-17100000,-62800000,-44800000,-65200000,0,246500000,-11400000,285600000,285600000,285600000,0,0,0.042,711400000,463000000,651000000,0.22,2.677,21.626,21.607,469900000,0,82.54,0.904,0.904,1306300000,2399800000,6829600000,6829600000,0,0.058,0.134,0.217,0.069,22400000,665600000,1.0,74829467,74829467,,91.269,3578100000,0,127200000,0,47.817,1356700000
