ticker,dimension,calendardate,datekey,reportperiod,lastupdated,accoci,assets,assetsavg,assetsc,assetsnc,assetturnover,bvps,capex,cashneq,cashnequsd,cor,consolinc,currentratio,de,debt,debtc,debtnc,debtusd,deferredrev,depamor,deposits,divyield,dps,ebit,ebitda,ebitdamargin,ebitdausd,ebitusd,ebt,eps,epsdil,epsusd,equity,equityavg,equityusd,ev,evebit,evebitda,fcf,fcfps,fxusd,gp,grossmargin,intangibles,intexp,invcap,invcapavg,inventory,investments,investmentsc,investmentsnc,liabilities,liabilitiesc,liabilitiesnc,marketcap,ncf,ncfbus,ncfcommon,ncfdebt,ncfdiv,ncff,ncfi,ncfinv,ncfo,ncfx,netinc,netinccmn,netinccmnusd,netincdis,netincnci,netmargin,opex,opinc,payables,payoutratio,pb,pe,pe1,ppnenet,prefdivis,price,ps,ps1,receivables,retearn,revenue,revenueusd,rnd,roa,roe,roic,ros,sbcomp,sgna,sharefactor,sharesbas,shareswa,shareswadil,sps,tangibles,taxassets,taxexp,taxliabilities,tbvps,workingcapital
P,MRY,2011-12-31,2012-01-31,2012-01-31,2018-05-04,-5000,178015000,153695750,160125000,17890000,1.785,0.987,-11644000,44126000,44126000,171467000,-16107000,2.258,0.703,0,0,0,0,19232000,4455000,0,0.0,0.0,-15416000,-10961000,-0.04,-10961000,-15416000,-16032000,-0.19,-0.19,-0.19,104540000,56457000,104540000,2074556827,-134,-189.267,-6286000,-0.059,1.0,102873000,0.375,0,616000,62982000,36023250,0,46455000,46455000,0,73475000,70907000,2568000,2128432827,1078000,0,92706000,-7596000,0,54270000,-58550000,-46906000,5358000,0,-16107000,-19865000,-19865000,0,0,-0.072,113863000,-10990000,2053000,0.0,20.36,-107.145,-69.421,15576000,3758000,13.19,7.758,5.094,66738000,-101426000,274340000,274340000,13425000,-0.129,-0.352,-0.428,-0.056,9187000,100438000,1.0,161367159,105955000,105955000,2.589,178015000,0,75000,0,1.68,89218000
P,MRY,2012-12-31,2013-01-31,2013-01-31,2018-05-04,-6000,218832000,194240250,198614000,20218000,2.199,0.579,-7580000,65725000,65725000,291030000,-38148000,1.713,1.211,0,0,0,0,29266000,7076000,0,0.0,0.0,-38143000,-31067000,-0.073,-31067000,-38143000,-38143000,-0.23,-0.23,-0.23,98989000,97448500,98989000,1901554552,-49,-61.208,-7830000,-0.047,1.0,136115000,0.319,0,0,37137000,46681000,0,23247000,23247000,0,119843000,115970000,3873000,1959279552,21599000,0,6669000,0,0,6669000,15185000,22765000,-250000,-5000,-38148000,-38148000,-38148000,0,0,-0.089,173817000,-37702000,4471000,0.0,19.793,-51.36,-50.087,17758000,0,11.52,4.587,4.539,103410000,-139574000,427145000,427145000,18901000,-0.196,-0.391,-0.817,-0.089,25500000,154916000,1.0,170076350,168294000,168294000,2.538,218832000,0,5000,0,1.28,82644000
P,MRY,2014-12-31,2014-12-31,2014-12-31,2018-05-04,-676000,749290000,698319500,588414000,160876000,1.319,2.798,-25465000,175957000,175957000,508004000,-30406000,3.945,0.284,0,0,0,0,14412000,15431000,0,0.0,0.0,-29294000,-13863000,-0.015,-13863000,-29294000,-29822000,-0.15,-0.15,-0.15,583357000,537701250,583357000,3561302449,-121,-256.893,-4436000,-0.022,1.0,412798000,0.448,6939000,528000,417234000,387042000,0,282874000,178631000,104243000,165933000,149160000,16773000,3710186449,-69798000,0,23332000,0,0,21661000,-112200000,-82161000,21029000,-288000,-30406000,-30406000,-30406000,0,0,-0.033,442926000,-30128000,10825000,0.0,6.36,-122.022,-118.867,42921000,0,17.83,4.029,3.975,218437000,-196997000,920802000,920802000,53153000,-0.044,-0.057,-0.076,-0.032,86707000,389773000,1.0,208086733,205273000,205273000,4.486,742351000,0,584000,0,3.561,439254000
P,MRY,2015-12-31,2015-12-31,2015-12-31,2018-05-04,-517000,1240657000,897925500,683506000,557151000,1.296,3.368,-23512000,334667000,334667000,697455000,-169661000,2.948,0.669,234577000,0,234577000,234577000,19939000,24458000,0,0.0,0.0,-169235000,-144777000,-0.124,-144777000,-169235000,-171211000,-0.79,-0.79,-0.79,743387000,601057250,743387000,2618943021,-15,-18.089,-65594000,-0.307,1.0,466588000,0.401,414620000,1976000,494116000,375840750,0,82213000,35844000,46369000,497270000,231831000,265439000,2861924021,158710000,-269566000,12744000,345000000,0,303135000,-102266000,199374000,-42082000,-77000,-169661000,-169661000,-169661000,0,0,-0.146,636579000,-169991000,17897000,0.0,3.85,-16.868,-16.975,66370000,0,13.41,2.459,2.463,277075000,-366658000,1164043000,1164043000,84135000,-0.189,-0.282,-0.45,-0.145,111645000,552444000,1.0,213417153,213790000,213790000,5.445,826037000,0,-1550000,0,3.743,451675000
P,MRY,2016-12-31,2016-12-31,2016-12-31,2018-05-04,-822000,1184810000,1193297000,625821000,558989000,1.161,2.367,-59769000,199944000,199944000,896350000,-342978000,2.463,1.138,342247000,0,342247000,342247000,28359000,60757000,0,0.0,0.0,-317062000,-256305000,-0.185,-256305000,-317062000,-343206000,-1.49,-1.49,-1.49,554259000,614989500,554259000,3172428959,-10,-12.378,-241460000,-1.047,1.0,488476000,0.353,397116000,26144000,675880000,587328750,0,43361000,37109000,6252000,630551000,254117000,376434000,3042694959,-134723000,-676000,13158000,90000000,0,99757000,-52155000,38750000,-181691000,-634000,-342978000,-342978000,-342978000,0,0,-0.248,807235000,-318759000,15224000,0.0,5.49,-8.871,-8.752,124088000,0,13.04,2.197,2.172,309267000,-709636000,1384826000,1384826000,140707000,-0.287,-0.558,-0.54,-0.229,138458000,666528000,1.0,233335503,230693000,230693000,6.003,787694000,0,-228000,0,3.363,371704000
P,MRY,2017-12-31,2017-12-31,2017-12-31,2018-05-04,-217000,1166322000,1115161500,912164000,254158000,1.315,0.611,-15656000,499597000,499597000,967067000,-518395000,4.031,3.424,273014000,0,273014000,273014000,31464000,62948000,0,0.0,0.0,-530016000,-467068000,-0.318,-467068000,-530016000,-559351000,-2.29,-2.29,-2.29,152678000,249711250,152678000,973344321,-1,-2.084,-226365000,-0.929,1.0,499745000,0.341,90652000,29335000,622806000,673386250,0,36721000,1250000,35471000,522795000,226281000,296514000,1199129321,299653000,124319000,20704000,-90000000,0,380193000,129946000,42082000,-210709000,223000,-558561000,-558561000,-558561000,0,40166000,-0.381,992619000,-492874000,14896000,0.0,7.854,-2.147,-2.105,116742000,0,4.82,0.818,0.801,336429000,-1269351000,1466812000,1466812000,154325000,-0.501,-2.237,-0.787,-0.361,128431000,683253000,1.0,248782017,243637000,243637000,6.02,1075670000,0,-790000,0,4.306,685883000
