ticker,dimension,calendardate,datekey,reportperiod,lastupdated,accoci,assets,assetsavg,assetsc,assetsnc,assetturnover,bvps,capex,cashneq,cashnequsd,cor,consolinc,currentratio,de,debt,debtc,debtnc,debtusd,deferredrev,depamor,deposits,divyield,dps,ebit,ebitda,ebitdamargin,ebitdausd,ebitusd,ebt,eps,epsdil,epsusd,equity,equityavg,equityusd,ev,evebit,evebitda,fcf,fcfps,fxusd,gp,grossmargin,intangibles,intexp,invcap,invcapavg,inventory,investments,investmentsc,investmentsnc,liabilities,liabilitiesc,liabilitiesnc,marketcap,ncf,ncfbus,ncfcommon,ncfdebt,ncfdiv,ncff,ncfi,ncfinv,ncfo,ncfx,netinc,netinccmn,netinccmnusd,netincdis,netincnci,netmargin,opex,opinc,payables,payoutratio,pb,pe,pe1,ppnenet,prefdivis,price,ps,ps1,receivables,retearn,revenue,revenueusd,rnd,roa,roe,roic,ros,sbcomp,sgna,sharefactor,sharesbas,shareswa,shareswadil,sps,tangibles,taxassets,taxexp,taxliabilities,tbvps,workingcapital
PAG,MRY,2011-12-31,2011-12-31,2011-12-31,2018-04-28,-24191000,4499401000,4275396250,2224444000,2274957000,2.582,12.969,-131700000,27201000,27201000,9287300000,178300000,1.034,2.925,2485351000,1638574000,846777000,2485351000,0,46400000,0,0.012,0.24,319600000,366000000,0.033,366000000,319600000,248700000,1.94,1.94,1.94,1145144000,1116300000,1145144000,4081133014,12,11.151,-69100000,-0.758,1.0,1752100000,0.159,1123206000,70900000,3682792000,3462136000,1535386000,298640000,0,298640000,3349829000,2151553000,1198276000,1737154014,8900000,-232100000,-40900000,264900000,-22000000,217300000,-271000000,0,62600000,0,176900000,176900000,176900000,-2100000,1400000,0.016,1456900000,295200000,214870000,0.124,1.517,9.82,9.923,839630000,0,19.25,0.157,0.159,429633000,466991000,11039400000,11039400000,0,0.041,0.158,0.092,0.029,0,1410500000,1.0,90241767,91153620,91274132,121.108,3376195000,0,71800000,205845000,38.237,72891000
PAG,MRY,2012-12-31,2012-12-31,2012-12-31,2018-04-28,-6800000,5379000000,5032702500,2783900000,2595100000,2.564,14.446,-150900000,43500000,43500000,10927000000,187200000,1.033,3.115,3052900000,2135800000,917100000,3052900000,0,52200000,0,0.015,0.46,364200000,416400000,0.032,416400000,364200000,280100000,2.05,2.05,2.05,1304200000,1236493250,1304200000,5480146226,15,13.161,175200000,1.94,1.0,1975600000,0.153,1248300000,84100000,4445000000,4049038500,1975700000,303200000,0,303200000,4062700000,2695100000,1367600000,2716059226,17100000,-233300000,-9800000,115000000,-41500000,61700000,-370700000,1600000,326100000,0,185500000,185500000,185500000,9000000,1700000,0.014,1610500000,365100000,261100000,0.224,2.083,14.642,14.678,1022900000,0,30.09,0.211,0.211,550900000,611000000,12902600000,12902600000,0,0.037,0.15,0.09,0.028,0,1558300000,1.0,90264514,90318315,90342315,142.857,4130700000,0,94600000,287800000,45.753,88800000
PAG,MRY,2013-12-31,2013-12-31,2013-12-31,2018-04-28,11600000,6415500000,5844729500,3488100000,2927400000,2.478,16.679,-175000000,50300000,50300000,12281500000,245700000,1.031,3.253,3569100000,2587300000,981800000,3569100000,0,59600000,0,0.013,0.62,456200000,515800000,0.036,515800000,456200000,367500000,2.71,2.7,2.71,1504400000,1400426250,1504400000,7582930528,16,14.701,144600000,1.602,1.0,2201000000,0.152,1430100000,88700000,5120500000,4756704750,2501400000,346900000,0,346900000,4893400000,3383700000,1509700000,4253831528,6400000,-314000000,-15800000,272200000,-56000000,244700000,-557900000,0,319600000,0,244200000,244200000,244200000,2800000,1500000,0.017,1771200000,429800000,369000000,0.229,2.828,17.419,17.402,1119500000,0,47.16,0.294,0.294,594900000,799200000,14482500000,14482500000,0,0.042,0.174,0.096,0.032,0,1711600000,1.0,90199990,90273747,90330621,160.429,4985400000,0,123300000,361400000,55.274,104400000
PAG,MRY,2014-12-31,2014-12-31,2014-12-31,2018-04-28,-53300000,7228200000,6816250000,3860200000,3368000000,2.528,18.349,-176100000,36300000,36300000,14652800000,290100000,1.063,3.356,4099600000,2783600000,1316000000,4099600000,0,70200000,0,0.016,0.78,539100000,609300000,0.035,609300000,539100000,439800000,3.17,3.17,3.17,1652800000,1621225000,1652800000,8010054739,14,13.146,191800000,2.124,1.0,2579200000,0.15,1657000000,99300000,6004200000,5539475000,2836400000,352800000,0,352800000,5547000000,3630300000,1916700000,4427454739,-14000000,-355000000,-15500000,250400000,-70500000,153300000,-533900000,0,367900000,-1300000,286700000,286700000,286700000,14700000,3400000,0.017,2078800000,500400000,422500000,0.246,2.679,15.443,15.479,1331600000,0,49.07,0.257,0.257,707100000,1015400000,17232000000,17232000000,0,0.042,0.177,0.097,0.031,0,2008600000,1.0,90227323,90318839,90354839,190.791,5571200000,0,153100000,409900000,61.85,229900000
PAG,MRY,2015-12-31,2015-12-31,2015-12-31,2018-04-28,-122500000,8013400000,7587450000,4406500000,3606900000,2.542,20.242,-199500000,62400000,62400000,16417400000,330400000,1.028,3.451,4654600000,3407600000,1247000000,4654600000,0,78000000,0,0.022,0.94,598000000,676000000,0.035,676000000,598000000,484100000,3.63,3.63,3.63,1790200000,1740225000,1790200000,8117319131,13,12.008,192800000,2.148,1.0,2867500000,0.149,1731200000,113900000,6588700000,6162325000,3463500000,336400000,0,336400000,6178500000,4285700000,1892800000,3813519131,26100000,-156900000,-48900000,90300000,-84800000,-142700000,-222100000,0,392300000,-1400000,326100000,326100000,326100000,3500000,4300000,0.017,2301000000,566500000,493800000,0.259,2.13,11.694,11.664,1520100000,0,42.34,0.198,0.197,782300000,1256700000,19284900000,19284900000,0,0.043,0.187,0.097,0.031,0,2223000000,1.0,90068945,89759626,89759626,214.85,6282200000,0,158000000,433400000,71.035,120800000
PAG,MRY,2016-12-31,2016-12-31,2016-12-31,2018-04-28,-250700000,8833000000,8410125000,4393500000,4439500000,2.392,20.502,-203100000,24000000,24000000,17151900000,346400000,1.039,4.028,5194900000,3366100000,1828800000,5194900000,0,89700000,0,0.021,1.1,639900000,729600000,0.036,729600000,639900000,503600000,3.99,3.99,3.99,1750900000,1720150000,1750900000,9422031875,14,12.914,169800000,1.974,1.0,2966600000,0.147,1711300000,136300000,8063000000,7358700000,3408200000,893400000,0,893400000,7053500000,4229600000,2823900000,4415531875,-38400000,-639300000,-173600000,717200000,-95100000,432800000,-835000000,0,372900000,-9100000,342900000,342900000,342900000,1000000,3500000,0.017,2391700000,574900000,497400000,0.276,2.522,12.877,12.992,1806500000,0,51.84,0.219,0.222,879000000,1504500000,20118500000,20118500000,0,0.041,0.199,0.087,0.032,0,2302000000,1.0,85176155,86000754,86000754,233.934,7121700000,0,160700000,564600000,83.389,163900000
PAG,MRY,2017-12-31,2017-12-31,2017-12-31,2018-04-28,-146500000,10540600000,9982550000,5026500000,5514100000,2.142,27.913,-247000000,45700000,45700000,18164400000,612800000,1.005,3.387,5925000000,3834600000,2090400000,5925000000,0,95100000,0,0.026,1.26,719300000,814400000,0.038,814400000,719300000,548500000,7.14,7.14,7.14,2395200000,2081550000,2395200000,9915704542,13,12.175,376500000,4.384,1.0,3222500000,0.151,2134500000,170800000,9285000000,8872275000,3944100000,1256600000,0,1256600000,8112600000,5000400000,3112200000,4104004542,21700000,-688800000,-18500000,455300000,-108400000,322400000,-926300000,22200000,623500000,2100000,613300000,613300000,613300000,200000,-500000,0.029,2611100000,611400000,641600000,0.176,1.713,6.692,6.702,2108600000,0,47.85,0.192,0.192,954900000,2009400000,21386900000,21386900000,0,0.061,0.295,0.081,0.034,0,2516000000,1.0,85768120,85877227,85877227,249.04,8406100000,0,-64800000,481500000,97.963,26100000
