ticker,dimension,calendardate,datekey,reportperiod,lastupdated,accoci,assets,assetsavg,assetsc,assetsnc,assetturnover,bvps,capex,cashneq,cashnequsd,cor,consolinc,currentratio,de,debt,debtc,debtnc,debtusd,deferredrev,depamor,deposits,divyield,dps,ebit,ebitda,ebitdamargin,ebitdausd,ebitusd,ebt,eps,epsdil,epsusd,equity,equityavg,equityusd,ev,evebit,evebitda,fcf,fcfps,fxusd,gp,grossmargin,intangibles,intexp,invcap,invcapavg,inventory,investments,investmentsc,investmentsnc,liabilities,liabilitiesc,liabilitiesnc,marketcap,ncf,ncfbus,ncfcommon,ncfdebt,ncfdiv,ncff,ncfi,ncfinv,ncfo,ncfx,netinc,netinccmn,netinccmnusd,netincdis,netincnci,netmargin,opex,opinc,payables,payoutratio,pb,pe,pe1,ppnenet,prefdivis,price,ps,ps1,receivables,retearn,revenue,revenueusd,rnd,roa,roe,roic,ros,sbcomp,sgna,sharefactor,sharesbas,shareswa,shareswadil,sps,tangibles,taxassets,taxexp,taxliabilities,tbvps,workingcapital
PDCO,MRY,2011-12-31,2011-04-30,2011-04-30,2018-03-07,41950000,2564968000,2516638000,1230709000,1334259000,1.357,13.278,-36822000,388665000,388665000,2271445000,225385000,3.349,0.644,525000000,0,525000000,525000000,0,41339000,0,0.012,0.42,381727000,423066000,0.124,423066000,381727000,355887000,1.91,1.89,1.91,1560540000,1524844750,1560540000,4401997546,11,10.405,225790000,1.909,1.0,1144225000,0.335,1022832000,25840000,1311040000,1306909500,336094000,0,0,0,1004428000,367431000,636997000,4265036546,48074000,-52187000,-85213000,0,-49992000,-133222000,-89009000,0,262612000,7693000,225385000,225385000,225385000,0,0,0.066,768217000,376008000,210033000,0.22,2.733,18.923,18.173,189583000,0,34.71,1.249,1.202,555455000,1632497000,3415670000,3415670000,0,0.09,0.148,0.292,0.112,11318000,768217000,1.0,122876305,118290000,119066000,28.875,1542136000,0,130502000,78239000,13.121,863278000
PDCO,MRY,2012-12-31,2012-04-28,2012-04-28,2018-03-07,32455000,2739368000,2580117250,1403513000,1335855000,1.37,12.99,-29650000,573781000,573781000,2373147000,212815000,2.65,0.992,850000000,125000000,725000000,850000000,0,42209000,0,0.015,0.5,360155000,402364000,0.114,402364000,360155000,329812000,1.93,1.92,1.93,1375202000,1416146250,1375202000,4083910419,11,10.15,291508000,2.647,1.0,1162514000,0.329,1022809000,30343000,1463130000,1417913750,319952000,0,0,0,1364166000,529648000,834518000,3772002419,185116000,-22620000,-348758000,323138000,-54741000,-78059000,-52270000,0,321158000,-5713000,212815000,212815000,212815000,0,0,0.06,804505000,358009000,207915000,0.259,2.743,17.724,17.611,195465000,0,33.99,1.067,1.059,556918000,1456233000,3535661000,3535661000,0,0.082,0.15,0.254,0.102,12000000,804505000,1.0,110973887,110121000,110846000,32.107,1716559000,0,116997000,81856000,16.214,873865000
PDCO,MRY,2013-12-31,2013-04-27,2013-04-27,2018-03-07,25165000,2681778000,2659995000,1361336000,1320442000,1.367,13.773,-21983000,505228000,505228000,2446443000,210272000,3.035,0.923,725000000,0,725000000,725000000,0,46002000,0,0.015,0.58,357514000,403516000,0.111,403516000,357514000,321117000,2.04,2.03,2.04,1394455000,1366919000,1394455000,4282484903,11,10.613,277212000,2.691,1.0,1190769000,0.327,1020396000,36397000,1432635000,1445236250,360563000,0,0,0,1287323000,448519000,838804000,3979933903,-68553000,-14650000,-166394000,-125000000,-43767000,-331098000,-30038000,0,299195000,-6612000,210272000,210272000,210272000,0,0,0.058,836314000,354455000,249795000,0.284,2.854,18.928,18.368,192020000,0,37.47,1.094,1.061,533585000,1463358000,3637212000,3637212000,0,0.079,0.154,0.247,0.098,32715000,836314000,1.0,106216544,103030000,103807000,35.302,1661382000,0,110845000,93329000,16.409,912817000
PDCO,MRY,2014-12-31,2014-04-26,2014-04-26,2018-03-07,25370000,2864677000,2887942750,1415717000,1448960000,1.241,14.76,-34041000,264908000,264908000,2566444000,200612000,2.605,0.947,725000000,0,725000000,725000000,0,42446000,0,0.017,0.68,326256000,368702000,0.103,368702000,326256000,290543000,1.99,1.97,1.99,1471664000,1441385500,1471664000,4687483265,14,12.713,161795000,1.606,1.0,1018697000,0.284,1067583000,35713000,1713723000,1600029000,436463000,40775000,40775000,0,1393013000,543463000,849550000,4251458265,-240320000,-145815000,-76269000,0,-85657000,-160201000,-283764000,-99672000,195836000,7809000,200612000,200612000,200612000,-29280000,0,0.056,724971000,293726000,342056000,0.342,2.889,21.192,20.558,204939000,0,40.91,1.186,1.149,698115000,1531198000,3585141000,3585141000,0,0.069,0.139,0.204,0.091,15642000,724971000,1.0,103922226,100727000,101643000,35.593,1797094000,0,89931000,94004000,18.024,872254000
PDCO,MRY,2015-12-31,2015-04-25,2015-04-25,2018-03-07,-60346000,2945248000,2893350250,1573225000,1372023000,1.352,15.297,-60662000,347260000,347260000,2850316000,223261000,2.723,0.945,722542000,0,722542000,722542000,0,44523000,0,0.017,0.82,351189000,395712000,0.101,395712000,351189000,317496000,2.26,2.24,2.26,1514123000,1475153250,1514123000,5410049765,15,13.672,202029000,2.041,1.0,1060549000,0.271,424949000,33693000,2317896000,1858127500,408422000,53372000,53372000,0,1431125000,577685000,853440000,4974771765,82352000,-10515000,-40239000,0,-81760000,-150935000,-9599000,40232000,262691000,-19805000,223261000,223261000,223261000,-43178000,0,0.057,755963000,304586000,323294000,0.363,3.286,22.282,21.323,204133000,0,48.19,1.272,1.22,657949000,1630148000,3910865000,3910865000,0,0.077,0.151,0.189,0.09,22815000,755963000,1.0,103232450,98989000,99694000,39.508,2520299000,0,94235000,41413000,25.462,995540000
PDCO,MRY,2016-12-31,2016-04-30,2016-04-30,2018-03-07,-67964000,3520804000,3691991500,1747541000,1773263000,1.459,15.103,-79354000,137453000,137453000,4063955000,187184000,2.107,1.442,1058655000,36500000,1022155000,1058655000,0,82383000,0,0.021,0.9,353258000,435641000,0.081,435641000,353258000,303193000,1.93,1.91,1.93,1441746000,1420400750,1441746000,5442557150,15,12.493,76975000,0.792,1.0,1322748000,0.246,1325889000,50065000,2286782000,2696466250,722140000,0,0,0,2079058000,829335000,1249723000,4295508150,-209807000,-1106583000,-195175000,326025000,-90597000,42869000,-400634000,48744000,156329000,-8371000,187184000,187184000,187184000,-1500000,0,0.035,975035000,347713000,566253000,0.466,2.979,22.948,22.461,293315000,0,43.35,0.797,0.782,884941000,1529158000,5386703000,5386703000,0,0.051,0.132,0.131,0.066,26195000,975035000,1.0,99089000,97222000,97902000,55.406,2194915000,0,116009000,206896000,22.993,918206000
PDCO,MRY,2017-12-31,2017-04-29,2017-04-29,2018-03-07,-92669000,3507913000,3547902500,1803593000,1704320000,1.576,14.861,-47019000,94959000,94959000,4291730000,170893000,1.995,1.516,1072026000,73754000,998272000,1072026000,0,83818000,0,0.022,0.98,291046000,374864000,0.067,374864000,291046000,247986000,1.8,1.79,1.8,1394433000,1401149250,1394433000,5414281660,18,14.443,115700000,1.219,1.0,1301397000,0.233,1238983000,43060000,2342066000,2408395250,711903000,0,0,0,2113480000,903931000,1209549000,4321491660,-42494000,0,-116663000,12762000,-95910000,-202163000,1193000,0,162719000,-4243000,170893000,170893000,170893000,2895000,0,0.031,1013469000,287928000,616859000,0.544,3.099,25.288,24.717,298452000,0,44.49,0.773,0.755,986332000,1481234000,5593127000,5593127000,0,0.048,0.122,0.121,0.052,19025000,1013469000,1.0,97134000,94897000,95567000,58.939,2268930000,0,77093000,0,24.181,899662000
