ticker,dimension,calendardate,datekey,reportperiod,lastupdated,accoci,assets,assetsavg,assetsc,assetsnc,assetturnover,bvps,capex,cashneq,cashnequsd,cor,consolinc,currentratio,de,debt,debtc,debtnc,debtusd,deferredrev,depamor,deposits,divyield,dps,ebit,ebitda,ebitdamargin,ebitdausd,ebitusd,ebt,eps,epsdil,epsusd,equity,equityavg,equityusd,ev,evebit,evebitda,fcf,fcfps,fxusd,gp,grossmargin,intangibles,intexp,invcap,invcapavg,inventory,investments,investmentsc,investmentsnc,liabilities,liabilitiesc,liabilitiesnc,marketcap,ncf,ncfbus,ncfcommon,ncfdebt,ncfdiv,ncff,ncfi,ncfinv,ncfo,ncfx,netinc,netinccmn,netinccmnusd,netincdis,netincnci,netmargin,opex,opinc,payables,payoutratio,pb,pe,pe1,ppnenet,prefdivis,price,ps,ps1,receivables,retearn,revenue,revenueusd,rnd,roa,roe,roic,ros,sbcomp,sgna,sharefactor,sharesbas,shareswa,shareswadil,sps,tangibles,taxassets,taxexp,taxliabilities,tbvps,workingcapital
PDEX,MRY,2011-12-31,2011-06-30,2011-06-30,2018-05-11,0,15561000,14105000,11840000,3721000,1.706,3.155,-265000,4689000,4689000,13919000,2640000,2.945,0.507,1131000,357000,774000,1131000,0,697000,0,0.0,0.0,3318000,4015000,0.167,4015000,3318000,3170000,0.81,0.85,0.81,10324000,8990500,10324000,4248488,1,1.058,2633000,0.806,1.0,10141000,0.421,0,148000,7982000,8013500,3703000,0,0,0,5237000,4021000,1216000,6806488,895000,0,26000,-1764000,0,-1738000,-265000,0,2898000,0,2640000,2640000,2640000,160000,0,0.11,6663000,3478000,1207000,0.0,0.659,2.578,2.568,3661000,0,2.08,0.283,0.282,3140000,-6420000,24060000,24060000,1889000,0.187,0.294,0.414,0.138,43000,4774000,1.0,3272350,3264936,3287415,7.369,15561000,163000,530000,241000,4.755,7819000
PDEX,MRY,2012-12-31,2012-06-30,2012-06-30,2018-05-11,0,12822000,14461250,9497000,3325000,1.193,2.918,-259000,4112000,4112000,11841000,-876000,3.299,0.343,774000,774000,0,774000,20000,647000,0,0.0,0.0,-1281000,-634000,-0.037,-634000,-1281000,-1317000,-0.27,-0.27,-0.27,9550000,10227000,9550000,2626870,-2,-4.143,-214000,-0.065,1.0,5416000,0.314,0,36000,6605000,7473000,2791000,0,0,0,3272000,2879000,393000,6642870,-577000,0,-6000,-357000,0,-363000,-259000,0,45000,0,-876000,-876000,-876000,-84000,0,-0.051,6781000,-1365000,633000,0.0,0.696,-7.583,-7.519,3272000,0,2.03,0.385,0.385,1704000,-7296000,17257000,17257000,2068000,-0.061,-0.086,-0.171,-0.074,108000,4713000,1.0,3272350,3272350,3272350,5.274,12822000,718000,-441000,156000,3.918,6618000
PDEX,MRY,2013-12-31,2013-06-30,2013-06-30,2018-05-11,5000,10595000,11434750,7347000,3248000,1.071,2.371,-86000,1680000,1680000,8533000,-1784000,3.175,0.335,20000,5000,15000,20000,141000,582000,0,0.0,0.0,-1812000,-1230000,-0.1,-1230000,-1812000,-1823000,-0.54,-0.54,-0.54,7937000,8849250,7937000,4368299,-2,-3.551,-1357000,-0.409,1.0,3716000,0.303,0,11000,6621000,6893250,3834000,370000,0,370000,2658000,2314000,344000,6385299,-2432000,0,66000,-775000,0,-709000,-452000,-366000,-1271000,0,-1784000,-1784000,-1784000,-80000,0,-0.146,5611000,-1895000,844000,0.0,0.804,-3.579,-3.519,2798000,0,1.9,0.521,0.515,1617000,-9080000,12249000,12249000,1790000,-0.156,-0.202,-0.263,-0.148,100000,3821000,1.0,3360684,3321732,3321732,3.688,10595000,59000,-39000,107000,3.165,5033000
PDEX,MRY,2014-12-31,2014-06-30,2014-06-30,2018-05-11,202000,11708000,10685000,8893000,2815000,1.012,2.339,-46000,3188000,3188000,7846000,-488000,4.181,0.27,15000,8000,7000,15000,232000,527000,0,0.0,0.0,-584000,-57000,-0.005,-57000,-584000,-592000,-0.14,-0.14,-0.14,9216000,8289500,9216000,6933139,-11,-121.634,-375000,-0.107,1.0,2966000,0.274,105000,8000,6303000,6463750,2600000,1058000,0,1058000,2492000,2127000,365000,8843139,1508000,0,1513000,-5000,0,1514000,323000,474000,-329000,0,-488000,-488000,-488000,-163000,0,-0.045,3780000,-814000,744000,0.0,0.96,-18.121,-15.0,1575000,0,2.1,0.818,0.678,2880000,-9568000,10812000,10812000,1482000,-0.046,-0.059,-0.09,-0.054,50000,2298000,1.0,4211019,3493151,3493151,3.095,11603000,115000,-104000,168000,2.944,6766000
PDEX,MRY,2015-12-31,2015-06-30,2015-06-30,2018-05-11,0,12516000,12155250,8408000,4108000,1.101,2.048,-243000,697000,697000,9679000,-365000,2.276,0.476,101000,31000,70000,101000,594000,578000,0,0.0,0.0,-403000,175000,0.013,175000,-403000,-409000,-0.09,-0.09,-0.09,8478000,8706250,8478000,8320614,-20,47.546,-1018000,-0.244,1.0,3704000,0.277,900000,6000,7326000,6617500,4310000,1652000,0,1652000,4038000,3694000,344000,9686614,-2491000,-866000,-188000,-15000,0,-203000,-1513000,-340000,-775000,0,-365000,-365000,-365000,-37000,0,-0.027,4606000,-902000,1867000,0.0,1.143,-26.539,-26.0,1470000,0,2.34,0.724,0.729,2354000,-9933000,13383000,13383000,1668000,-0.03,-0.042,-0.061,-0.03,17000,2938000,1.0,4139579,4169326,4169326,3.21,11616000,70000,-44000,70000,2.806,4714000
PDEX,MRY,2016-12-31,2016-06-30,2016-06-30,2018-05-11,0,11147000,11775250,9291000,1856000,1.63,2.149,-293000,2294000,2294000,14271000,822000,4.309,0.256,72000,26000,46000,72000,212000,614000,0,0.0,0.0,884000,1498000,0.078,1498000,884000,847000,0.2,0.2,0.2,8877000,8785750,8877000,21678256,24,14.471,173000,0.042,1.0,4918000,0.256,563000,37000,6206000,7312750,3364000,0,0,0,2270000,2156000,114000,23054256,1597000,1905000,-427000,-30000,0,-457000,1588000,0,466000,0,822000,822000,822000,281000,0,0.043,4111000,807000,841000,0.0,2.597,28.047,27.8,1222000,0,5.56,1.201,1.2,2979000,-9111000,19189000,19189000,1204000,0.07,0.094,0.121,0.046,4000,2662000,1.0,4146449,4141353,4173556,4.634,10584000,0,25000,1000,2.562,7135000
PDEX,MRY,2017-12-31,2017-06-30,2017-06-30,2018-05-11,33000,16351000,14675750,12283000,4068000,1.495,3.41,-603000,4205000,4205000,14757000,5084000,4.761,0.193,119000,58000,61000,119000,19000,555000,0,0.0,0.0,3007000,3562000,0.162,3562000,3007000,2995000,1.26,1.25,1.26,13710000,11999500,13710000,21121243,7,5.93,2632000,0.651,1.0,7186000,0.327,149000,12000,9536000,8809000,3084000,1168000,718000,450000,2641000,2580000,61000,24687243,1911000,722000,-239000,-59000,0,-298000,-1026000,-1113000,3235000,0,5084000,5084000,5084000,-243000,0,0.232,4452000,2734000,1159000,0.0,1.801,4.856,4.881,1350000,0,6.15,1.125,1.132,3538000,-4027000,21943000,21943000,1225000,0.346,0.424,0.341,0.137,3000,3114000,1.0,4014186,4040308,4077575,5.431,16202000,2048000,-2089000,0,4.03,9703000
