ticker,dimension,calendardate,datekey,reportperiod,lastupdated,accoci,assets,assetsavg,assetsc,assetsnc,assetturnover,bvps,capex,cashneq,cashnequsd,cor,consolinc,currentratio,de,debt,debtc,debtnc,debtusd,deferredrev,depamor,deposits,divyield,dps,ebit,ebitda,ebitdamargin,ebitdausd,ebitusd,ebt,eps,epsdil,epsusd,equity,equityavg,equityusd,ev,evebit,evebitda,fcf,fcfps,fxusd,gp,grossmargin,intangibles,intexp,invcap,invcapavg,inventory,investments,investmentsc,investmentsnc,liabilities,liabilitiesc,liabilitiesnc,marketcap,ncf,ncfbus,ncfcommon,ncfdebt,ncfdiv,ncff,ncfi,ncfinv,ncfo,ncfx,netinc,netinccmn,netinccmnusd,netincdis,netincnci,netmargin,opex,opinc,payables,payoutratio,pb,pe,pe1,ppnenet,prefdivis,price,ps,ps1,receivables,retearn,revenue,revenueusd,rnd,roa,roe,roic,ros,sbcomp,sgna,sharefactor,sharesbas,shareswa,shareswadil,sps,tangibles,taxassets,taxexp,taxliabilities,tbvps,workingcapital
PEP,MRY,2011-12-31,2011-12-31,2011-12-31,2018-04-26,-6229000000,72882000000,74256250000,17441000000,55441000000,0.896,13.221,-3255000000,4067000000,4067000000,31593000000,6462000000,0.961,2.511,26773000000,6205000000,20568000000,26773000000,0,2737000000,0,0.031,2.025,9671000000,12408000000,0.187,12408000000,9671000000,8815000000,4.08,4.03,4.08,20704000000,22639000000,20704000000,127500268362,13,10.276,5689000000,3.61,1.0,34911000000,0.525,33245000000,856000000,44189000000,46351500000,3827000000,1835000000,358000000,1477000000,51983000000,18154000000,33829000000,103732268362,-1876000000,-2413000000,-1544000000,936000000,-3157000000,-5135000000,-5618000000,66000000,8944000000,-67000000,6443000000,6443000000,6443000000,0,19000000,0.097,25278000000,9633000000,11757000000,0.496,5.01,16.1,16.262,19698000000,0,66.35,1.56,1.572,6912000000,40316000000,66504000000,66504000000,0,0.087,0.285,0.209,0.145,256000000,25145000000,1.0,1563410224,1576000000,1597000000,42.198,39637000000,0,2372000000,5187000000,25.311,-713000000
PEP,MRY,2012-12-31,2012-12-29,2012-12-29,2018-04-26,-5487000000,74638000000,73859000000,18720000000,55918000000,0.887,14.491,-2619000000,6297000000,6297000000,31291000000,6214000000,1.095,2.33,28359000000,4815000000,23544000000,28359000000,0,2689000000,0,0.031,2.127,9167000000,11856000000,0.181,11856000000,9167000000,8268000000,3.96,3.92,3.96,22417000000,21827750000,22417000000,127850975206,13,10.784,5860000000,3.764,1.0,34201000000,0.522,33496000000,899000000,46115000000,46707750000,3581000000,1955000000,322000000,1633000000,52239000000,17089000000,35150000000,105216975206,2230000000,-459000000,-2097000000,2089000000,-3305000000,-3306000000,-3005000000,61000000,8479000000,62000000,6178000000,6178000000,6178000000,0,36000000,0.094,25089000000,9112000000,11903000000,0.537,4.694,17.031,17.177,19136000000,0,68.02,1.607,1.617,7041000000,43158000000,65492000000,65492000000,0,0.084,0.283,0.196,0.14,154000000,24970000000,1.0,1546853502,1557000000,1575000000,42.063,41142000000,0,2090000000,5434000000,26.595,1631000000
PEP,MRY,2013-12-31,2013-12-28,2013-12-28,2018-04-26,-5127000000,77478000000,76575000000,22203000000,55275000000,0.867,15.922,-2686000000,9375000000,9375000000,31243000000,6787000000,1.245,2.175,29639000000,5306000000,24333000000,29639000000,0,2663000000,0,0.027,2.24,9755000000,12418000000,0.187,12418000000,9755000000,8844000000,4.37,4.32,4.37,24409000000,23021250000,24409000000,147189016795,15,11.853,7002000000,4.544,1.0,35172000000,0.53,32652000000,911000000,47251000000,46622000000,3409000000,2926000000,303000000,2623000000,53089000000,17839000000,35250000000,126844016795,3078000000,21000000,-1878000000,1466000000,-3434000000,-3789000000,-2625000000,61000000,9688000000,-196000000,6740000000,6740000000,6740000000,0,47000000,0.101,25467000000,9705000000,12533000000,0.513,5.197,18.82,18.927,18575000000,0,82.71,1.91,1.919,6954000000,46420000000,66415000000,66415000000,0,0.088,0.293,0.209,0.147,186000000,25357000000,1.0,1533599526,1541000000,1560000000,43.099,44826000000,0,2104000000,5986000000,29.241,4364000000
PEP,MRY,2014-12-31,2014-12-27,2014-12-27,2018-04-26,-10669000000,70509000000,77225250000,20663000000,49846000000,0.863,11.742,-2744000000,6134000000,6134000000,31238000000,6558000000,1.142,3.013,28897000000,5076000000,23821000000,28897000000,0,2625000000,0,0.026,2.533,9621000000,12246000000,0.184,12246000000,9621000000,8712000000,4.31,4.27,4.31,17578000000,21823750000,17578000000,170705614241,17,13.94,7762000000,5.144,1.0,35445000000,0.532,29053000000,909000000,46127000000,49749000000,3143000000,5281000000,2592000000,2689000000,52961000000,18092000000,34869000000,145245614241,-3241000000,115000000,-4257000000,-331000000,-3730000000,-8264000000,-4937000000,-2298000000,10506000000,-546000000,6513000000,6513000000,6513000000,0,45000000,0.098,25864000000,9581000000,13016000000,0.588,8.263,22.301,22.517,17244000000,0,97.05,2.178,2.196,6651000000,49092000000,66683000000,66683000000,0,0.084,0.298,0.193,0.144,183000000,25772000000,1.0,1496606020,1509000000,1527000000,44.19,41456000000,0,2199000000,5304000000,27.693,2571000000
PEP,MRY,2015-12-31,2015-12-26,2015-12-26,2018-04-26,-13319000000,69667000000,70364000000,23031000000,46636000000,0.896,8.283,-2672000000,9096000000,9096000000,28731000000,5501000000,1.31,4.776,33284000000,4071000000,29213000000,33284000000,0,2416000000,0,0.027,2.762,8363000000,10779000000,0.171,10779000000,8363000000,7393000000,3.71,3.67,3.71,12068000000,14539000000,12068000000,169616777120,20,15.736,8192000000,5.577,1.0,34325000000,0.544,27258000000,970000000,49019000000,46469500000,2720000000,5224000000,2913000000,2311000000,57637000000,17578000000,40059000000,146471777120,2962000000,-578000000,-4496000000,4632000000,-4040000000,-4112000000,-3569000000,-314000000,10864000000,-221000000,5452000000,5452000000,5452000000,0,49000000,0.086,25972000000,8353000000,13507000000,0.744,12.137,26.866,27.1,16317000000,0,100.54,2.323,2.342,6437000000,50472000000,63056000000,63056000000,0,0.077,0.375,0.18,0.133,295000000,24613000000,1.0,1456850777,1469000000,1485000000,42.924,42409000000,0,1941000000,4959000000,29.107,5453000000
PEP,MRY,2016-12-31,2016-12-31,2016-12-31,2018-04-26,-13919000000,73490000000,72529250000,26450000000,47040000000,0.866,7.859,-2941000000,9158000000,9158000000,28209000000,6379000000,1.251,5.539,36945000000,6892000000,30053000000,36945000000,0,2368000000,0,0.028,2.96,9845000000,12213000000,0.194,12213000000,9845000000,8503000000,4.39,4.36,4.39,11246000000,11912000000,11246000000,175408579846,17,14.362,7732000000,5.373,1.0,34590000000,0.551,27863000000,1342000000,52279000000,52175500000,2723000000,8917000000,6967000000,1950000000,62291000000,21135000000,41156000000,150058579846,62000000,-127000000,-2535000000,3746000000,-4227000000,-3211000000,-7148000000,-4089000000,10673000000,-252000000,6329000000,6329000000,6329000000,0,50000000,0.101,24805000000,9785000000,14243000000,0.674,13.343,23.71,23.834,16591000000,0,104.63,2.39,2.398,6694000000,52518000000,62799000000,62799000000,0,0.087,0.531,0.189,0.157,284000000,24805000000,1.0,1434183120,1439000000,1452000000,43.641,45627000000,0,2174000000,4434000000,31.885,5315000000
PEP,MRY,2017-12-31,2017-12-30,2017-12-30,2018-04-26,-13057000000,79804000000,77458000000,31027000000,48777000000,0.82,7.773,-2789000000,10610000000,10610000000,28785000000,4908000000,1.513,6.231,39281000000,5485000000,33796000000,39281000000,0,2369000000,0,0.026,3.167,10702000000,13071000000,0.206,13071000000,10702000000,9551000000,3.4,3.38,3.4,11045000000,12193500000,11045000000,199469431371,18,15.26,7205000000,5.056,1.0,34740000000,0.547,28582000000,1151000000,59391000000,56353250000,2947000000,10942000000,8900000000,2042000000,68823000000,20502000000,48321000000,170543431371,1452000000,206000000,-1538000000,2050000000,-4472000000,-4186000000,-4403000000,-1849000000,9994000000,47000000,4857000000,4857000000,4857000000,0,51000000,0.076,24231000000,10509000000,15017000000,0.931,15.441,35.113,35.271,17240000000,0,119.92,2.685,2.69,7024000000,52839000000,63525000000,63525000000,0,0.063,0.398,0.19,0.168,292000000,24231000000,1.0,1422143357,1425000000,1438000000,44.579,51222000000,0,4694000000,3242000000,36.046,10525000000
