ticker,dimension,calendardate,datekey,reportperiod,lastupdated,accoci,assets,assetsavg,assetsc,assetsnc,assetturnover,bvps,capex,cashneq,cashnequsd,cor,consolinc,currentratio,de,debt,debtc,debtnc,debtusd,deferredrev,depamor,deposits,divyield,dps,ebit,ebitda,ebitdamargin,ebitdausd,ebitusd,ebt,eps,epsdil,epsusd,equity,equityavg,equityusd,ev,evebit,evebitda,fcf,fcfps,fxusd,gp,grossmargin,intangibles,intexp,invcap,invcapavg,inventory,investments,investmentsc,investmentsnc,liabilities,liabilitiesc,liabilitiesnc,marketcap,ncf,ncfbus,ncfcommon,ncfdebt,ncfdiv,ncff,ncfi,ncfinv,ncfo,ncfx,netinc,netinccmn,netinccmnusd,netincdis,netincnci,netmargin,opex,opinc,payables,payoutratio,pb,pe,pe1,ppnenet,prefdivis,price,ps,ps1,receivables,retearn,revenue,revenueusd,rnd,roa,roe,roic,ros,sbcomp,sgna,sharefactor,sharesbas,shareswa,shareswadil,sps,tangibles,taxassets,taxexp,taxliabilities,tbvps,workingcapital
PERF,MRY,2011-12-31,2012-01-28,2012-01-28,2017-06-19,0,286755000,305748500,247586000,39169000,1.614,7.224,-4044000,1682000,1682000,302365000,4131000,3.944,3.425,128168000,1129000,127039000,128168000,0,7713000,0,0.0,0.0,12673000,20386000,0.041,20386000,12673000,4849000,0.46,0.46,0.46,64797000,58830250,64797000,242891822,19,11.915,29878000,3.332,1.0,191142000,0.387,14676000,7824000,335791000,368761750,216850000,0,0,0,221958000,62774000,159184000,88162822,446000,0,16000,-29448000,0,-29432000,-4044000,0,33922000,0,4131000,4131000,4131000,0,0,0.008,178469000,12673000,40737000,0.0,1.361,21.342,21.37,24493000,0,9.83,0.179,0.179,17671000,-52069000,493507000,493507000,0,0.014,0.07,0.034,0.026,142000,167206000,1.0,8968751,8967666,9028235,55.032,272079000,0,718000,0,30.335,184812000
PERF,MRY,2012-12-31,2013-02-02,2013-02-02,2017-06-19,0,419604000,450261250,317230000,102374000,1.188,6.68,-7088000,2447000,2447000,321172000,-56013000,3.955,3.069,191328000,874000,190454000,191328000,0,14251000,0,0.0,0.0,-48209000,-33958000,-0.063,-33958000,-48209000,-57565000,-4.02,-4.02,-4.02,103122000,122716000,103122000,325124043,-6,-9.574,-14456000,-1.037,1.0,213607000,0.399,82314000,9356000,445952000,503610500,271881000,0,0,0,316482000,80219000,236263000,98097043,765000,-44949000,0,59942000,0,60170000,-52037000,0,-7368000,0,-56013000,-56013000,-56013000,0,0,-0.105,261816000,-48209000,45599000,0.0,0.951,-1.751,-1.592,20060000,0,6.4,0.183,0.167,20417000,-108082000,534779000,534779000,0,-0.124,-0.456,-0.096,-0.09,4547000,230075000,1.0,15327663,13941075,13941075,38.36,337290000,0,-1552000,0,21.848,237011000
PERF,MRY,2013-12-31,2014-02-01,2014-02-01,2017-06-19,0,423404000,442004750,333981000,89423000,1.303,5.944,-5500000,1553000,1553000,323692000,-12465000,3.972,3.638,197324000,894000,196430000,197324000,0,11973000,0,0.0,0.0,-1291000,10682000,0.019,10682000,-1291000,-11564000,-0.81,-0.81,-0.81,91294000,90128000,91294000,338175563,-261,31.658,-6971000,-0.454,1.0,252165000,0.438,70644000,10273000,464452000,489710250,282802000,0,0,0,332110000,84079000,248031000,95995563,-894000,0,0,5996000,0,6077000,-5500000,0,-1471000,0,-12465000,-12465000,-12465000,0,0,-0.022,253456000,-1291000,51877000,0.0,1.051,-7.701,-7.717,18779000,0,6.251,0.167,0.167,34388000,-120547000,575857000,575857000,0,-0.028,-0.138,-0.003,-0.002,556000,240436000,1.0,15356833,15355516,15355516,37.502,352760000,0,901000,0,22.966,249902000
PERF,MRY,2014-12-31,2015-01-31,2015-01-31,2017-06-19,0,386232000,431834750,296456000,89776000,1.352,6.158,-12392000,1533000,1533000,312831000,2647000,4.303,3.053,166490000,1104000,165386000,166490000,0,10326000,0,0.0,0.0,12538000,22864000,0.039,22864000,12538000,3194000,0.17,0.17,0.17,95294000,89175750,95294000,316513819,25,13.843,32126000,2.083,1.0,271124000,0.464,65136000,9344000,417163000,487471250,253371000,0,0,0,290938000,68890000,222048000,88959819,-20000,0,0,-32542000,0,-32146000,-12392000,0,44518000,0,2647000,2647000,2647000,0,0,0.005,258586000,12538000,39532000,0.0,0.934,33.608,33.815,24640000,0,5.748,0.152,0.152,27777000,-117900000,583955000,583955000,0,0.006,0.03,0.026,0.021,957000,246659000,1.0,15475310,15425007,15487609,37.858,321096000,0,547000,0,20.748,227566000
PERF,MRY,2015-12-31,2016-01-30,2016-01-30,2017-06-19,0,351046000,382492500,266440000,84606000,1.417,5.424,-8485000,5640000,5640000,284340000,-11671000,3.981,3.18,140915000,1248000,139667000,140915000,0,10784000,0,0.0,0.0,-4029000,6755000,0.012,6755000,-4029000,-11220000,-0.75,-0.75,-0.75,83977000,84850250,83977000,227079029,-56,33.616,29625000,1.913,1.0,257624000,0.475,58714000,7191000,360679000,412737250,221336000,0,0,0,267069000,66928000,200141000,34706029,4107000,0,0,-25575000,0,-25518000,-8485000,0,38110000,0,-11671000,-11671000,-11671000,0,0,-0.022,261653000,-4029000,32475000,0.0,0.413,-2.974,-2.987,25892000,0,2.24,0.064,0.064,29602000,-129571000,541964000,541964000,0,-0.031,-0.138,-0.01,-0.007,297000,249540000,1.0,15493763,15486957,15486957,34.995,292332000,0,451000,0,18.882,199512000
PERF,MRY,2016-12-31,2017-01-28,2017-01-28,2017-06-19,0,312800000,341662250,242819000,69981000,1.372,3.9,-3118000,7474000,7474000,247533000,-23639000,3.913,4.177,126603000,1237000,125366000,126603000,0,8622000,0,0.0,0.0,-16695000,-8073000,-0.017,-8073000,-16695000,-23838000,-1.53,-1.53,-1.53,60425000,67977500,60425000,194087526,-11,-24.042,16146000,1.042,1.0,221332000,0.472,53289000,7143000,316585000,362019000,196654000,0,0,0,252375000,62055000,190320000,30987526,1834000,0,0,-14312000,0,-14312000,-3118000,0,19264000,0,-23639000,-23639000,-23639000,0,0,-0.05,238027000,-16695000,29632000,0.0,0.513,-1.311,-1.307,16692000,0,2.0,0.066,0.066,28072000,-153210000,468865000,468865000,0,-0.069,-0.348,-0.046,-0.036,87000,222373000,1.0,15493763,15493763,15493763,30.262,259511000,0,-199000,0,16.749,180764000
