ticker,dimension,calendardate,datekey,reportperiod,lastupdated,accoci,assets,assetsavg,assetsc,assetsnc,assetturnover,bvps,capex,cashneq,cashnequsd,cor,consolinc,currentratio,de,debt,debtc,debtnc,debtusd,deferredrev,depamor,deposits,divyield,dps,ebit,ebitda,ebitdamargin,ebitdausd,ebitusd,ebt,eps,epsdil,epsusd,equity,equityavg,equityusd,ev,evebit,evebitda,fcf,fcfps,fxusd,gp,grossmargin,intangibles,intexp,invcap,invcapavg,inventory,investments,investmentsc,investmentsnc,liabilities,liabilitiesc,liabilitiesnc,marketcap,ncf,ncfbus,ncfcommon,ncfdebt,ncfdiv,ncff,ncfi,ncfinv,ncfo,ncfx,netinc,netinccmn,netinccmnusd,netincdis,netincnci,netmargin,opex,opinc,payables,payoutratio,pb,pe,pe1,ppnenet,prefdivis,price,ps,ps1,receivables,retearn,revenue,revenueusd,rnd,roa,roe,roic,ros,sbcomp,sgna,sharefactor,sharesbas,shareswa,shareswadil,sps,tangibles,taxassets,taxexp,taxliabilities,tbvps,workingcapital
PG,MRY,2011-12-31,2011-06-30,2011-06-30,2018-04-19,-2054000000,138354000000,135714250000,21970000000,116384000000,0.598,24.362,-3306000000,2768000000,2768000000,39859000000,11927000000,0.805,1.035,32014000000,9981000000,22033000000,32014000000,0,2838000000,0,0.031,1.97,15927000000,18765000000,0.231,18765000000,15927000000,15096000000,4.12,3.93,4.12,68001000000,65836750000,68001000000,205916552460,12,10.973,10024000000,3.591,1.0,41245000000,0.509,90182000000,831000000,50125000000,48866500000,7379000000,0,0,0,70353000000,27293000000,43060000000,177442552460,-111000000,-474000000,-5836000000,1481000000,-5767000000,-10122000000,-3482000000,73000000,13330000000,163000000,11797000000,11797000000,11797000000,-229000000,130000000,0.145,25750000000,15495000000,8022000000,0.478,2.609,15.041,15.43,21293000000,0,63.57,2.188,2.188,6275000000,70682000000,81104000000,81104000000,0,0.087,0.179,0.326,0.196,414000000,25750000000,1.0,2791293888,2791293888,,29.056,48172000000,1140000000,3299000000,11070000000,17.258,-5323000000
PG,MRY,2012-12-31,2012-06-30,2012-06-30,2018-04-19,-9333000000,132244000000,134444250000,21910000000,110334000000,0.61,23.37,-3964000000,4436000000,4436000000,41411000000,10904000000,0.88,1.065,29778000000,8698000000,21080000000,29778000000,0,3204000000,0,0.035,2.137,14903000000,18107000000,0.221,18107000000,14903000000,14134000000,3.82,3.66,3.82,64035000000,65119500000,64035000000,196952490295,13,10.877,9320000000,3.401,1.0,40595000000,0.495,84761000000,769000000,47918000000,49329250000,6721000000,0,0,0,68209000000,24907000000,43302000000,167831490295,1668000000,-134000000,-2295000000,-1976000000,-6139000000,-10410000000,-1093000000,112000000,13284000000,-113000000,10756000000,10756000000,10756000000,-1754000000,148000000,0.131,27560000000,13035000000,7920000000,0.559,2.621,15.604,16.034,20377000000,0,61.25,2.047,2.047,6068000000,75349000000,82006000000,82006000000,0,0.08,0.165,0.302,0.182,377000000,25984000000,1.0,2740105964,2740105964,,29.928,47483000000,1001000000,3378000000,10132000000,17.329,-2997000000
PG,MRY,2013-12-31,2013-06-30,2013-06-30,2018-04-19,-7499000000,139263000000,138546250000,23990000000,115273000000,0.578,25.069,-4008000000,5947000000,5947000000,39991000000,11402000000,0.799,1.027,31543000000,12432000000,19111000000,31543000000,0,2982000000,0,0.03,2.288,15205000000,18187000000,0.227,18187000000,15205000000,14538000000,4.04,3.86,4.04,68709000000,67233250000,68709000000,237359139370,15,13.051,10865000000,3.964,1.0,40125000000,0.501,86760000000,667000000,48062000000,51003500000,6909000000,0,0,0,70554000000,30037000000,40517000000,211012139370,1511000000,-1145000000,-2537000000,1985000000,-6519000000,-7071000000,-6295000000,-1726000000,14873000000,4000000,11312000000,11312000000,11312000000,-449000000,90000000,0.141,26308000000,13817000000,8777000000,0.566,3.071,18.654,19.057,21666000000,0,76.99,2.634,2.634,6508000000,80197000000,80116000000,80116000000,0,0.082,0.168,0.298,0.19,346000000,26000000000,1.0,2740773339,2740773339,,29.231,52503000000,948000000,3226000000,10827000000,19.156,-6047000000
PG,MRY,2014-12-31,2014-06-30,2014-06-30,2018-04-19,-7662000000,144266000000,142878750000,31617000000,112649000000,0.521,25.86,-3848000000,8558000000,8558000000,39030000000,11785000000,0.937,1.062,35417000000,15606000000,19811000000,35417000000,0,3141000000,0,0.031,2.448,15203000000,18344000000,0.247,18344000000,15203000000,14494000000,4.19,4.01,4.19,69976000000,69742750000,69976000000,240844418091,15,13.129,10110000000,3.736,1.0,35371000000,0.475,84547000000,709000000,52852000000,51637500000,6759000000,2128000000,2128000000,0,74290000000,33726000000,40564000000,212661418091,2618000000,-24000000,-3911000000,3543000000,-6911000000,-7279000000,-4100000000,-805000000,13958000000,39000000,11643000000,11643000000,11643000000,-1127000000,142000000,0.156,21461000000,13910000000,8461000000,0.584,3.039,18.265,18.757,22304000000,0,78.59,2.858,2.858,6386000000,84990000000,74401000000,74401000000,0,0.081,0.167,0.294,0.204,360000000,21461000000,1.0,2705960276,2705960276,,27.495,59719000000,1092000000,2851000000,10218000000,22.069,-2109000000
PG,MRY,2015-12-31,2015-06-30,2015-06-30,2018-04-19,-12780000000,129495000000,133719500000,29646000000,99849000000,0.529,23.24,-3736000000,6836000000,6836000000,37056000000,7144000000,0.995,1.054,30345000000,12018000000,18327000000,30345000000,0,3134000000,0,0.033,2.595,10387000000,13521000000,0.191,13521000000,10387000000,9761000000,2.5,2.44,2.5,63050000000,64517750000,63050000000,236329774962,22,17.479,10872000000,4.007,1.0,33693000000,0.476,69632000000,626000000,53582000000,51286000000,4979000000,4767000000,4767000000,0,66445000000,29790000000,36655000000,212264774962,-1712000000,-1045000000,-1778000000,-3954000000,-7287000000,-13019000000,-2890000000,-2607000000,14608000000,-411000000,7036000000,7036000000,7036000000,1143000000,108000000,0.099,22644000000,11049000000,8138000000,1.038,3.367,30.168,31.296,19655000000,0,78.24,3.0,3.0,4568000000,84807000000,70749000000,70749000000,0,0.053,0.109,0.203,0.147,337000000,20616000000,1.0,2712995590,2712995590,,26.078,59863000000,1356000000,2725000000,9179000000,22.065,-144000000
PG,MRY,2016-12-31,2016-06-30,2016-06-30,2018-04-19,-15907000000,127136000000,128263000000,33782000000,93354000000,0.509,21.783,-3314000000,7102000000,7102000000,32909000000,10604000000,1.098,1.193,30598000000,11653000000,18945000000,30598000000,0,3078000000,0,0.031,2.658,14429000000,17507000000,0.268,17507000000,14429000000,13850000000,3.8,3.69,3.8,57983000000,60773000000,57983000000,250298997410,17,14.297,12121000000,4.554,1.0,32390000000,0.496,68877000000,579000000,50985000000,51115500000,4716000000,6246000000,6246000000,0,69153000000,30770000000,38383000000,225378997410,266000000,-1325000000,-1332000000,1285000000,-7436000000,-9213000000,-5575000000,-1368000000,15435000000,-381000000,10508000000,10508000000,10508000000,-577000000,96000000,0.161,18949000000,13441000000,9325000000,0.699,3.887,21.448,22.282,19385000000,0,84.67,3.451,3.451,4373000000,87953000000,65299000000,65299000000,0,0.082,0.173,0.282,0.221,335000000,18949000000,1.0,2661851865,2661851865,,24.531,58259000000,1507000000,3342000000,9113000000,21.887,3012000000
PG,MRY,2017-12-31,2017-06-30,2017-06-30,2018-04-19,-14632000000,120406000000,121143250000,26494000000,93912000000,0.537,21.809,-3384000000,5569000000,5569000000,32535000000,15411000000,0.877,1.159,31592000000,13554000000,18038000000,31592000000,0,2820000000,0,0.031,2.698,18854000000,21674000000,0.333,21674000000,18854000000,18389000000,5.8,5.59,5.8,55778000000,55755250000,55778000000,247493093914,13,11.419,9369000000,3.663,1.0,32523000000,0.5,68886000000,465000000,47333000000,46643250000,4624000000,9568000000,9568000000,0,64628000000,30210000000,34418000000,222896093914,-1533000000,505000000,-2731000000,1399000000,-7236000000,-8568000000,-5689000000,-3381000000,12753000000,-29000000,15326000000,15326000000,15326000000,-5217000000,85000000,0.236,18568000000,13955000000,9632000000,0.465,3.996,14.544,15.026,19893000000,0,87.15,3.426,3.426,4594000000,96124000000,65058000000,65058000000,0,0.127,0.275,0.404,0.29,351000000,18568000000,1.0,2557614388,2557614388,,25.437,51520000000,0,3063000000,8126000000,20.144,-3716000000
