ticker,dimension,calendardate,datekey,reportperiod,lastupdated,accoci,assets,assetsavg,assetsc,assetsnc,assetturnover,bvps,capex,cashneq,cashnequsd,cor,consolinc,currentratio,de,debt,debtc,debtnc,debtusd,deferredrev,depamor,deposits,divyield,dps,ebit,ebitda,ebitdamargin,ebitdausd,ebitusd,ebt,eps,epsdil,epsusd,equity,equityavg,equityusd,ev,evebit,evebitda,fcf,fcfps,fxusd,gp,grossmargin,intangibles,intexp,invcap,invcapavg,inventory,investments,investmentsc,investmentsnc,liabilities,liabilitiesc,liabilitiesnc,marketcap,ncf,ncfbus,ncfcommon,ncfdebt,ncfdiv,ncff,ncfi,ncfinv,ncfo,ncfx,netinc,netinccmn,netinccmnusd,netincdis,netincnci,netmargin,opex,opinc,payables,payoutratio,pb,pe,pe1,ppnenet,prefdivis,price,ps,ps1,receivables,retearn,revenue,revenueusd,rnd,roa,roe,roic,ros,sbcomp,sgna,sharefactor,sharesbas,shareswa,shareswadil,sps,tangibles,taxassets,taxexp,taxliabilities,tbvps,workingcapital
PHX,MRY,2011-12-31,2011-09-30,2011-09-30,2018-05-07,0,111424193,107018548,13261058,98163135,0.42,4.779,-27155541,3506999,3506999,9898509,8493912,2.23,0.414,0,0,0,0,0,14712188,0,0.01,0.14,11685912,26398100,0.587,26398100,11685912,11685912,0.505,0.505,0.505,78802317,75786279,78802317,228300603,19,8.648,2128388,0.129,1.0,35078142,0.78,0,0,101970232,95966863,0,667504,0,667504,32621876,5946962,26674914,233923728,-2090259,0,-1851290,0,-2322082,-4173372,-27200816,-46213,29283929,0,8493912,8493912,8493912,0,0,0.189,23392230,11685912,4899593,0.277,2.968,27.54,28.089,96135963,0,14.185,5.201,5.201,8811404,79771563,44976651,44976651,1025542,0.079,0.112,0.122,0.26,595938,5994663,1.0,16490922,16490922,,2.727,111424193,1937586,3192000,24784750,6.757,7314096
PHX,MRY,2012-12-31,2012-09-30,2012-09-30,2018-05-07,0,135186730,129114553,11622845,123563885,0.376,5.088,-38025619,1984099,1984099,10591507,7370996,1.524,0.612,14874985,0,14874985,14874985,0,19061239,0,0.011,0.175,10772966,29834205,0.615,29834205,10772966,10644996,0.44,0.44,0.44,83852146,82455927,83852146,260226772,24,8.722,-12654423,-0.768,1.0,37940810,0.782,0,127970,140449874,134419521,0,1034870,0,1034870,51334584,7627742,43706842,252706446,-1522900,0,-1158957,14874985,-2321164,11478606,-38372702,-481904,25371196,0,7370996,7370996,7370996,0,0,0.152,27167844,10772966,6447692,0.398,3.014,34.284,34.852,121617055,0,15.335,5.207,5.207,8349865,84821395,48532317,48532317,979718,0.057,0.089,0.08,0.222,748270,6388856,1.0,16479064,16479064,,2.945,135186730,1945029,3274000,26708907,8.204,3995103
PHX,MRY,2013-12-31,2013-09-30,2013-09-30,2018-05-07,0,147838430,140728665,17805179,130033251,0.447,5.818,-26526167,2867171,2867171,13696243,13960049,1.729,0.546,8262256,0,8262256,8262256,0,21945768,0,0.01,0.14,20847607,42793375,0.68,42793375,20847607,20690049,0.84,0.84,0.84,95655486,89176837,95655486,244654945,11,5.717,10875942,0.662,1.0,49192877,0.782,0,157558,142932924,143271054,0,1574642,0,1574642,52182944,10300591,41882353,232471413,883072,0,-1214638,-6612729,-2326995,-10139362,-26379675,-724118,37402109,0,13960049,13960049,13960049,0,0,0.222,28345270,20847607,8409634,0.167,2.43,16.653,16.833,127918127,0,14.14,3.697,3.697,13720761,96454449,62889120,62889120,9795,0.099,0.157,0.146,0.331,1061488,6801996,1.0,16440694,16440694,,3.825,147838430,1202533,6730000,32105999,8.992,7504588
PHX,MRY,2014-12-31,2014-09-30,2014-09-30,2018-05-07,0,246640604,200031779,19368611,227271993,0.422,7.234,-121445846,509755,509755,16606910,25001462,2.05,1.069,78000000,0,78000000,78000000,0,21896902,0,0.005,0.16,37283758,59180660,0.701,59180660,37283758,36821462,1.49,1.49,1.49,119188653,108464493,119188653,576187828,15,9.736,-68823244,-4.177,1.0,67804314,0.803,0,462296,314681275,232759189,0,1936421,0,1936421,127451951,9449574,118002377,491846091,-2357416,0,-122044,69737744,-2661723,66970977,-121950995,-597149,52622602,0,25001462,25001462,25001462,0,0,0.296,30520556,37283758,7034773,0.107,4.127,19.673,20.034,225084293,0,29.85,5.827,5.827,16227469,118794188,84411224,84411224,86017,0.125,0.231,0.16,0.442,1013145,7433183,1.0,16477256,16477256,,5.123,246640604,625996,11820000,38487850,14.969,9919037
PHX,MRY,2015-12-31,2015-09-30,2015-09-30,2018-05-07,0,238825273,248839884,13784184,225041089,0.283,7.676,-31108805,603915,603915,19174710,9321341,2.827,0.88,65000000,0,65000000,65000000,0,23821139,0,0.01,0.16,15707824,39528963,0.562,39528963,15707824,14157341,0.56,0.56,0.56,127004675,128172509,127004675,331964217,21,8.398,16516109,0.998,1.0,51192105,0.728,0,1550483,298344611,310149092,0,2248999,0,2248999,111820598,4876747,106943851,267389436,94160,0,-242313,-13000000,-2669056,-15888369,-31642385,-533580,47624914,0,9321341,9321341,9321341,0,0,0.132,35484281,15707824,2028746,0.286,2.105,28.686,28.857,222792090,0,16.16,3.8,3.8,7895591,125446473,70366815,70366815,0,0.037,0.073,0.051,0.223,1197480,7339320,1.0,16546376,16546376,,4.253,238825273,821898,4836000,40636007,14.434,8907437
PHX,MRY,2016-12-31,2016-09-30,2016-09-30,2018-05-07,0,197824326,208592793,6261353,191562973,0.187,6.945,-3986235,471213,471213,14661721,-10286884,1.4,0.717,44500000,0,44500000,44500000,0,24487565,0,0.009,0.16,-16653265,7834300,0.201,7834300,-16653265,-17997884,-0.61,-0.61,-0.61,115191819,117251136,115191819,339439482,-20,43.327,18652916,1.125,1.0,24399062,0.625,0,1344619,237379320,254636682,0,157322,0,157322,82632507,4473793,78158714,290746023,-132702,0,-117165,-20500000,-2677305,-23337470,565617,50126,22639151,0,-10286884,-10286884,-10286884,0,0,-0.263,41052327,-16653265,2351623,-0.262,2.524,-28.264,-28.738,191405651,0,17.53,7.443,7.443,5287229,112482284,39060783,39060783,0,-0.049,-0.088,-0.065,-0.426,1110944,7139728,1.0,16585626,16585626,,2.355,197824326,83874,-7711000,30676007,11.927,1787560
PHX,MRY,2017-12-31,2017-09-30,2017-09-30,2018-05-07,0,206744219,202107028,9989375,196754844,0.229,7.001,-25807897,557791,557791,14231368,3531933,2.823,0.771,52222000,0,52222000,52222000,0,18397548,0,0.008,0.2,5496071,23893619,0.516,23893619,5496071,4220933,0.21,0.21,0.21,116707539,114839017,116707539,446209288,81,18.675,-5049705,-0.303,1.0,32103681,0.693,0,1275138,254870409,243071583,0,170486,0,170486,90036680,3538019,86498661,396770180,86578,0,-601853,7722000,-2684001,4436146,-25107760,-23563,20758192,0,3531933,3531933,3531933,0,0,0.076,26607610,5496071,1847230,0.952,3.4,112.338,113.333,196584358,0,23.8,8.563,8.563,7585485,113330216,46335049,46335049,0,0.017,0.031,0.023,0.119,956598,7441242,1.0,16671016,16671016,,2.779,206744219,489945,689000,31051007,12.401,6451356
