ticker,dimension,calendardate,datekey,reportperiod,lastupdated,accoci,assets,assetsavg,assetsc,assetsnc,assetturnover,bvps,capex,cashneq,cashnequsd,cor,consolinc,currentratio,de,debt,debtc,debtnc,debtusd,deferredrev,depamor,deposits,divyield,dps,ebit,ebitda,ebitdamargin,ebitdausd,ebitusd,ebt,eps,epsdil,epsusd,equity,equityavg,equityusd,ev,evebit,evebitda,fcf,fcfps,fxusd,gp,grossmargin,intangibles,intexp,invcap,invcapavg,inventory,investments,investmentsc,investmentsnc,liabilities,liabilitiesc,liabilitiesnc,marketcap,ncf,ncfbus,ncfcommon,ncfdebt,ncfdiv,ncff,ncfi,ncfinv,ncfo,ncfx,netinc,netinccmn,netinccmnusd,netincdis,netincnci,netmargin,opex,opinc,payables,payoutratio,pb,pe,pe1,ppnenet,prefdivis,price,ps,ps1,receivables,retearn,revenue,revenueusd,rnd,roa,roe,roic,ros,sbcomp,sgna,sharefactor,sharesbas,shareswa,shareswadil,sps,tangibles,taxassets,taxexp,taxliabilities,tbvps,workingcapital
PIKE,MRY,2011-12-31,2011-06-30,2011-06-30,2017-04-15,-178000,493609000,495082750,162830000,330779000,1.2,7.596,-16412000,311000,311000,525915000,1401000,2.075,0.94,99000000,0,99000000,99000000,12224000,38033000,0,0.0,0.0,9572000,47605000,0.08,47605000,9572000,2964000,0.04,0.04,0.04,254389000,250525500,254389000,384628781,40,8.08,5801000,0.174,1.0,67943000,0.114,149246000,6608000,364564000,356332750,8338000,0,0,0,239220000,78488000,160732000,297479781,-10822000,-90000,-42000,-15500000,0,-16533000,-16502000,0,22213000,0,1401000,1401000,1401000,0,0,0.002,58426000,9517000,20079000,0.0,1.169,212.334,221.0,177682000,0,8.84,0.501,0.497,130168000,86554000,593858000,593858000,0,0.003,0.006,0.027,0.016,4102000,57675000,1.0,33651559,33399000,33996000,17.781,344363000,7969000,1563000,46179000,10.282,84342000
PIKE,MRY,2012-12-31,2012-06-30,2012-06-30,2017-04-15,0,538148000,533369250,193145000,345003000,1.285,7.911,-28742000,1601000,1601000,593478000,10883000,2.436,0.943,123000000,0,123000000,123000000,5318000,38254000,0,0.0,0.0,26161000,64415000,0.094,64415000,26161000,18857000,0.31,0.31,0.31,276925000,272704500,276925000,389786186,14,6.051,-3043000,-0.088,1.0,91691000,0.134,166549000,7304000,413695000,406581250,15348000,0,0,0,261223000,79303000,181920000,270494186,1290000,-16806000,-1001000,24000000,0,21139000,-45548000,0,25699000,0,10883000,10883000,10883000,0,0,0.016,65593000,26098000,26206000,0.0,0.977,24.855,24.903,174655000,0,7.72,0.395,0.391,157473000,97437000,685169000,685169000,0,0.02,0.04,0.064,0.038,3229000,66219000,1.0,35038107,34678000,35111000,19.758,371599000,9722000,7974000,46749000,10.616,113842000
PIKE,MRY,2013-12-31,2013-06-30,2013-06-30,2017-04-15,-47000,623774000,642411000,211441000,412333000,1.43,7.174,-36267000,2578000,2578000,771475000,36193000,2.396,1.579,221000000,0,221000000,221000000,6235000,41431000,0,0.0,0.0,68210000,109641000,0.119,109641000,68210000,60826000,1.04,1.03,1.04,241835000,271148500,241835000,619144613,9,5.647,46518000,1.338,1.0,147216000,0.16,228509000,7384000,525455000,521185000,14396000,0,0,0,381939000,88232000,293707000,434114613,977000,-69654000,-38703000,98000000,-35164000,24113000,-105921000,0,82785000,0,36193000,36193000,36193000,0,0,0.039,79133000,68083000,33500000,0.0,1.795,11.994,11.827,179928000,0,12.3,0.473,0.466,175833000,58470000,918691000,918691000,0,0.056,0.133,0.131,0.074,3567000,75579000,1.0,35293871,34777000,35057000,26.417,395265000,8720000,24633000,58402000,11.725,123209000
PIKE,MRY,2014-12-31,2014-06-30,2014-06-30,2017-04-15,-119000,616152000,623940250,213108000,403044000,1.299,8.106,-26520000,989000,989000,706929000,13663000,2.413,1.382,197000000,0,197000000,197000000,6007000,39503000,0,0.0,0.0,31154000,70657000,0.087,70657000,31154000,22967000,0.43,0.42,0.43,258694000,251794500,258694000,519743701,16,7.356,22366000,0.703,1.0,103731000,0.128,221131000,8187000,502726000,533939500,12373000,0,0,0,357458000,88306000,269152000,286013701,-1589000,0,341000,-24000000,0,-23955000,-26520000,0,48886000,0,13663000,13663000,13663000,0,0,0.017,72926000,30805000,34961000,0.0,1.106,20.933,20.837,177743000,0,8.96,0.353,0.352,182413000,72133000,810660000,810660000,0,0.022,0.054,0.058,0.038,3358000,74894000,1.0,31921172,31830000,32191000,25.468,395021000,10304000,9304000,56392000,12.378,124802000
