ticker,dimension,calendardate,datekey,reportperiod,lastupdated,accoci,assets,assetsavg,assetsc,assetsnc,assetturnover,bvps,capex,cashneq,cashnequsd,cor,consolinc,currentratio,de,debt,debtc,debtnc,debtusd,deferredrev,depamor,deposits,divyield,dps,ebit,ebitda,ebitdamargin,ebitdausd,ebitusd,ebt,eps,epsdil,epsusd,equity,equityavg,equityusd,ev,evebit,evebitda,fcf,fcfps,fxusd,gp,grossmargin,intangibles,intexp,invcap,invcapavg,inventory,investments,investmentsc,investmentsnc,liabilities,liabilitiesc,liabilitiesnc,marketcap,ncf,ncfbus,ncfcommon,ncfdebt,ncfdiv,ncff,ncfi,ncfinv,ncfo,ncfx,netinc,netinccmn,netinccmnusd,netincdis,netincnci,netmargin,opex,opinc,payables,payoutratio,pb,pe,pe1,ppnenet,prefdivis,price,ps,ps1,receivables,retearn,revenue,revenueusd,rnd,roa,roe,roic,ros,sbcomp,sgna,sharefactor,sharesbas,shareswa,shareswadil,sps,tangibles,taxassets,taxexp,taxliabilities,tbvps,workingcapital
PIR,MRY,2011-12-31,2011-02-26,2011-02-26,2018-05-02,-784000,743577000,687323500,651969000,91608000,2.032,3.535,-19903000,301471000,301471000,841083000,100125000,2.758,0.801,9500000,0,9500000,9500000,71963000,33806000,0,0.0,0.0,108912000,142718000,0.102,142718000,108912000,103544000,0.86,0.85,0.86,412852000,352881000,412852000,963228280,8,6.749,128482000,1.103,1.0,555387000,0.398,0,5368000,215251000,242521000,311770000,0,0,0,330725000,236355000,94370000,1146967280,113559000,0,0,-26077000,0,-21105000,-13721000,6182000,148385000,0,100125000,100125000,100125000,0,0,0.072,451639000,103748000,57421000,0.0,2.778,11.455,11.372,64773000,0,9.78,0.821,0.816,14814000,293813000,1396470000,1396470000,0,0.146,0.284,0.449,0.078,4706000,431900000,1.0,117276818,116466000,117484000,11.99,743577000,1043000,3419000,232000,6.368,415614000
PIR,MRY,2012-12-31,2012-02-25,2012-02-25,2018-05-02,-4473000,823363000,749055000,650314000,173049000,2.047,4.536,-60966000,287868000,287868000,882449000,168938000,2.65,0.668,9500000,0,9500000,9500000,53123000,30949000,0,0.0,0.0,167194000,198143000,0.129,198143000,167194000,164107000,1.5,1.48,1.5,493643000,416966250,493643000,1632415523,9,8.239,81255000,0.722,1.0,651162000,0.425,0,3087000,299607000,269353000,322482000,0,0,0,329720000,245388000,84332000,1802211523,-13603000,0,-100000000,-3097000,0,-93754000,-62070000,-1104000,142221000,0,168938000,168938000,168938000,0,0,0.11,496402000,154760000,63827000,0.0,3.651,10.668,10.96,103640000,0,16.44,1.175,1.206,16282000,462751000,1533611000,1533611000,0,0.226,0.405,0.621,0.109,4520000,475162000,1.0,109623572,112534000,114390000,13.628,823363000,0,-4831000,16759000,7.565,404926000
PIR,MRY,2013-12-31,2013-03-02,2013-03-02,2018-05-02,-4828000,857215000,807126000,658934000,198281000,2.112,5.111,-80146000,231556000,231556000,961826000,129444000,2.656,0.596,9500000,0,9500000,9500000,51740000,38431000,0,0.008,0.17,201743000,240174000,0.141,240174000,201743000,201000000,1.22,1.2,1.22,537131000,485951000,537131000,2274945693,11,9.472,43903000,0.413,1.0,743059000,0.436,0,743000,387032000,398264750,356053000,0,0,0,320084000,248127000,71957000,2386233693,-56312000,0,-100000000,0,-17989000,-97938000,-82423000,-2277000,124049000,0,129444000,129444000,129444000,0,0,0.076,544073000,198986000,58701000,0.139,4.443,18.434,18.484,150615000,0,22.55,1.4,1.405,22309000,574206000,1704885000,1704885000,0,0.16,0.266,0.507,0.118,7523000,513085000,1.0,105819676,106222000,108259000,16.05,857215000,0,71556000,25249000,8.157,410807000
PIR,MRY,2014-12-31,2014-03-01,2014-03-01,2018-05-02,-6114000,803623000,859536750,576506000,227117000,2.084,4.431,-67713000,126695000,126695000,1026180000,107531000,2.168,0.788,9500000,0,9500000,9500000,57428000,40990000,0,0.011,0.21,177221000,218211000,0.122,218211000,177221000,174649000,1.03,1.01,1.03,449432000,504431750,449432000,1825294841,10,8.365,91519000,0.879,1.0,765263000,0.427,0,2572000,420459000,438326500,377650000,0,0,0,354191000,265969000,88222000,1943999841,-104861000,0,-192284000,-1149000,-21697000,-193942000,-70151000,-2438000,159232000,0,107531000,107531000,107531000,0,0,0.06,589763000,175500000,84238000,0.204,4.325,18.079,18.369,183352000,0,18.92,1.085,1.1,24614000,660040000,1791443000,1791443000,0,0.125,0.213,0.404,0.099,9719000,550890000,1.0,102748406,104121000,106248000,17.205,803623000,0,67118000,14025000,7.923,310537000
PIR,MRY,2015-12-31,2015-02-28,2015-02-28,2018-05-02,-9985000,906884000,914812250,653585000,253299000,2.06,3.814,-81824000,100064000,100064000,1116076000,75162000,2.269,1.689,203426000,2000000,201426000,203426000,63002000,49472000,0,0.02,0.24,130662000,180134000,0.096,180134000,130662000,120402000,0.83,0.82,0.83,337267000,334077000,337267000,1271618822,9,7.059,-16133000,-0.177,1.0,768481000,0.408,0,10260000,722196000,727203750,478843000,0,0,0,569617000,288050000,281567000,1085489822,-26631000,0,-185540000,193364000,-21627000,-9021000,-83301000,-1477000,65691000,0,75162000,75162000,75162000,0,0,0.04,641210000,127271000,102762000,0.289,3.218,14.442,14.53,214048000,0,12.06,0.576,0.583,29405000,713575000,1884557000,1884557000,0,0.082,0.225,0.18,0.069,4396000,594906000,1.0,90007448,91081000,92128000,20.691,906884000,0,45240000,13505000,10.256,365535000
PIR,MRY,2016-12-31,2016-02-27,2016-02-27,2018-05-02,-10637000,819191000,876223500,574894000,244297000,2.16,3.492,-51795000,115221000,115221000,1187250000,39634000,2.33,1.877,202255000,2000000,200255000,202255000,64081000,55830000,0,0.059,0.28,75445000,131275000,0.069,131275000,75445000,63165000,0.47,0.46,0.47,284757000,291903500,284757000,590995531,7,4.502,112252000,1.322,1.0,704980000,0.373,0,12280000,659538000,728817000,405859000,0,0,0,534434000,246687000,287747000,399096531,15157000,0,-75000000,-2000000,-23672000,-97201000,-51689000,106000,164047000,0,39634000,39634000,39634000,0,0,0.021,629772000,75208000,72570000,0.596,1.402,10.07,10.149,207633000,0,4.77,0.211,0.214,22639000,729537000,1892230000,1892230000,0,0.045,0.136,0.104,0.04,4480000,578828000,1.0,83668036,84939000,85370000,22.278,819191000,0,23531000,6324000,10.046,328207000
PIR,MRY,2017-12-31,2017-02-25,2017-02-25,2018-05-02,-7414000,843082000,842927000,609988000,233094000,2.169,3.61,-44107000,154460000,154460000,1131138000,30129000,2.094,1.887,201077000,2000000,199077000,201077000,60398000,60504000,0,0.041,0.28,57332000,117836000,0.064,117836000,57332000,45259000,0.37,0.37,0.37,292028000,272056750,292028000,710611235,12,6.031,71631000,0.885,1.0,697308000,0.381,0,12073000,598396000,658641000,400976000,0,0,0,551054000,291303000,259751000,570445235,39239000,0,-10566000,-2000000,-22501000,-33426000,-43073000,1034000,115738000,0,30129000,30129000,30129000,0,0,0.016,642446000,54862000,68981000,0.757,1.953,18.933,18.568,191476000,0,6.87,0.312,0.304,22945000,737165000,1828446000,1828446000,0,0.036,0.111,0.087,0.031,7916000,587843000,1.0,83034241,80919000,80984000,22.596,843082000,0,15130000,26058000,10.422,318685000
PIR,MRY,2018-12-31,2018-03-03,2018-03-03,2018-05-02,-7477000,772319000,804614750,553762000,218557000,2.235,3.478,-53089000,135379000,135379000,1140372000,11626000,2.335,1.782,199906000,2000000,197906000,199906000,55281000,61430000,0,0.089,0.28,30259000,91689000,0.051,91689000,30259000,17897000,0.14,0.14,0.14,277570000,272746000,277570000,383333733,12,4.181,12717000,0.159,1.0,658150000,0.366,0,12362000,599717000,631057250,347440000,0,0,0,494749000,237129000,257620000,263379733,-19081000,0,-10000000,-3291000,-22294000,-33278000,-51609000,1480000,65806000,0,11626000,11626000,11626000,0,0,0.006,630481000,27669000,71279000,2.0,0.949,22.654,22.571,178767000,0,3.16,0.146,0.141,22149000,726232000,1798522000,1798522000,0,0.014,0.043,0.048,0.017,3809000,576878000,1.0,83348017,80223000,80254000,22.419,772319000,0,6271000,2301000,9.678,316633000
