ticker,dimension,calendardate,datekey,reportperiod,lastupdated,accoci,assets,assetsavg,assetsc,assetsnc,assetturnover,bvps,capex,cashneq,cashnequsd,cor,consolinc,currentratio,de,debt,debtc,debtnc,debtusd,deferredrev,depamor,deposits,divyield,dps,ebit,ebitda,ebitdamargin,ebitdausd,ebitusd,ebt,eps,epsdil,epsusd,equity,equityavg,equityusd,ev,evebit,evebitda,fcf,fcfps,fxusd,gp,grossmargin,intangibles,intexp,invcap,invcapavg,inventory,investments,investmentsc,investmentsnc,liabilities,liabilitiesc,liabilitiesnc,marketcap,ncf,ncfbus,ncfcommon,ncfdebt,ncfdiv,ncff,ncfi,ncfinv,ncfo,ncfx,netinc,netinccmn,netinccmnusd,netincdis,netincnci,netmargin,opex,opinc,payables,payoutratio,pb,pe,pe1,ppnenet,prefdivis,price,ps,ps1,receivables,retearn,revenue,revenueusd,rnd,roa,roe,roic,ros,sbcomp,sgna,sharefactor,sharesbas,shareswa,shareswadil,sps,tangibles,taxassets,taxexp,taxliabilities,tbvps,workingcapital
PKI,MRY,2011-12-31,2012-01-01,2012-01-01,2018-05-08,54086000,3855641000,3539884500,883052000,2972589000,0.542,16.291,-30136000,142342000,142342000,1070708000,7655000,1.475,1.093,944908000,0,944908000,944908000,0,110921000,0,0.014,0.28,97611000,208532000,0.109,208532000,97611000,70837000,0.07,0.07,0.07,1842216000,1912937250,1842216000,2521568660,25,12.092,194738000,1.722,1.0,847800000,0.442,2755842000,26774000,1303683000,923137000,240763000,1105000,0,1105000,2013425000,598682000,1414743000,2261670660,-277744000,-914041000,-86269000,508026000,-31829000,397204000,-909861000,0,224874000,10039000,7655000,7655000,7655000,-6483000,0,0.004,756672000,91128000,173153000,4.0,1.228,295.45,285.714,174567000,0,20.0,1.179,1.179,409888000,1510683000,1918508000,1918508000,115821000,0.002,0.004,0.106,0.051,6161000,624393000,1.0,113083533,113083533,,16.965,1099799000,0,63182000,0,9.726,284370000
PKI,MRY,2012-12-31,2012-12-30,2012-12-30,2018-05-08,66593000,3901762000,3864227000,971754000,2930008000,0.545,16.9,-42401000,171444000,171444000,1143659000,69940000,1.672,1.011,940596000,1772000,938824000,940596000,0,125126000,0,0.009,0.28,100948000,226074000,0.107,226074000,100948000,52992000,0.61,0.61,0.61,1939812000,1912541250,1939812000,4323129806,42,19.123,109769000,0.956,1.0,961529000,0.457,2652689000,47956000,1437125000,1344141500,247688000,1149000,0,1149000,1961950000,581100000,1380850000,3561627806,29102000,-40858000,30374000,-35992000,-31903000,-44163000,-80309000,0,152170000,1404000,69940000,69940000,69940000,1349000,0,0.033,858409000,103120000,168943000,0.459,1.836,50.924,50.869,210516000,0,31.03,1.692,1.692,457011000,1548573000,2105188000,2105188000,131835000,0.018,0.037,0.075,0.048,22392000,627370000,1.0,114780142,114780142,,18.341,1249073000,0,-16948000,0,10.882,390654000
PKI,MRY,2013-12-31,2013-12-29,2013-12-29,2018-05-08,77591000,3946712000,3854417000,1044838000,2901874000,0.56,17.746,13221000,173242000,173242000,1181444000,167212000,1.733,0.979,934728000,2624000,932104000,934728000,0,126879000,0,0.007,0.28,215632000,342511000,0.159,342511000,215632000,151522000,1.49,1.47,1.49,1994487000,1902083250,1994487000,5431938268,25,15.859,171812000,1.529,1.0,976142000,0.452,2603550000,64110000,1501852000,1501942000,260858000,1319000,0,1319000,1952225000,602796000,1349429000,4628327268,1798000,-15699000,-107085000,-16838000,-31600000,-154160000,-1211000,0,158591000,-1422000,167212000,167212000,167212000,7055000,0,0.077,748348000,227794000,166881000,0.188,2.321,27.679,27.638,183188000,0,41.18,2.145,2.145,466749000,1684364000,2157586000,2157586000,132400000,0.043,0.088,0.144,0.1,14053000,581898000,1.0,112392600,112392600,,19.197,1343162000,0,-15690000,0,11.951,442042000
PKI,MRY,2014-12-31,2014-12-28,2014-12-28,2018-05-08,24800000,4127576000,3980423000,1068551000,3059025000,0.52,18.078,-24621000,174821000,174821000,1135282000,157778000,1.789,1.021,1046468000,1075000,1045393000,1046468000,0,110465000,0,0.006,0.28,205523000,315988000,0.153,315988000,205523000,164384000,1.4,1.39,1.4,2042102000,2047570750,2042102000,5634311666,27,17.831,256976000,2.275,1.0,934598000,0.452,2774342000,41139000,1627571000,1515636250,285457000,1568000,0,1568000,2085474000,597310000,1488164000,4978259666,1579000,-271477000,-41074000,104480000,-31620000,30931000,-295897000,0,281597000,-15052000,157778000,157778000,157778000,-27639000,0,0.076,769591000,165007000,173953000,0.2,2.438,31.552,31.479,176194000,0,44.07,2.405,2.405,470563000,1810545000,2069880000,2069880000,108057000,0.04,0.077,0.136,0.099,14057000,648209000,1.0,112962552,112962552,,18.324,1353234000,0,6606000,0,11.979,471241000
PKI,MRY,2015-12-31,2016-01-03,2016-01-03,2018-05-08,-45956000,4166295000,4077247250,1033161000,3133134000,0.516,18.854,-28218000,237932000,237932000,1140592000,212425000,1.84,0.974,1012885000,1123000,1011762000,1012885000,0,105364000,0,0.005,0.28,286103000,391467000,0.186,391467000,286103000,243984000,1.89,1.87,1.89,2110441000,2086388500,2110441000,6829624504,23,17.446,258880000,2.313,1.0,964231000,0.458,2722500000,42119000,1657263000,1616399000,259486000,0,0,0,2055854000,561485000,1494369000,5996314504,63111000,-72040000,-61534000,-35072000,-31571000,-107139000,-100856000,0,287098000,-15992000,212425000,212425000,212425000,-23640000,0,0.101,713305000,250926000,140980000,0.148,2.841,28.228,28.344,137564000,0,53.57,2.849,2.849,415064000,1991431000,2104823000,2104823000,112539000,0.052,0.102,0.177,0.136,14843000,587219000,1.0,111934189,111934189,,18.804,1443795000,0,31559000,0,12.899,471676000
PKI,MRY,2016-12-31,2017-01-01,2017-01-01,2018-05-08,-100861000,4276683000,4246489000,1189931000,3086752000,0.498,19.659,-31702000,359265000,359265000,1102164000,234299000,1.972,0.986,1046426000,1172000,1045254000,1046426000,0,99972000,0,0.005,0.28,305914000,405886000,0.192,405886000,305914000,266916000,2.14,2.12,2.14,2153570000,2106668750,2153570000,6534213514,21,16.099,318913000,2.911,1.0,1013353000,0.479,2668190000,38998000,1692299000,1752199000,246847000,0,0,0,2123113000,603355000,1519758000,5712791514,121333000,-50924000,-137383000,55226000,-30799000,-115011000,-100843000,0,350615000,-13428000,234299000,234299000,234299000,-18593000,0,0.111,730287000,283066000,168033000,0.131,2.653,24.382,24.369,145494000,0,52.15,2.7,2.7,425588000,2118684000,2115517000,2115517000,124278000,0.055,0.111,0.175,0.145,17158000,600885000,1.0,109545379,109545379,,19.312,1608493000,0,32617000,0,14.683,586576000
PKI,MRY,2017-12-31,2017-12-31,2017-12-31,2018-05-08,-46518000,6091463000,4944005750,1199955000,4891508000,0.457,22.71,-39089000,202134000,202134000,1183951000,292633000,1.262,1.433,2006109000,217306000,1788803000,2006109000,0,105000000,0,0.005,0.35,485068000,590068000,0.261,590068000,485068000,476983000,2.67,2.64,2.67,2503188000,2421710000,2503188000,8460745353,17,14.339,249364000,2.262,1.0,1073031000,0.475,4349138000,8085000,2595398000,1930882000,351675000,0,0,0,3588275000,950902000,2637373000,8059670353,-157131000,-1526083000,14170000,822156000,-30793000,782236000,-1249372000,25758000,288453000,21552000,292633000,292633000,292633000,-135743000,0,0.13,768228000,304803000,222093000,0.131,3.22,27.542,27.386,298066000,0,73.12,3.571,3.571,552304000,2380517000,2256982000,2256982000,139404000,0.059,0.121,0.251,0.215,25421000,616167000,1.0,110225251,110225251,,20.476,1742325000,0,184350000,0,15.807,249053000
