ticker,dimension,calendardate,datekey,reportperiod,lastupdated,accoci,assets,assetsavg,assetsc,assetsnc,assetturnover,bvps,capex,cashneq,cashnequsd,cor,consolinc,currentratio,de,debt,debtc,debtnc,debtusd,deferredrev,depamor,deposits,divyield,dps,ebit,ebitda,ebitdamargin,ebitdausd,ebitusd,ebt,eps,epsdil,epsusd,equity,equityavg,equityusd,ev,evebit,evebitda,fcf,fcfps,fxusd,gp,grossmargin,intangibles,intexp,invcap,invcapavg,inventory,investments,investmentsc,investmentsnc,liabilities,liabilitiesc,liabilitiesnc,marketcap,ncf,ncfbus,ncfcommon,ncfdebt,ncfdiv,ncff,ncfi,ncfinv,ncfo,ncfx,netinc,netinccmn,netinccmnusd,netincdis,netincnci,netmargin,opex,opinc,payables,payoutratio,pb,pe,pe1,ppnenet,prefdivis,price,ps,ps1,receivables,retearn,revenue,revenueusd,rnd,roa,roe,roic,ros,sbcomp,sgna,sharefactor,sharesbas,shareswa,shareswadil,sps,tangibles,taxassets,taxexp,taxliabilities,tbvps,workingcapital
PLUS,MRY,2011-12-31,2011-03-31,2011-03-31,2018-02-09,519000,389191000,392165500,,,1.832,12.786,-9193000,75756000,75756000,551860000,23727000,,0.836,29592000,,,29592000,0,9972000,0,0.0,0.0,43132000,53104000,0.074,53104000,43132000,40568000,1.415,1.39,1.415,211977000,202335250,211977000,201021052,4,3.785,-18591000,-1.134,1.0,166655000,0.232,18604000,2564000,324423000,341648000,9062000,123510000,,,177214000,,,225240052,-9321000,-1761000,1027000,9543000,0,11171000,-11100000,0,-9398000,6000,23727000,23727000,23727000,0,0,0.033,123523000,43132000,93981000,0.0,1.063,9.493,9.403,1817000,0,13.305,0.313,0.304,121771000,167539000,718515000,718515000,0,0.061,0.117,0.126,0.06,1418000,98928000,1.0,16928978,16401154,16705842,43.809,370587000,0,16841000,0,22.352,
PLUS,MRY,2012-12-31,2012-03-31,2012-03-31,2018-02-09,465000,433688000,405240250,,,2.037,14.205,-5479000,33778000,33778000,645558000,23367000,,0.975,28055000,,,28055000,15935000,9365000,0,0.0,0.0,41004000,50369000,0.061,50369000,41004000,39574000,1.41,1.395,1.41,219627000,216380750,219627000,225003464,5,4.467,-27075000,-1.692,1.0,180023000,0.218,33519000,1430000,394446000,356314750,23514000,147707000,,,214061000,,,255640464,-41978000,-11805000,-18795000,35901000,0,17846000,-38223000,-20874000,-21596000,-5000,23367000,23367000,23367000,0,0,0.028,139019000,41004000,139398000,0.0,1.164,10.94,11.337,2086000,0,15.985,0.31,0.31,174599000,190906000,825581000,825581000,0,0.058,0.108,0.115,0.05,1652000,118767000,1.0,15992522,16004000,16190000,51.586,400169000,0,16207000,0,25.882,
PLUS,MRY,2013-12-31,2013-03-31,2013-03-31,2018-02-09,410000,439895000,456848000,323727000,116168000,2.152,15.068,-13661000,52720000,52720000,778339000,34830000,1.881,0.846,1484000,390000,1094000,1484000,16239000,12168000,0,0.054,1.25,60613000,72781000,0.074,72781000,60613000,58745000,2.185,2.16,2.185,238232000,233474250,238232000,370689303,6,5.093,27609000,1.768,1.0,204773000,0.208,32964000,1868000,183618000,362228250,14795000,982000,982000,0,201663000,172077000,29586000,376652303,18942000,0,-723000,9981000,-20100000,-9667000,-12658000,1131000,41270000,-3000,34830000,34830000,34830000,0,0,0.035,144160000,60613000,156127000,0.572,1.581,10.814,10.574,6672000,0,23.105,0.383,0.367,314857000,205358000,983112000,983112000,0,0.076,0.149,0.167,0.062,1635000,131062000,1.0,16301766,15620000,15806000,62.939,406931000,2023000,23915000,6818000,25.737,151650000
PLUS,MRY,2014-12-31,2014-03-31,2014-03-31,2018-02-09,186000,553845000,505103750,425259000,128586000,2.094,16.93,-5814000,80179000,80179000,840623000,35273000,1.742,1.079,3560000,1460000,2100000,3560000,21840000,14755000,0,0.0,0.0,62046000,76801000,0.073,76801000,62046000,60098000,2.205,2.185,2.205,266383000,256270250,266383000,462519097,7,6.022,-14037000,-0.885,1.0,216913000,0.205,34583000,1948000,198525000,383672250,22629000,0,0,0,287462000,244118000,43344000,449652097,27459000,-2845000,-12628000,76460000,-108000,64459000,-28797000,-14553000,-8223000,20000,35273000,35273000,35273000,0,0,0.033,154867000,62046000,239857000,0.0,1.688,12.748,12.644,8013000,0,27.88,0.425,0.418,386955000,240637000,1057536000,1057536000,0,0.07,0.138,0.162,0.059,2206000,143034000,1.0,16128124,15854000,15998000,66.705,519262000,3742000,24825000,5001000,33.003,181141000
PLUS,MRY,2015-12-31,2015-03-31,2015-03-31,2018-02-09,-239000,568275000,563643000,440634000,127641000,2.028,19.342,-3211000,76175000,76175000,898735000,45840000,1.707,1.035,3690000,889000,2801000,3690000,34363000,15575000,0,0.0,0.0,80692000,96267000,0.084,96267000,80692000,78313000,3.13,3.1,3.13,279262000,263545250,279262000,594695299,7,6.178,11200000,0.765,1.0,244547000,0.214,40798000,2379000,196907000,198546250,19835000,0,0,0,289013000,258085000,30928000,642441299,-4004000,-8057000,-37685000,50031000,-90000,12256000,-30592000,-21678000,14411000,-79000,45840000,45840000,45840000,0,0,0.04,171458000,73089000,233572000,0.0,2.3,14.015,13.887,9248000,0,43.465,0.562,0.556,393703000,286477000,1143282000,1143282000,0,0.081,0.174,0.406,0.071,4585000,167125000,1.0,14780658,14636000,14786000,78.114,527477000,604000,32473000,0,36.534,182549000
PLUS,MRY,2016-12-31,2016-03-31,2016-03-31,2018-02-09,-471000,616680000,604496500,477976000,138704000,1.992,22.004,-7537000,94766000,94766000,942142000,44747000,1.748,0.934,3342000,2288000,1054000,3342000,18344000,15980000,0,0.0,0.0,77529000,93509000,0.078,93509000,77529000,75751000,3.08,3.05,3.08,318878000,307127250,318878000,539934968,6,5.774,6573000,0.453,1.0,262057000,0.218,54154000,1778000,197656000,207988500,33343000,0,0,0,297802000,273446000,24356000,602392968,18591000,-16649000,-11339000,67025000,-80000,54448000,-50179000,-14590000,14110000,212000,44747000,44747000,44747000,0,0,0.037,184528000,77529000,257734000,0.0,1.889,13.462,13.07,8644000,0,40.255,0.5,0.485,408753000,331224000,1204199000,1204199000,0,0.074,0.146,0.373,0.064,5711000,178980000,1.0,14964426,14513000,14688000,82.974,562526000,0,31004000,3001000,38.816,204530000
PLUS,MRY,2017-12-31,2017-03-31,2017-03-31,2018-02-09,-583000,741720000,699597750,597324000,144396000,1.9,25.081,-2219000,109760000,109760000,1029630000,50556000,1.587,1.144,908000,908000,0,908000,65312000,11731000,0,0.0,0.0,87655000,99386000,0.075,99386000,87655000,86112000,3.65,3.6,3.65,345918000,327292500,345918000,888145068,10,8.936,30797000,2.221,1.0,299759000,0.225,60557000,1543000,195819000,216465500,93557000,0,0,0,395802000,376492000,19310000,956217068,14994000,-9143000,-30493000,39449000,0,7814000,-26345000,-5122000,33016000,509000,50556000,50556000,50556000,0,0,0.038,212484000,87275000,301524000,0.0,2.764,18.914,18.5,11956000,0,67.525,0.719,0.704,414555000,222823000,1329389000,1329389000,0,0.072,0.154,0.405,0.066,6025000,205232000,1.0,14160934,13867000,14028000,95.867,681163000,0,35556000,1799000,49.388,220832000
