ticker,dimension,calendardate,datekey,reportperiod,lastupdated,accoci,assets,assetsavg,assetsc,assetsnc,assetturnover,bvps,capex,cashneq,cashnequsd,cor,consolinc,currentratio,de,debt,debtc,debtnc,debtusd,deferredrev,depamor,deposits,divyield,dps,ebit,ebitda,ebitdamargin,ebitdausd,ebitusd,ebt,eps,epsdil,epsusd,equity,equityavg,equityusd,ev,evebit,evebitda,fcf,fcfps,fxusd,gp,grossmargin,intangibles,intexp,invcap,invcapavg,inventory,investments,investmentsc,investmentsnc,liabilities,liabilitiesc,liabilitiesnc,marketcap,ncf,ncfbus,ncfcommon,ncfdebt,ncfdiv,ncff,ncfi,ncfinv,ncfo,ncfx,netinc,netinccmn,netinccmnusd,netincdis,netincnci,netmargin,opex,opinc,payables,payoutratio,pb,pe,pe1,ppnenet,prefdivis,price,ps,ps1,receivables,retearn,revenue,revenueusd,rnd,roa,roe,roic,ros,sbcomp,sgna,sharefactor,sharesbas,shareswa,shareswadil,sps,tangibles,taxassets,taxexp,taxliabilities,tbvps,workingcapital
PLXS,MRY,2011-12-31,2011-10-01,2011-10-01,2018-05-04,8129000,1304525000,1278545000,1008570000,295955000,1.745,16.038,-68674000,242107000,242107000,2016490000,89256000,2.218,1.334,287642000,17350000,270292000,287642000,0,46634000,30739000,0.0,0.0,103752000,150386000,0.067,150386000,103752000,92103000,2.34,2.3,2.34,558882000,610604000,558882000,884617806,8,5.882,89777000,2.359,1.0,214742000,0.096,0,11649000,895383000,847266000,455836000,0,0,0,745643000,454677000,290966000,801478806,53863000,0,-194000000,157580000,0,-36954000,-68674000,0,158451000,1040000,89256000,89256000,89256000,0,0,0.04,113563000,101179000,307152000,0.0,1.434,8.98,9.667,247816000,0,22.62,0.359,0.386,284019000,534824000,2231232000,2231232000,0,0.07,0.146,0.122,0.046,11041000,113563000,1.0,35432308,38063000,38800000,58.619,1304525000,28220000,2847000,0,37.436,553893000
PLXS,MRY,2012-12-31,2012-09-29,2012-09-29,2018-05-04,16184000,1411467000,1373353500,1099805000,311662000,1.68,18.523,-60027000,297619000,297619000,2086819000,62089000,2.292,1.175,270422000,10211000,260211000,270422000,0,49214000,36384000,0.0,0.0,107295000,156509000,0.068,156509000,107295000,91231000,1.78,1.75,1.78,649022000,621175500,649022000,1056438329,9,6.75,97476000,2.795,1.0,219913000,0.095,0,16064000,904399000,909666750,457691000,0,0,0,762445000,479871000,282574000,1059666329,55512000,-34155000,6820000,-18272000,0,-10811000,-92182000,2000000,157503000,1002000,62089000,62089000,62089000,0,0,0.027,115754000,104159000,341276000,0.0,1.633,17.067,17.017,265191000,0,30.29,0.459,0.458,323210000,596913000,2306732000,2306732000,0,0.045,0.1,0.118,0.047,12535000,115754000,1.0,34984032,34874000,35529000,66.145,1411467000,9835000,29142000,3268000,40.283,619934000
PLXS,MRY,2013-12-31,2013-09-28,2013-09-28,2018-05-04,20237000,1447684000,1436842250,1079022000,368662000,1.551,19.378,-107249000,341865000,341865000,2014846000,82259000,2.289,1.07,261347000,3574000,257773000,261347000,0,49476000,69295000,0.0,0.0,97621000,147097000,0.066,147097000,97621000,84983000,2.4,2.36,2.4,699301000,678100500,699301000,1221537944,12,8.304,100398000,2.924,1.0,213185000,0.096,0,12638000,895790000,924469750,404020000,0,0,0,748383000,471376000,277007000,1245399944,44246000,0,-46080000,-11018000,0,-57448000,-107249000,0,207647000,1296000,82259000,82259000,82259000,0,0,0.037,116562000,96623000,313404000,0.0,1.781,15.14,15.375,325061000,0,36.9,0.559,0.569,305350000,679172000,2228031000,2228031000,0,0.057,0.121,0.106,0.044,11782000,116562000,1.0,33750676,34330000,34892000,64.9,1447684000,6427000,2724000,2128000,40.115,607646000
PLXS,MRY,2014-12-31,2014-09-27,2014-09-27,2018-05-04,18582000,1609026000,1541374250,1230839000,378187000,1.543,23.172,-62567000,346591000,346591000,2152680000,87213000,2.249,1.06,266414000,4368000,262046000,266414000,0,47864000,56155000,0.0,0.0,105620000,153484000,0.065,153484000,105620000,93325000,2.58,2.52,2.58,781133000,749954250,781133000,1212324902,11,7.899,25865000,0.766,1.0,225569000,0.095,0,12295000,981534000,959203750,525970000,0,0,0,827893000,547315000,280578000,1275350902,4726000,0,-15131000,-4263000,0,-20959000,-62567000,0,88432000,-180000,87213000,87213000,87213000,0,0,0.037,124962000,100607000,396363000,0.0,1.633,14.623,14.647,334926000,0,37.79,0.536,0.537,324072000,766385000,2378249000,2378249000,0,0.057,0.116,0.11,0.044,12970000,113682000,1.0,33748370,33785000,34655000,70.394,1609026000,10124000,6112000,5838000,47.731,683524000
PLXS,MRY,2015-12-31,2015-10-03,2015-10-03,2018-05-04,-6471000,1691760000,1650772500,1334039000,357721000,1.608,25.052,-34669000,357106000,357106000,2414740000,94332000,2.303,1.009,261806000,3513000,258293000,261806000,0,48378000,81359000,0.0,0.0,120259000,168637000,0.064,168637000,120259000,106295000,2.81,2.74,2.81,842272000,819525250,842272000,1186936554,9,7.038,41903000,1.246,1.0,239550000,0.09,0,13964000,1017162000,1033147750,569371000,0,0,0,849488000,579298000,270190000,1278201554,10515000,0,-18620000,-4811000,0,-26203000,-34669000,0,76572000,-5185000,94332000,94332000,94332000,0,0,0.036,124114000,115436000,400710000,0.0,1.518,13.55,13.523,317351000,0,38.0,0.482,0.481,384680000,860717000,2654290000,2654290000,0,0.057,0.115,0.116,0.045,13252000,122423000,1.0,33636883,33618000,34379000,78.954,1691760000,4657000,11963000,0,50.319,754741000
PLXS,MRY,2016-12-31,2016-10-01,2016-10-01,2018-05-04,-11539000,1765819000,1715583250,1433347000,332472000,1.49,27.483,-26516000,432964000,432964000,2328645000,76427000,2.204,0.926,262509000,78507000,184002000,262509000,0,47414000,84637000,0.0,0.0,102029000,149443000,0.058,149443000,102029000,87394000,2.29,2.24,2.29,916797000,883469250,916797000,1393058507,13,9.322,101222000,3.033,1.0,227359000,0.089,0,14635000,944928000,981015000,564131000,0,0,0,849022000,650436000,198586000,1563979507,75858000,0,-13593000,-5116000,0,-21291000,-26516000,0,127738000,-4073000,76427000,76427000,76427000,0,0,0.03,127920000,99439000,397200000,0.0,1.706,20.464,20.428,291225000,0,46.78,0.612,0.611,416888000,937144000,2556004000,2556004000,0,0.045,0.087,0.104,0.04,19341000,120886000,1.0,33432653,33374000,34098000,76.587,1765819000,4834000,10967000,0,52.934,782911000
PLXS,MRY,2017-12-31,2017-09-30,2017-09-30,2018-05-04,-4979000,1976182000,1851335000,1617455000,358727000,1.366,30.589,-37834000,569254000,569254000,2272197000,112062000,1.782,0.926,313107000,286934000,26173000,313107000,0,45330000,107837000,0.0,0.0,135401000,180731000,0.071,180731000,135401000,121823000,3.33,3.24,3.33,1025939000,976556250,1025939000,1657812060,12,9.173,133900000,3.984,1.0,255855000,0.101,0,13578000,812444000,857016000,654642000,0,0,0,950243000,907591000,42652000,1884336060,136290000,0,-20768000,28196000,0,1305000,-37834000,0,171734000,1085000,112062000,112062000,112062000,0,0,0.044,125947000,129908000,413999000,0.0,1.837,16.815,16.841,314665000,0,56.08,0.745,0.746,365513000,1049206000,2528052000,2528052000,0,0.061,0.115,0.158,0.054,17411000,125947000,1.0,33600857,33612000,34553000,75.213,1976182000,5292000,9761000,0,58.92,709864000
