ticker,dimension,calendardate,datekey,reportperiod,lastupdated,accoci,assets,assetsavg,assetsc,assetsnc,assetturnover,bvps,capex,cashneq,cashnequsd,cor,consolinc,currentratio,de,debt,debtc,debtnc,debtusd,deferredrev,depamor,deposits,divyield,dps,ebit,ebitda,ebitdamargin,ebitdausd,ebitusd,ebt,eps,epsdil,epsusd,equity,equityavg,equityusd,ev,evebit,evebitda,fcf,fcfps,fxusd,gp,grossmargin,intangibles,intexp,invcap,invcapavg,inventory,investments,investmentsc,investmentsnc,liabilities,liabilitiesc,liabilitiesnc,marketcap,ncf,ncfbus,ncfcommon,ncfdebt,ncfdiv,ncff,ncfi,ncfinv,ncfo,ncfx,netinc,netinccmn,netinccmnusd,netincdis,netincnci,netmargin,opex,opinc,payables,payoutratio,pb,pe,pe1,ppnenet,prefdivis,price,ps,ps1,receivables,retearn,revenue,revenueusd,rnd,roa,roe,roic,ros,sbcomp,sgna,sharefactor,sharesbas,shareswa,shareswadil,sps,tangibles,taxassets,taxexp,taxliabilities,tbvps,workingcapital
PMFG,MRY,2011-12-31,2011-07-02,2011-07-02,2017-04-14,-1331000,140709000,139658500,81139000,59570000,0.872,4.769,-2919000,19538000,19538000,83387000,5861000,2.179,0.665,12571000,2600000,9971000,12571000,4866000,3584000,1938000,0.0,0.0,5003000,8587000,0.071,8587000,5003000,2666000,0.29,0.28,0.29,83672000,69341250,83672000,341896793,68,39.816,-1588000,-0.091,1.0,38407000,0.315,49810000,2337000,46701000,43406000,6556000,0,0,0,55668000,37231000,18437000,351224793,-11366000,0,442000,-7808000,0,-7357000,-6308000,0,1331000,968000,5749000,5027000,5027000,0,112000,0.041,40634000,-2227000,19494000,0.0,4.198,69.868,69.034,8854000,722000,20.02,2.884,2.884,47558000,36170000,121794000,121794000,8504000,0.036,0.072,0.115,0.041,948000,28579000,1.0,17543696,17543696,,6.942,90899000,5013000,-3083000,7416000,5.181,43908000
PMFG,MRY,2012-12-31,2012-06-30,2012-06-30,2017-04-14,-1913000,183279000,163284000,122286000,60993000,0.829,6.237,-2480000,60213000,60213000,94083000,-1038000,2.716,0.404,0,0,0,0,11797000,3395000,3241000,0.0,0.0,-714000,2681000,0.02,2681000,-714000,-1981000,-0.05,-0.05,-0.05,129561000,107191500,129561000,107807987,-150,40.212,13095000,0.63,1.0,41235000,0.305,51160000,1267000,26887000,37173750,6478000,0,0,0,52393000,45019000,7374000,162243987,39381000,-2487000,44334000,-12664000,0,31655000,-6961000,0,15575000,-888000,-976000,-976000,-976000,0,-62000,-0.007,40760000,475000,19976000,0.0,1.252,-166.234,-156.2,9522000,0,7.81,1.199,1.199,47063000,35194000,135318000,135318000,9144000,-0.006,-0.009,-0.019,-0.005,3029000,31616000,1.0,20773878,20773878,,6.514,132119000,5292000,-1005000,6775000,6.36,77267000
PMFG,MRY,2013-12-31,2013-06-29,2013-06-29,2017-04-14,-2004000,180111000,184843250,108473000,71638000,0.724,6.116,-15992000,58049000,58049000,87092000,-1488000,3.241,0.377,8719000,0,8719000,8719000,6277000,2682000,2566000,0.0,0.0,-117000,2565000,0.019,2565000,-117000,-609000,-0.1,-0.1,-0.1,127954000,129832250,127954000,84992164,-726,33.135,-10557000,-0.505,1.0,46800000,0.35,46609000,492000,50701000,32815500,6488000,0,0,0,48225000,33471000,14754000,144768164,734000,-1296000,19000,7756000,0,9809000,-14467000,0,5435000,-43000,-2080000,-2080000,-2080000,0,592000,-0.016,45982000,818000,16662000,0.0,1.131,-69.6,-69.2,24031000,0,6.92,1.081,1.081,39053000,33114000,133892000,133892000,9406000,-0.011,-0.016,-0.004,-0.001,477000,33051000,1.0,20920255,20920255,,6.4,133502000,1456000,1471000,4474000,6.381,75002000
PMFG,MRY,2014-12-31,2014-06-28,2014-06-28,2017-04-14,-587000,167223000,189787000,104834000,62389000,0.688,4.357,-9476000,42844000,42844000,94754000,-38318000,2.108,0.759,16557000,2408000,14149000,16557000,8848000,2582000,3129000,0.0,0.0,-37993000,-35411000,-0.271,-35411000,-37993000,-39661000,-1.82,-1.82,-1.82,91899000,116715750,91899000,74717814,-1,-2.11,-19099000,-0.905,1.0,35896000,0.275,27946000,1668000,63265000,59730750,10833000,0,0,0,69751000,49725000,20026000,104839814,-25746000,-8891000,12000,9446000,0,11028000,-27930000,0,-9623000,779000,-38384000,-38384000,-38384000,0,66000,-0.294,73136000,-37240000,22336000,0.0,1.141,-2.731,-2.731,31633000,0,4.97,0.802,0.802,46110000,-5270000,130650000,130650000,11181000,-0.202,-0.329,-0.636,-0.291,900000,35324000,1.0,21094530,21094530,,6.194,139277000,2587000,-1277000,4924000,6.603,55109000
PMFG,MRY,2015-12-31,2015-06-27,2015-06-27,2017-04-14,-3506000,162493000,169698750,102873000,59620000,0.935,3.843,-1787000,34801000,34801000,113046000,-8222000,1.54,0.915,14158000,11258000,2900000,14158000,8507000,3028000,2358000,0.0,0.0,-6204000,-3176000,-0.02,-3176000,-6204000,-7952000,-0.4,-0.4,-0.4,81857000,88617750,81857000,123502965,-19,-38.886,-5114000,-0.24,1.0,45597000,0.287,26240000,1748000,48804000,61948250,7990000,0,0,0,74881000,66806000,8075000,143768965,-9725000,2059000,83000,-2422000,0,-2651000,-1809000,0,-3327000,-1938000,-8472000,-8472000,-8472000,0,250000,-0.053,52408000,-6811000,33249000,0.0,1.756,-16.97,-16.875,31158000,0,6.75,0.906,0.906,56594000,-13742000,158643000,158643000,13094000,-0.05,-0.096,-0.1,-0.039,1266000,38908000,1.0,21299106,21299106,,7.448,136253000,2058000,520000,3659000,6.397,36067000
