ticker,dimension,calendardate,datekey,reportperiod,lastupdated,accoci,assets,assetsavg,assetsc,assetsnc,assetturnover,bvps,capex,cashneq,cashnequsd,cor,consolinc,currentratio,de,debt,debtc,debtnc,debtusd,deferredrev,depamor,deposits,divyield,dps,ebit,ebitda,ebitdamargin,ebitdausd,ebitusd,ebt,eps,epsdil,epsusd,equity,equityavg,equityusd,ev,evebit,evebitda,fcf,fcfps,fxusd,gp,grossmargin,intangibles,intexp,invcap,invcapavg,inventory,investments,investmentsc,investmentsnc,liabilities,liabilitiesc,liabilitiesnc,marketcap,ncf,ncfbus,ncfcommon,ncfdebt,ncfdiv,ncff,ncfi,ncfinv,ncfo,ncfx,netinc,netinccmn,netinccmnusd,netincdis,netincnci,netmargin,opex,opinc,payables,payoutratio,pb,pe,pe1,ppnenet,prefdivis,price,ps,ps1,receivables,retearn,revenue,revenueusd,rnd,roa,roe,roic,ros,sbcomp,sgna,sharefactor,sharesbas,shareswa,shareswadil,sps,tangibles,taxassets,taxexp,taxliabilities,tbvps,workingcapital
POST,MRY,2011-12-31,2011-09-30,2011-09-30,2018-05-04,-3600000,2723200000,,135300000,2587900000,,41.346,-14900000,1700000,1700000,516600000,-424300000,1.007,0.898,784500000,68000000,716500000,784500000,0,58700000,0,,0.0,-379100000,-320400000,-0.331,-320400000,-379100000,-430600000,-12.33,-12.33,-12.33,1434700000,,1434700000,,,,128900000,3.747,1.0,451600000,0.466,2114800000,51500000,1256900000,,66600000,60200000,0,60200000,1288500000,134300000,1154200000,,-3100000,0,0,60200000,0,-132100000,-14900000,0,143800000,100000,-424300000,-424300000,-424300000,0,0,-0.438,820200000,-368600000,28800000,0.0,,,,412100000,0,,,,51400000,0,968200000,968200000,0,,,,-0.392,1700000,239500000,1.0,,34400000,34400000,28.145,608400000,3800000,-6300000,332800000,17.533,1000000
POST,MRY,2012-12-31,2012-09-30,2012-09-30,2018-05-04,-24600000,2732300000,2746050000,209700000,2522600000,0.349,35.904,-30900000,58200000,58200000,530000000,49900000,1.659,1.219,945600000,15300000,930300000,945600000,0,63200000,0,0.0,0.0,140700000,203900000,0.213,203900000,140700000,80400000,1.45,1.45,1.45,1231500000,1304625000,1231500000,1898441013,13,9.311,113100000,3.297,1.0,428900000,0.447,2102600000,60300000,1390700000,1368250000,78600000,0,0,0,1500800000,126400000,1374400000,1034141013,56500000,0,-53400000,935700000,0,-57100000,-30900000,0,144000000,500000,49900000,49900000,49900000,0,0,0.052,289300000,139600000,50000000,0.0,0.84,20.724,20.731,405100000,0,30.06,1.078,1.075,56500000,36600000,958900000,958900000,0,0.018,0.038,0.103,0.147,4500000,274000000,1.0,34402562,34300000,34500000,27.956,629700000,1100000,30500000,314900000,18.359,83300000
POST,MRY,2013-12-31,2013-09-30,2013-09-30,2018-05-04,-13100000,3473800000,3161100000,668100000,2805700000,0.327,45.412,-32800000,440100000,440100000,609200000,15200000,4.576,1.318,1408600000,0,1408600000,1408600000,0,76800000,0,0.0,0.0,107800000,184600000,0.179,184600000,107800000,22300000,0.3,0.3,0.3,1498600000,1426650000,1498600000,2115246815,19,11.459,86400000,2.642,1.0,424900000,0.411,2388100000,85500000,1908200000,1658125000,121900000,0,0,0,1975200000,146000000,1829200000,1319646815,343800000,-352900000,0,418900000,0,648800000,-423800000,0,119200000,-400000,15200000,9800000,9800000,0,0,0.009,317100000,107800000,77100000,0.0,0.881,134.658,134.567,388500000,5400000,40.37,1.276,1.277,83200000,47600000,1034100000,1034100000,0,0.003,0.007,0.065,0.104,10500000,298200000,1.0,32688799,32700000,33000000,31.624,1085700000,14300000,7100000,304300000,32.9,522100000
POST,MRY,2014-12-31,2014-09-30,2014-09-30,2018-05-04,-27600000,7731100000,6305625000,1219000000,6512100000,0.382,57.511,-115500000,353200000,353200000,1789900000,-343200000,2.345,2.386,3856100000,25600000,3830500000,3856100000,0,155800000,0,0.0,0.0,-243200000,-87400000,-0.036,-87400000,-243200000,-426900000,-9.03,-9.03,-9.03,2283200000,2189125000,2283200000,4968951825,-20,-56.853,67600000,1.703,1.0,621200000,0.258,5529700000,183700000,5184400000,4067300000,380700000,0,0,0,5447900000,519900000,4928000000,1487251825,-133600000,-3639100000,831500000,2356500000,0,3484200000,-3793600000,0,183100000,-7300000,-343200000,-358600000,-358600000,0,0,-0.149,864400000,-243200000,225000000,0.0,0.651,-4.147,-3.674,831900000,15400000,33.18,0.617,0.546,413700000,-305700000,2411100000,2411100000,0,-0.057,-0.164,-0.06,-0.101,14500000,459500000,1.0,44823744,39700000,39700000,60.733,2201400000,27000000,-83700000,915100000,55.451,699100000
POST,MRY,2015-12-31,2015-09-30,2015-09-30,2018-05-04,-89100000,9163900000,8438875000,1772800000,7391100000,0.551,46.792,-107900000,860200000,860200000,3473800000,-115300000,2.901,2.079,4470900000,16000000,4454900000,4470900000,0,272800000,0,0.0,0.0,90200000,363000000,0.078,363000000,90200000,-167300000,-2.33,-2.33,-2.33,2976000000,2585550000,2976000000,7484755564,82,20.619,343700000,6.062,1.0,1174400000,0.253,6042100000,257500000,6121500000,5667375000,465300000,0,0,0,6187900000,611000000,5576900000,3241755564,573000000,-1235400000,748200000,639900000,0,1372400000,-1248700000,0,451600000,-2300000,-115300000,-132300000,-132300000,0,0,-0.028,961700000,212700000,265200000,0.0,1.089,-24.503,-25.365,1333200000,17000000,59.1,0.697,0.721,366200000,-421000000,4648200000,4648200000,0,-0.016,-0.051,0.016,0.019,22700000,734100000,1.0,54852040,56700000,56700000,81.979,3121800000,47700000,-52000000,831800000,49.085,1161800000
POST,MRY,2016-12-31,2016-09-30,2016-09-30,2018-05-04,-60400000,9360600000,9261050000,2076900000,7283700000,0.543,43.352,-121500000,1152000000,1152000000,3479400000,-3300000,3.276,2.111,4563500000,12300000,4551200000,4563500000,0,302800000,0,0.0,0.0,276400000,579200000,0.115,579200000,276400000,-30100000,-0.41,-0.41,-0.41,3008600000,3008775000,3008600000,8462017349,30,14.61,380900000,5.536,1.0,1547400000,0.308,5913400000,306500000,6224700000,6256575000,503100000,0,0,0,6352000000,634000000,5718000000,4989017349,302200000,-87100000,7700000,5500000,0,-4500000,-196100000,0,502400000,400000,-3300000,-28400000,-28400000,0,0,-0.006,1001700000,545700000,264400000,0.0,1.658,-175.67,-188.22,1354400000,25100000,77.17,0.992,1.056,385000000,-424300000,5026800000,5026800000,0,-0.003,-0.009,0.044,0.055,17200000,839700000,1.0,64649700,68800000,68800000,73.064,3447200000,0,-26800000,726500000,49.671,1442900000
POST,MRY,2017-12-31,2017-09-30,2017-09-30,2018-05-04,-40000000,11876800000,10423600000,2615900000,9260900000,0.501,42.077,-190400000,1530100000,1530100000,3651700000,48300000,3.714,3.257,7171200000,22100000,7149100000,7171200000,0,323100000,0,0.0,0.0,389200000,712300000,0.136,712300000,389200000,74400000,0.51,0.5,0.51,2789700000,2878250000,2789700000,9752272917,25,13.691,196300000,2.895,1.0,1574100000,0.301,7385900000,314800000,9427600000,7818175000,573500000,0,0,0,9087100000,704400000,8382700000,5839672917,382300000,-1915200000,-304400000,2374000000,0,2053100000,-2090800000,0,386700000,33300000,48300000,34800000,34800000,0,0,0.007,1053800000,520300000,336000000,0.0,2.093,167.807,173.078,1690700000,13500000,88.27,1.117,1.145,480600000,-376000000,5225800000,5225800000,0,0.003,0.012,0.05,0.074,23600000,867400000,1.0,66156938,67800000,69900000,77.077,4490900000,0,26100000,905800000,67.736,1911500000
