ticker,dimension,calendardate,datekey,reportperiod,lastupdated,accoci,assets,assetsavg,assetsc,assetsnc,assetturnover,bvps,capex,cashneq,cashnequsd,cor,consolinc,currentratio,de,debt,debtc,debtnc,debtusd,deferredrev,depamor,deposits,divyield,dps,ebit,ebitda,ebitdamargin,ebitdausd,ebitusd,ebt,eps,epsdil,epsusd,equity,equityavg,equityusd,ev,evebit,evebitda,fcf,fcfps,fxusd,gp,grossmargin,intangibles,intexp,invcap,invcapavg,inventory,investments,investmentsc,investmentsnc,liabilities,liabilitiesc,liabilitiesnc,marketcap,ncf,ncfbus,ncfcommon,ncfdebt,ncfdiv,ncff,ncfi,ncfinv,ncfo,ncfx,netinc,netinccmn,netinccmnusd,netincdis,netincnci,netmargin,opex,opinc,payables,payoutratio,pb,pe,pe1,ppnenet,prefdivis,price,ps,ps1,receivables,retearn,revenue,revenueusd,rnd,roa,roe,roic,ros,sbcomp,sgna,sharefactor,sharesbas,shareswa,shareswadil,sps,tangibles,taxassets,taxexp,taxliabilities,tbvps,workingcapital
POWL,MRY,2011-12-31,2011-09-30,2011-09-30,2018-05-09,-1371000,421676000,417906250,336682000,84994000,1.346,23.433,-6993000,124466000,124466000,462467000,-2715000,2.445,0.531,5441000,1140000,4301000,5441000,44523000,15446000,0,0.0,0.0,4405000,19851000,0.035,19851000,4405000,3997000,-0.23,-0.23,-0.23,275343000,281534000,275343000,232238831,52,11.699,8494000,0.724,1.0,99930000,0.178,16850000,408000,148077000,145610250,36640000,0,0,0,146333000,137724000,8609000,363739831,7922000,0,495000,-1476000,0,-801000,-6764000,1229000,15487000,191000,-2715000,-2715000,-2715000,0,0,-0.005,96968000,2962000,56893000,0.0,1.321,-133.974,-134.652,59637000,0,30.97,0.647,0.646,160885000,242254000,562397000,562397000,7520000,-0.006,-0.01,0.03,0.008,99000,77538000,1.0,11744909,11735000,11735000,47.925,404826000,7651000,6712000,881000,34.453,198958000
POWL,MRY,2012-12-31,2012-09-30,2012-09-30,2018-05-09,-379000,448312000,444171250,346410000,101902000,1.555,25.726,-28868000,90040000,90040000,557938000,29657000,2.647,0.446,4355000,725000,3630000,4355000,37144000,13077000,0,0.0,0.0,47985000,61062000,0.088,61062000,47985000,47713000,2.5,2.49,2.5,310103000,290591750,310103000,356685924,7,5.841,-34833000,-2.939,1.0,132803000,0.192,14320000,272000,217434000,180218000,32917000,0,0,0,138209000,130873000,7336000,459038924,-32562000,0,1799000,-1117000,0,1271000,-27868000,0,-5965000,-864000,29657000,29657000,29657000,-914000,0,0.043,85846000,46957000,48490000,0.0,1.48,15.478,15.468,78652000,0,38.67,0.665,0.663,212505000,271911000,690741000,690741000,6286000,0.067,0.102,0.266,0.069,980000,76961000,1.0,11870673,11850000,11925000,58.29,433992000,7506000,18056000,3516000,36.004,215537000
POWL,MRY,2013-12-31,2013-09-30,2013-09-30,2018-05-09,-2073000,530903000,486455250,357340000,173563000,1.317,29.612,-73484000,107411000,107411000,502375000,42076000,2.126,0.495,3616000,416000,3200000,3616000,48334000,10190000,0,0.0,0.0,49630000,59820000,0.093,59820000,49630000,49463000,3.52,3.51,3.52,355226000,332786750,355226000,611631891,12,10.225,17941000,1.502,1.0,138492000,0.216,12615000,167000,246430000,219748000,28963000,0,0,0,175677000,168063000,7614000,732857891,17489000,0,0,-729000,0,-452000,-73484000,0,91425000,-118000,42076000,42076000,42076000,-2337000,0,0.066,91199000,47293000,55528000,0.0,2.063,17.417,17.412,144495000,0,61.29,1.144,1.143,191494000,313987000,640867000,640867000,7615000,0.086,0.126,0.226,0.077,4000000,79707000,1.0,11957218,11948000,11994000,53.638,518288000,16528000,7387000,4647000,43.205,189277000
POWL,MRY,2014-12-31,2014-09-30,2014-09-30,2018-05-09,-6503000,541443000,521114500,357327000,184116000,1.243,30.925,-16377000,103118000,103118000,522340000,29224000,2.26,0.459,3200000,400000,2800000,3200000,55297000,12165000,0,0.024,1.0,40457000,52622000,0.081,52622000,40457000,40292000,2.43,2.42,2.43,371097000,369328750,371097000,406357355,10,7.722,-7249000,-0.604,1.0,125474000,0.194,2907000,165000,280519000,283509500,32815000,0,0,0,170346000,158099000,12247000,490920355,-4936000,14819000,0,-416000,-11998000,-12506000,-1558000,0,9128000,643000,29224000,29224000,29224000,-9604000,0,0.045,96143000,29331000,70209000,0.412,1.323,16.799,16.815,156896000,0,40.86,0.758,0.757,207799000,331213000,647814000,647814000,7608000,0.056,0.079,0.143,0.062,2978000,87756000,1.0,12014693,12003000,12058000,53.971,538536000,19523000,11068000,705000,44.878,199228000
POWL,MRY,2015-12-31,2015-09-30,2015-09-30,2018-05-09,-22401000,468824000,499874750,297099000,171725000,1.324,28.687,-34607000,43569000,43569000,553597000,9439000,2.378,0.407,2800000,400000,2400000,2800000,46623000,13555000,0,0.035,1.04,23050000,36605000,0.055,36605000,23050000,22991000,0.8,0.79,0.8,333262000,347023000,333262000,292218959,12,7.983,-21689000,-1.827,1.0,108261000,0.164,2393000,59000,300710000,304123750,32891000,0,0,0,135562000,124952000,10610000,352777959,-56637000,0,-21259000,-400000,-12358000,-34948000,-34607000,0,12918000,-2912000,9439000,9439000,9439000,0,0,0.014,87613000,20648000,48008000,1.3,1.059,37.375,37.625,154594000,0,30.1,0.533,0.54,208910000,328294000,661858000,661858000,6980000,0.019,0.027,0.076,0.035,3362000,76801000,1.0,11720198,11869000,11908000,55.764,466431000,7430000,13552000,784000,40.151,172147000
POWL,MRY,2016-12-31,2016-09-30,2016-09-30,2018-05-09,-23768000,462516000,460395250,304140000,158376000,1.228,29.313,-2857000,97720000,97720000,459038000,15510000,2.572,0.379,2400000,400000,2000000,2400000,46510000,13331000,0,0.026,1.04,17786000,31117000,0.055,31117000,17786000,17793000,1.36,1.36,1.36,335317000,332008250,335317000,369358394,20,11.87,72049000,6.32,1.0,106205000,0.188,2059000,-7000,246889000,266102750,26521000,0,0,0,127199000,118248000,8951000,456309394,54677000,0,-3740000,-400000,-11845000,-17372000,-2857000,0,74906000,-526000,15510000,15510000,15510000,0,0,0.027,90448000,15757000,34985000,0.765,1.361,29.42,29.449,144977000,0,40.05,0.807,0.808,167154000,331959000,565243000,565243000,6731000,0.034,0.047,0.067,0.031,5270000,74924000,1.0,11393493,11400000,11431000,49.583,460457000,5719000,2283000,1597000,40.253,185892000
POWL,MRY,2017-12-31,2017-09-30,2017-09-30,2018-05-09,-18754000,414986000,424066500,250071000,164915000,0.934,28.113,-3624000,93210000,93210000,345142000,-9486000,2.922,0.292,2000000,400000,1600000,2000000,26673000,12755000,0,0.035,1.04,-17309000,-4554000,-0.012,-4554000,-17309000,-16919000,-0.83,-0.83,-0.83,321296000,326099750,321296000,286959853,-16,-63.013,33191000,2.904,1.0,50769000,0.128,1719000,-390000,236478000,253179750,18448000,26829000,26829000,0,93690000,85579000,8111000,342744853,-31162000,0,0,-400000,-11875000,-12673000,-55304000,-26829000,36815000,1801000,-9486000,-9486000,-9486000,0,0,-0.024,70107000,-19338000,33269000,-1.253,1.067,-36.132,-36.133,139420000,0,29.99,0.866,0.866,105406000,310598000,395911000,395911000,6906000,-0.022,-0.029,-0.068,-0.044,2724000,61524000,1.0,11428638,11428638,,34.642,413267000,11990000,-7433000,1219000,36.161,164492000
