ticker,dimension,calendardate,datekey,reportperiod,lastupdated,accoci,assets,assetsavg,assetsc,assetsnc,assetturnover,bvps,capex,cashneq,cashnequsd,cor,consolinc,currentratio,de,debt,debtc,debtnc,debtusd,deferredrev,depamor,deposits,divyield,dps,ebit,ebitda,ebitdamargin,ebitdausd,ebitusd,ebt,eps,epsdil,epsusd,equity,equityavg,equityusd,ev,evebit,evebitda,fcf,fcfps,fxusd,gp,grossmargin,intangibles,intexp,invcap,invcapavg,inventory,investments,investmentsc,investmentsnc,liabilities,liabilitiesc,liabilitiesnc,marketcap,ncf,ncfbus,ncfcommon,ncfdebt,ncfdiv,ncff,ncfi,ncfinv,ncfo,ncfx,netinc,netinccmn,netinccmnusd,netincdis,netincnci,netmargin,opex,opinc,payables,payoutratio,pb,pe,pe1,ppnenet,prefdivis,price,ps,ps1,receivables,retearn,revenue,revenueusd,rnd,roa,roe,roic,ros,sbcomp,sgna,sharefactor,sharesbas,shareswa,shareswadil,sps,tangibles,taxassets,taxexp,taxliabilities,tbvps,workingcapital
PROV,MRY,2011-12-31,2011-06-30,2011-06-30,2018-05-08,638000,1313724000,1350002000,,,0.051,12.341,1310000,142550000,142550000,0,13220000,,8.323,206598000,,,206598000,0,1417000,945767000,0.005,0.04,23269000,24686000,0.36,24686000,23269000,23269000,1.16,1.16,1.16,140918000,137438750,140918000,147717418,6,5.984,-1104000,-0.097,1.0,68641000,1.0,0,0,1377772000,1466361750,0,1126457000,,,1172806000,,,91463418,46349000,0,0,-103049000,-456000,-90669000,139432000,138122000,-2414000,0,13220000,13220000,13220000,0,0,0.193,45372000,23269000,20441000,0.034,0.649,6.919,6.905,13134000,0,8.01,1.332,1.332,0,147322000,68641000,68641000,0,0.01,0.096,0.016,0.339,1262000,37103000,1.0,11418654,11418654,,6.011,1313724000,0,10049000,0,115.051,
PROV,MRY,2012-12-31,2012-06-30,2012-06-30,2018-05-08,626000,1260917000,1291576750,,,0.057,13.145,-2595000,145136000,145136000,0,10810000,,7.709,126546000,,,126546000,0,1357000,961411000,0.012,0.14,18738000,20095000,0.271,20095000,18738000,18738000,0.96,0.96,0.96,144777000,143640500,144777000,86544097,4,4.307,-14919000,-1.355,1.0,74103000,1.0,0,0,1242327000,1314191500,0,1073628000,,,1116140000,,,126991097,2586000,0,-6621000,-80052000,-1572000,-72601000,87511000,90106000,-12324000,0,10810000,10810000,10810000,0,0,0.146,55365000,18738000,28183000,0.146,0.877,11.748,12.01,12089000,0,11.53,1.714,1.714,0,156560000,74103000,74103000,0,0.008,0.075,0.014,0.253,1254000,47625000,1.0,11013972,11013972,,6.728,1260917000,0,7928000,0,114.483,
PROV,MRY,2013-12-31,2013-06-30,2013-06-30,2018-05-08,554000,1211041000,1238084500,,,0.089,15.308,-1111000,193839000,193839000,0,25797000,,6.57,106491000,,,106491000,0,1746000,923010000,0.015,0.24,42713000,44459000,0.404,44459000,42713000,42713000,2.43,2.38,2.43,159974000,156029250,159974000,52136479,1,1.173,53954000,5.163,1.0,110056000,1.0,0,0,1123693000,1201525500,0,971230000,,,1051067000,,,165953479,48703000,0,-8663000,-20055000,-2541000,-69752000,63390000,64501000,55065000,0,25797000,25797000,25797000,0,0,0.234,67343000,42713000,21566000,0.099,1.037,6.433,6.535,8987000,0,15.88,1.508,1.508,0,179816000,110056000,110056000,0,0.021,0.165,0.036,0.388,860000,60429000,1.0,10450471,10450471,,10.531,1211041000,0,16916000,0,115.884,
PROV,MRY,2014-12-31,2014-06-30,2014-06-30,2018-05-08,386000,1105629000,1129459750,,,0.058,15.086,-715000,118937000,118937000,0,6606000,,6.58,41431000,,,41431000,0,1658000,897870000,0.028,0.4,11610000,13268000,0.202,13268000,11610000,11610000,0.67,0.65,0.67,145862000,151356750,145862000,-1436528,0,-0.108,47802000,4.944,1.0,65778000,1.0,0,0,1028123000,1016866250,0,955227000,,,959767000,,,140585471,-74902000,0,-16797000,-65060000,-3964000,-111276000,-12143000,-11428000,48517000,0,6606000,6606000,6606000,0,0,0.1,54168000,11610000,20466000,0.597,0.964,21.281,21.701,8836000,0,14.54,2.137,2.137,0,182458000,65778000,65778000,0,0.006,0.044,0.011,0.177,841000,47935000,1.0,9668877,9668877,,6.803,1105629000,0,5004000,0,114.349,
PROV,MRY,2015-12-31,2015-06-30,2015-06-30,2018-05-08,331000,1174555000,1151897500,,,0.065,16.187,-376000,81403000,81403000,0,9803000,,7.322,91367000,,,91367000,0,1857000,924086000,0.027,0.45,17080000,18937000,0.252,18937000,17080000,17080000,1.09,1.07,1.09,141137000,143077000,141137000,246663871,14,13.025,-58151000,-6.67,1.0,75049000,1.0,0,0,1184519000,1170965750,0,1062004000,,,1033418000,,,145954871,-37534000,0,-12300000,49936000,-4055000,60194000,-39953000,-39577000,-57775000,0,9803000,9803000,9803000,0,0,0.131,57969000,17080000,17965000,0.413,1.034,14.889,15.358,7815000,0,16.74,1.945,1.945,0,188206000,75049000,75049000,0,0.009,0.069,0.015,0.228,1088000,51826000,1.0,8718929,8718929,,8.608,1174555000,0,7277000,0,134.713,
PROV,MRY,2016-12-31,2016-06-30,2016-06-30,2018-05-08,313000,1171381000,1171727750,,,0.061,16.323,-1517000,51206000,51206000,0,7474000,,7.778,91299000,,,91299000,0,1909000,926384000,0.026,0.48,12846000,14755000,0.208,14755000,12846000,12846000,0.9,0.88,0.9,133451000,136555000,133451000,129454018,10,8.774,46218000,5.653,1.0,71105000,1.0,0,0,1211474000,1155505000,0,1089096000,,,1037930000,,,149618018,-30197000,0,-12448000,-68000,-4014000,-14010000,-63922000,-62405000,47735000,0,7474000,7474000,7474000,0,0,0.105,58259000,12846000,20247000,0.533,1.121,20.018,20.333,8749000,0,18.3,2.104,2.104,0,191666000,71105000,71105000,0,0.006,0.055,0.011,0.181,876000,52178000,1.0,8175848,8175848,,8.697,1171381000,0,5372000,0,143.273,
PROV,MRY,2017-12-31,2017-06-30,2017-06-30,2018-05-08,229000,1200633000,1208686750,,,0.056,16.249,-1491000,72826000,72826000,0,5207000,,8.363,126226000,,,126226000,0,2640000,926521000,0.027,0.52,8816000,11456000,0.169,11456000,8816000,8816000,0.66,0.64,0.66,128230000,131399750,128230000,137858279,15,12.034,81415000,10.317,1.0,67601000,1.0,0,0,1254033000,1252345750,0,1099334000,,,1072403000,,,151912279,21620000,0,-7772000,34927000,-4119000,23230000,-84516000,-83025000,82906000,0,5207000,5207000,5207000,0,0,0.077,58785000,8816000,19656000,0.788,1.185,29.175,29.167,8256000,0,19.25,2.247,2.247,0,192754000,67601000,67601000,0,0.004,0.04,0.007,0.13,1433000,51648000,1.0,7891547,7891547,,8.566,1200633000,0,3609000,0,152.142,
