ticker,dimension,calendardate,datekey,reportperiod,lastupdated,accoci,assets,assetsavg,assetsc,assetsnc,assetturnover,bvps,capex,cashneq,cashnequsd,cor,consolinc,currentratio,de,debt,debtc,debtnc,debtusd,deferredrev,depamor,deposits,divyield,dps,ebit,ebitda,ebitdamargin,ebitdausd,ebitusd,ebt,eps,epsdil,epsusd,equity,equityavg,equityusd,ev,evebit,evebitda,fcf,fcfps,fxusd,gp,grossmargin,intangibles,intexp,invcap,invcapavg,inventory,investments,investmentsc,investmentsnc,liabilities,liabilitiesc,liabilitiesnc,marketcap,ncf,ncfbus,ncfcommon,ncfdebt,ncfdiv,ncff,ncfi,ncfinv,ncfo,ncfx,netinc,netinccmn,netinccmnusd,netincdis,netincnci,netmargin,opex,opinc,payables,payoutratio,pb,pe,pe1,ppnenet,prefdivis,price,ps,ps1,receivables,retearn,revenue,revenueusd,rnd,roa,roe,roic,ros,sbcomp,sgna,sharefactor,sharesbas,shareswa,shareswadil,sps,tangibles,taxassets,taxexp,taxliabilities,tbvps,workingcapital
PSBH,MRY,2011-12-31,2011-06-30,2011-06-30,2017-10-23,-1267000,472499000,479041750,,,0.027,7.37,-65000,8273000,8273000,0,1098000,,9.108,87744000,,,87744000,0,512000,333773000,0.0,0.0,1635000,2147000,0.166,2147000,1635000,1635000,0.17,0.17,0.17,46747000,46196500,46747000,121983798,74,56.816,7079000,1.116,1.0,12948000,1.0,7236000,0,544734000,560880500,0,435598000,,,425752000,,,33884798,-15018000,0,0,-18652000,0,-19886000,-2276000,-2438000,7144000,0,1098000,1098000,1098000,0,0,0.085,11282000,1666000,0,0.0,0.725,30.86,30.529,4849000,0,5.19,2.617,2.542,0,22648000,12948000,12948000,0,0.002,0.024,0.003,0.126,177000,8614000,1.0,6528863,6342473,6342473,2.041,465263000,4216000,537000,0,73.357,
PSBH,MRY,2012-12-31,2012-06-30,2012-06-30,2017-10-23,-1013000,452343000,460956000,,,0.026,7.563,-528000,11413000,11413000,0,1050000,,8.397,57153000,,,57153000,0,464000,342338000,0.0,0.0,1265000,1729000,0.142,1729000,1265000,1265000,0.16,0.16,0.16,48135000,46747000,48135000,76216647,60,44.081,7942000,1.248,1.0,12210000,1.0,7114000,0,490969000,515042750,0,409292000,,,404208000,,,27290647,3140000,0,0,-30591000,0,-21758000,16428000,18915000,8470000,0,1050000,1050000,1050000,0,0,0.086,10945000,1265000,0,0.0,0.567,25.991,26.125,4526000,0,4.18,2.235,2.179,2000000,23630000,12210000,12210000,0,0.002,0.022,0.002,0.104,84000,8392000,1.0,6528863,6364345,6364345,1.919,445229000,3890000,215000,0,69.957,
PSBH,MRY,2013-12-31,2013-06-30,2013-06-30,2017-10-23,-523000,454378000,451491250,,,0.027,7.844,-78000,12793000,12793000,0,1337000,,8.073,58349000,,,58349000,0,457000,341285000,0.0,0.0,1642000,2099000,0.172,2099000,1642000,1642000,0.21,0.21,0.21,50081000,50233000,50081000,82125157,50,39.126,4688000,0.734,1.0,12225000,1.0,6912000,0,493022000,493538000,0,413600000,,,404297000,,,36698157,1380000,0,0,1196000,0,282000,-3668000,-3988000,4766000,0,1337000,1337000,1337000,0,0,0.109,10583000,1642000,0,0.0,0.733,27.448,26.714,4237000,0,5.61,3.002,2.93,0,24836000,12225000,12225000,0,0.003,0.027,0.003,0.134,66000,8236000,1.0,6541561,6384712,6384712,1.915,447466000,2903000,305000,0,70.084,
PSBH,MRY,2014-12-31,2014-06-30,2014-06-30,2017-10-23,-237000,461039000,456350750,,,0.027,8.036,-196000,7335000,7335000,0,1003000,,7.961,57681000,,,57681000,0,444000,347256000,0.0,0.0,1155000,1599000,0.13,1599000,1155000,1155000,0.16,0.16,0.16,51451000,50715000,51451000,97062289,84,60.702,3832000,0.599,1.0,12342000,1.0,6912000,0,504473000,501944000,0,426410000,,,409588000,,,43959289,-5458000,0,0,-668000,0,5450000,-14936000,-14794000,4028000,0,1003000,1003000,1003000,0,0,0.081,11187000,1155000,0,0.0,0.854,43.828,42.0,4037000,0,6.72,3.562,3.486,0,25793000,12342000,12342000,0,0.002,0.02,0.002,0.094,81000,8579000,1.0,6541561,6402597,6402597,1.928,454127000,2661000,152000,0,70.929,
PSBH,MRY,2015-12-31,2015-06-30,2015-06-30,2017-10-23,-198000,473601000,475958000,,,0.025,8.066,-100000,5326000,5326000,0,551000,,8.153,59537000,,,59537000,0,462000,357641000,0.007,0.06,486000,948000,0.081,948000,486000,486000,0.09,0.09,0.09,51744000,51741250,51744000,100376644,206,105.883,2477000,0.386,1.0,11688000,1.0,6912000,0,520900000,521991750,0,439170000,,,421857000,,,52986644,-2009000,0,0,1856000,-393000,11944000,-16530000,-16692000,2577000,0,551000,551000,551000,0,0,0.047,11202000,486000,0,0.667,1.024,96.165,90.0,3763000,0,8.1,4.533,4.446,0,25919000,11688000,11688000,0,0.001,0.011,0.001,0.042,96000,8973000,1.0,6541561,6415376,6415376,1.822,466689000,2704000,-65000,0,72.745,
