ticker,dimension,calendardate,datekey,reportperiod,lastupdated,accoci,assets,assetsavg,assetsc,assetsnc,assetturnover,bvps,capex,cashneq,cashnequsd,cor,consolinc,currentratio,de,debt,debtc,debtnc,debtusd,deferredrev,depamor,deposits,divyield,dps,ebit,ebitda,ebitdamargin,ebitdausd,ebitusd,ebt,eps,epsdil,epsusd,equity,equityavg,equityusd,ev,evebit,evebitda,fcf,fcfps,fxusd,gp,grossmargin,intangibles,intexp,invcap,invcapavg,inventory,investments,investmentsc,investmentsnc,liabilities,liabilitiesc,liabilitiesnc,marketcap,ncf,ncfbus,ncfcommon,ncfdebt,ncfdiv,ncff,ncfi,ncfinv,ncfo,ncfx,netinc,netinccmn,netinccmnusd,netincdis,netincnci,netmargin,opex,opinc,payables,payoutratio,pb,pe,pe1,ppnenet,prefdivis,price,ps,ps1,receivables,retearn,revenue,revenueusd,rnd,roa,roe,roic,ros,sbcomp,sgna,sharefactor,sharesbas,shareswa,shareswadil,sps,tangibles,taxassets,taxexp,taxliabilities,tbvps,workingcapital
PSTI,MRY,2011-12-31,2011-06-30,2011-06-30,2018-05-10,0,46016000,26604000,43297000,2719000,0.0,1.392,-933000,42829000,42829000,0,-10848000,21.455,0.06,0,0,0,0,0,312000,0,0.0,0.0,-11114000,-10802000,,-10802000,-11114000,-10848000,-0.35,-0.35,-0.35,43422000,24470500,43422000,76285644,-6,-7.062,-6688000,-0.214,1.0,0,,0,-266000,1169000,1426500,0,0,0,0,2594000,2018000,576000,121151644,41246000,0,47061000,-24000,0,47037000,-36000,884000,-5755000,0,-10848000,-10848000,-10848000,0,0,,11114000,-11114000,1810000,0.0,2.79,-11.168,-8.286,2088000,0,2.9,,,154000,-50953000,0,0,6629000,-0.408,-0.443,-7.791,,3480000,4485000,1.0,41776429,31198825,31198825,0.0,46016000,0,0,0,1.475,41279000
PSTI,MRY,2012-12-31,2012-06-30,2012-06-30,2018-05-10,-130000,47420000,48450500,38192000,9228000,0.015,0.832,-1480000,9389000,9389000,21000,-14794000,6.916,0.256,0,0,0,0,4284000,435000,0,0.0,0.0,-15031000,-14596000,-20.385,-14596000,-15031000,-14794000,-0.34,-0.34,-0.34,37742000,39072250,37742000,95964164,-6,-6.575,-4755000,-0.108,1.0,695000,0.971,0,-237000,32509000,33026500,0,28420000,28420000,0,9678000,5522000,4156000,107569164,-33440000,0,632000,0,0,632000,-30797000,-29323000,-3275000,0,-14794000,-14794000,-14794000,0,0,-20.662,15726000,-15031000,2245000,0.0,2.85,-7.271,-7.059,5019000,0,2.4,150.236,147.593,0,-65747000,716000,716000,9158000,-0.305,-0.379,-0.455,-20.993,4927000,6568000,1.0,44820485,44031866,44031866,0.016,47420000,0,0,0,1.045,32670000
PSTI,MRY,2013-12-31,2013-06-30,2013-06-30,2018-05-10,259000,68316000,75804250,55085000,13231000,0.009,0.984,-4309000,9323000,9323000,20000,-21155000,9.303,0.189,0,0,0,0,3605000,1033000,0,0.0,0.0,-22223000,-21190000,-31.208,-21190000,-22223000,-21155000,-0.38,-0.38,-0.38,57466000,65680500,57466000,151612871,-6,-7.155,-21196000,-0.382,1.0,659000,0.971,0,-1068000,53072000,45182500,0,44890000,44890000,0,10850000,5921000,4929000,179433871,-382000,0,36304000,0,0,36304000,-19799000,-15490000,-16887000,0,-21155000,-21155000,-21155000,0,0,-31.156,22882000,-22223000,4109000,0.0,3.122,-8.482,-8.053,11866000,0,3.06,264.262,250.034,273000,-86902000,679000,679000,17233000,-0.279,-0.322,-0.492,-32.729,2799000,5649000,1.0,58638520,55481357,55481357,0.012,68316000,0,0,0,1.17,49164000
PSTI,MRY,2014-12-31,2014-06-30,2014-06-30,2018-05-10,2959000,74023000,72055500,61987000,12036000,0.005,0.917,-1573000,9407000,9407000,11000,-26932000,8.38,0.192,0,0,0,0,3226000,1902000,0,0.0,0.0,-27850000,-25948000,-68.464,-25948000,-27850000,-26932000,-0.42,-0.42,-0.42,62123000,60926500,62123000,204527727,-7,-7.882,-20694000,-0.326,1.0,368000,0.971,0,-918000,57219000,57968500,0,49412000,49412000,0,11900000,7397000,4503000,211881727,-4514000,0,12624000,0,0,12624000,1983000,3556000,-19121000,0,-26932000,-26932000,-26932000,0,0,-71.061,28218000,-27850000,5856000,0.0,3.411,-7.867,-7.429,10823000,0,3.12,559.055,522.863,2263000,-113834000,379000,379000,19542000,-0.374,-0.442,-0.48,-73.483,5851000,8676000,1.0,67910810,63514405,63514405,0.006,74023000,0,0,0,1.092,54590000
PSTI,MRY,2015-12-31,2015-06-30,2015-06-30,2018-05-10,2140000,68155000,61190000,56868000,11287000,0.006,0.816,-812000,23702000,23702000,13000,-24677000,9.197,0.172,0,0,0,0,2847000,2074000,0,0.0,0.0,-25267000,-23193000,-61.195,-23193000,-25267000,-24677000,-0.35,-0.35,-0.35,58143000,51632500,58143000,169698712,-6,-7.317,-21417000,-0.305,1.0,366000,0.966,0,-590000,38270000,42616250,0,29417000,29417000,0,10012000,6183000,3829000,179537712,18133000,0,17201000,0,0,17201000,21537000,22349000,-20605000,0,-24677000,-24677000,-24677000,0,0,-65.111,25633000,-25267000,4801000,0.0,3.088,-7.276,-7.2,10173000,0,2.52,473.714,467.326,1691000,-138511000,379000,379000,19173000,-0.403,-0.478,-0.593,-66.668,4052000,6460000,1.0,71245124,70284337,70284337,0.005,68155000,0,0,0,0.956,50685000
PSTI,MRY,2016-12-31,2016-06-30,2016-06-30,2018-05-10,1480000,45941000,53069500,35596000,10345000,0.054,0.476,-1722000,6765000,6765000,100000,-23246000,6.164,0.204,0,0,0,0,0,2150000,0,0.0,0.0,-23319000,-21169000,-7.436,-21169000,-23319000,-23246000,-0.29,-0.29,-0.29,38156000,47938250,38156000,100668945,-4,-4.755,-20244000,-0.254,1.0,2747000,0.965,0,-73000,33401000,40426000,0,25985000,25985000,0,7785000,5775000,2010000,106614945,-16403000,0,807000,0,0,807000,1312000,3034000,-18522000,0,-23246000,-23246000,-23246000,0,0,-8.165,26066000,-23319000,4406000,0.0,2.794,-4.586,-4.586,9216000,0,1.33,37.448,37.162,2228000,-161757000,2847000,2847000,19580000,-0.438,-0.485,-0.577,-8.191,3073000,6486000,1.0,80161613,79547989,79547989,0.036,45941000,0,0,0,0.573,29821000
PSTI,MRY,2017-12-31,2017-06-30,2017-06-30,2018-05-10,1999000,37534000,38395000,29016000,8518000,0.0,0.315,-348000,5266000,5266000,0,-27814000,5.359,0.241,0,0,0,0,0,2177000,0,0.0,0.0,-28019000,-25842000,,-25842000,-28019000,-27814000,-0.32,-0.32,-0.32,30251000,30972750,30251000,117410912,-4,-4.543,-21959000,-0.251,1.0,0,,0,-205000,26854000,26395500,0,21802000,21399000,403000,7283000,5414000,1869000,123303912,-1516000,0,15728000,0,0,15797000,4298000,4646000,-21611000,0,-27814000,-27814000,-27814000,0,0,,28019000,-28019000,3949000,0.0,4.076,-4.433,-4.0,7277000,0,1.28,,,1036000,-189571000,0,0,21092000,-0.724,-0.898,-1.062,,3662000,6927000,1.0,96331182,87426208,87426208,0.0,37534000,0,0,0,0.391,23602000
