ticker,dimension,calendardate,datekey,reportperiod,lastupdated,accoci,assets,assetsavg,assetsc,assetsnc,assetturnover,bvps,capex,cashneq,cashnequsd,cor,consolinc,currentratio,de,debt,debtc,debtnc,debtusd,deferredrev,depamor,deposits,divyield,dps,ebit,ebitda,ebitdamargin,ebitdausd,ebitusd,ebt,eps,epsdil,epsusd,equity,equityavg,equityusd,ev,evebit,evebitda,fcf,fcfps,fxusd,gp,grossmargin,intangibles,intexp,invcap,invcapavg,inventory,investments,investmentsc,investmentsnc,liabilities,liabilitiesc,liabilitiesnc,marketcap,ncf,ncfbus,ncfcommon,ncfdebt,ncfdiv,ncff,ncfi,ncfinv,ncfo,ncfx,netinc,netinccmn,netinccmnusd,netincdis,netincnci,netmargin,opex,opinc,payables,payoutratio,pb,pe,pe1,ppnenet,prefdivis,price,ps,ps1,receivables,retearn,revenue,revenueusd,rnd,roa,roe,roic,ros,sbcomp,sgna,sharefactor,sharesbas,shareswa,shareswadil,sps,tangibles,taxassets,taxexp,taxliabilities,tbvps,workingcapital
PTNR,MRY,2011-12-31,2011-12-31,2011-12-31,2018-03-29,0,7087000000,6357000000,2308000000,4779000000,1.101,2.738,-346000000,532000000,139381403,4978000000,443000000,1.222,15.675,5171000000,498000000,4673000000,1354776760,52000000,743000000,0,0.132,1.168,1036000000,1779000000,0.254,466089316,271426943,742000000,2.85,2.84,0.747,425000000,525500000,111347925,2332757461,8,5.005,1535000000,9.887,3.817,2020000000,0.289,1697000000,294000000,8140000000,7129500000,162000000,0,0,0,6662000000,1889000000,4773000000,1372402715,211000000,-597000000,1000000,619000000,-659000000,-274000000,-1085000000,1000000,1881000000,0,443000000,443000000,116063837,0,0,0.063,1089000000,931000000,1271000000,1.564,12.325,11.825,11.839,2051000000,0,8.84,0.749,0.749,2415000000,-326000000,6998000000,1833441842,0,0.07,0.843,0.145,0.148,19000000,1002000000,1.0,155249176,155249176,,11.81,5390000000,42000000,299000000,0,34.718,419000000
PTNR,MRY,2012-12-31,2012-12-31,2012-12-31,2018-03-29,0,6417000000,6752000000,2120000000,4297000000,0.825,4.761,-365000000,548000000,146846301,4031000000,478000000,1.39,7.66,4360000000,306000000,4054000000,1168339187,40000000,700000000,0,0.043,0.26,865000000,1565000000,0.281,419369455,231792063,631000000,3.07,3.07,0.823,741000000,583000000,198564068,2176722501,9,5.19,1493000000,9.592,3.732,1541000000,0.277,1624000000,234000000,7080000000,7610000000,98000000,0,0,0,5676000000,1525000000,4151000000,930761333,16000000,0,0,-851000000,-167000000,-1218000000,-471000000,18000000,1858000000,0,478000000,478000000,128088562,0,0,0.086,787000000,754000000,1105000000,0.316,4.687,7.267,7.269,1990000000,0,5.98,0.623,0.623,1953000000,-10000000,5572000000,1493116043,0,0.071,0.82,0.114,0.155,11000000,787000000,1.0,155645708,155645708,,9.593,4793000000,43000000,153000000,0,30.794,595000000
PTNR,MRY,2013-12-31,2013-12-31,2013-12-31,2018-03-29,0,5487000000,5952000000,1703000000,3784000000,0.759,5.615,-325000000,481000000,138505431,3510000000,135000000,1.239,5.278,3481000000,334000000,3147000000,1002364670,37000000,669000000,0,0.0,0.0,409000000,1078000000,0.239,310413419,117772809,198000000,0.87,0.86,0.251,874000000,807500000,251670991,2492794310,21,8.031,1223000000,7.858,3.473,1009000000,0.223,1574000000,211000000,5539000000,6309500000,93000000,0,0,0,4613000000,1374000000,3239000000,1459956741,-67000000,0,0,-927000000,0,-1108000000,-498000000,-25000000,1548000000,0,135000000,135000000,38873665,0,0,0.03,679000000,330000000,904000000,0.0,5.801,37.556,37.442,1791000000,0,9.38,1.122,1.122,1385000000,123000000,4519000000,1301259967,0,0.023,0.167,0.065,0.091,5000000,679000000,1.0,155645708,155645708,,8.36,3913000000,15000000,63000000,31000000,25.14,329000000
PTNR,MRY,2014-12-31,2014-12-31,2014-12-31,2018-03-29,0,5496000000,5491500000,1817000000,3679000000,0.801,6.674,-286000000,663000000,168547895,3419000000,162000000,1.312,4.29,3275000000,309000000,2966000000,832570673,35000000,652000000,0,0.0,0.0,400000000,1052000000,0.239,267439495,101688021,241000000,1.04,1.04,0.264,1039000000,956500000,264134634,1651250077,16,6.174,731000000,4.695,3.934,981000000,0.223,1486000000,159000000,5237000000,5388000000,138000000,0,0,0,4457000000,1385000000,3072000000,787776230,182000000,0,2000000,-209000000,0,-338000000,-431000000,-4000000,1017000000,0,162000000,162000000,41183648,0,0,0.037,631000000,350000000,942000000,0.0,2.982,19.128,19.138,1661000000,0,5.06,0.704,0.704,1400000000,286000000,4400000000,1118568232,0,0.03,0.169,0.074,0.091,8000000,631000000,1.0,155687002,155687002,,7.185,4010000000,14000000,79000000,42000000,25.757,432000000
PTNR,MRY,2015-12-31,2015-12-31,2015-12-31,2018-03-29,0,5526000000,5511000000,2185000000,3341000000,0.746,6.483,-215000000,926000000,238119728,3472000000,-40000000,1.238,4.418,3101000000,554000000,2547000000,797418226,353000000,641000000,0,0.0,0.0,107000000,748000000,0.182,192347253,27514914,-36000000,-0.26,-0.26,-0.067,1020000000,1029500000,262291709,1334112030,48,6.936,740000000,4.703,3.889,639000000,0.155,1363000000,143000000,4573000000,4905000000,120000000,0,0,0,4506000000,1765000000,2741000000,687550650,263000000,-144000000,0,-166000000,0,-303000000,-356000000,0,955000000,0,-40000000,-40000000,-10285949,0,0,-0.01,579000000,60000000,837000000,0.0,2.621,-66.844,-65.362,1414000000,0,4.37,0.65,0.65,1596000000,267000000,4111000000,1057138448,0,-0.007,-0.039,0.022,0.026,17000000,640000000,1.0,157334245,157334245,,6.719,4163000000,51000000,4000000,52000000,26.46,420000000
PTNR,MRY,2016-12-31,2016-12-31,2016-12-31,2018-03-29,0,5197000000,5361500000,2339000000,2858000000,0.661,7.118,-120000000,716000000,185891943,2924000000,52000000,1.456,3.678,2694000000,498000000,2196000000,699431419,372000000,565000000,0,0.0,0.0,193000000,758000000,0.214,196796219,50107744,88000000,0.33,0.33,0.086,1111000000,1065500000,288444063,1291639340,25,6.563,855000000,5.478,3.852,620000000,0.175,1200000000,105000000,4368000000,4470500000,96000000,0,0,0,4086000000,1607000000,2479000000,732050168,-210000000,-69000000,0,-408000000,0,-516000000,-639000000,-452000000,975000000,0,52000000,52000000,13500532,0,0,0.015,472000000,148000000,810000000,0.0,2.538,54.224,54.741,1207000000,0,4.69,0.796,0.796,1380000000,358000000,3544000000,920113196,0,0.01,0.049,0.043,0.054,45000000,689000000,1.0,156087456,156087456,,5.895,3997000000,41000000,36000000,45000000,25.607,732000000
PTNR,MRY,2017-12-31,2017-12-31,2017-12-31,2018-03-29,0,4718000000,4957500000,2009000000,2709000000,0.659,9.134,-223000000,867000000,249724208,2627000000,114000000,1.109,2.29,1923000000,705000000,1218000000,553886567,236000000,540000000,0,0.0,0.0,315000000,855000000,0.262,246267818,90730248,135000000,0.7,0.69,0.202,1434000000,1272500000,413038656,1510393726,16,6.133,779000000,4.962,3.472,641000000,0.196,1104000000,180000000,2859000000,3613500000,93000000,0,0,0,3284000000,1811000000,1473000000,965760211,151000000,-153000000,190000000,-775000000,0,-750000000,-72000000,302000000,1002000000,0,114000000,114000000,32835709,0,0,0.035,357000000,284000000,909000000,0.0,2.338,29.412,30.51,1180000000,0,6.152,1.026,1.026,1088000000,491000000,3268000000,941290328,0,0.023,0.09,0.087,0.096,20000000,465000000,1.0,156993337,156993337,,5.996,3614000000,55000000,21000000,50000000,23.02,198000000
