ticker,dimension,calendardate,datekey,reportperiod,lastupdated,accoci,assets,assetsavg,assetsc,assetsnc,assetturnover,bvps,capex,cashneq,cashnequsd,cor,consolinc,currentratio,de,debt,debtc,debtnc,debtusd,deferredrev,depamor,deposits,divyield,dps,ebit,ebitda,ebitdamargin,ebitdausd,ebitusd,ebt,eps,epsdil,epsusd,equity,equityavg,equityusd,ev,evebit,evebitda,fcf,fcfps,fxusd,gp,grossmargin,intangibles,intexp,invcap,invcapavg,inventory,investments,investmentsc,investmentsnc,liabilities,liabilitiesc,liabilitiesnc,marketcap,ncf,ncfbus,ncfcommon,ncfdebt,ncfdiv,ncff,ncfi,ncfinv,ncfo,ncfx,netinc,netinccmn,netinccmnusd,netincdis,netincnci,netmargin,opex,opinc,payables,payoutratio,pb,pe,pe1,ppnenet,prefdivis,price,ps,ps1,receivables,retearn,revenue,revenueusd,rnd,roa,roe,roic,ros,sbcomp,sgna,sharefactor,sharesbas,shareswa,shareswadil,sps,tangibles,taxassets,taxexp,taxliabilities,tbvps,workingcapital
PTR,MRY,2011-12-31,2011-12-31,2011-12-31,2018-04-28,0,1917586000000,1787036500000,382711000000,1534875000000,1.121,5.479,-267173000000,61172000000,9703458550,1324695000000,145959000000,0.683,0.833,318373000000,137698000000,180675000000,50502177615,0,138073000000,0,0.043,5.337,182103000000,320176000000,0.16,50788179965,28886237370,171217000000,73.0,73.0,11.58,1002745000000,970835500000,159061246063,256458444730,8,5.05,22982000000,0.126,6.304,679148000000,0.339,38854000000,10886000000,1575895000000,1482552000000,182253000000,88386000000,13106000000,75280000000,835040000000,560038000000,275002000000,227513377526,15463000000,-8926000000,0,86235000000,-63300000000,9259000000,-283638000000,-4954000000,290155000000,-313000000,132961000000,132961000000,21091047412,0,24496000000,0.066,496687000000,182461000000,302600000000,0.461,1.43,10.787,10.735,1372007000000,0,124.31,0.716,71.576,53822000000,556717000000,2003843000000,317861235403,23908000000,0.074,0.137,0.123,0.091,0,69969000000,0.01,183020977818,183020977818,,1.737,1878732000000,505000000,38256000000,140489000000,10.265,-177327000000
PTR,MRY,2012-12-31,2012-12-31,2012-12-31,2018-04-28,0,2168896000000,2043241000000,392805000000,1776091000000,1.074,5.814,-311251000000,43395000000,6958980741,1517225000000,130620000000,0.683,0.929,445021000000,151247000000,293774000000,71365193421,0,151975000000,0,0.035,5.007,169681000000,321656000000,0.147,51581931314,27210665081,151517000000,63.0,63.0,10.103,1064010000000,1033377500000,170628530907,303995927709,11,5.893,-71963000000,-0.393,6.236,678071000000,0.309,63048000000,18164000000,1932726000000,1754310500000,214117000000,98381000000,12831000000,85550000000,988148000000,574748000000,413400000000,263147561907,-17777000000,-7273000000,0,126627000000,-58041000000,75356000000,-332226000000,-8267000000,239288000000,-195000000,115326000000,115326000000,18494098697,0,30532000000,0.053,503552000000,174519000000,351456000000,0.496,1.542,14.229,14.232,1569888000000,0,143.78,0.747,74.748,64450000000,603808000000,2195296000000,352045686963,23972000000,0.056,0.112,0.097,0.077,0,74692000000,0.01,183020977818,183020977818,,1.924,2105848000000,1443000000,36191000000,94331000000,11.506,-181943000000
PTR,MRY,2013-12-31,2013-12-31,2013-12-31,2018-04-28,0,2342110000000,2255503000000,430953000000,1911157000000,1.001,6.189,-265413000000,51407000000,8474926946,1581227000000,142274000000,0.668,0.947,495629000000,192767000000,302862000000,81709097353,0,163365000000,0,0.043,4.752,188469000000,351834000000,0.156,58003140571,31070885418,165388000000,71.0,71.0,11.705,1132735000000,1098372500000,186742007410,265786762959,8,4.582,23116000000,0.126,6.066,676897000000,0.3,67270000000,23081000000,2073573000000,2003149500000,227017000000,141592000000,20203000000,121389000000,1072175000000,645489000000,426686000000,200847221057,8012000000,-4377000000,0,54282000000,-53470000000,-12239000000,-266510000000,3760000000,288529000000,-1768000000,129599000000,129599000000,21365612803,0,22767000000,0.057,488255000000,188642000000,383004000000,0.406,1.076,9.4,9.375,1648823000000,0,109.74,0.54,53.952,64027000000,669300000000,2258124000000,372272957701,25301000000,0.057,0.118,0.094,0.083,0,79021000000,0.01,183020977818,183020977818,,2.034,2274840000000,11226000000,35789000000,84884000000,12.429,-214536000000
PTR,MRY,2014-12-31,2014-12-31,2014-12-31,2018-04-28,0,2405473000000,2373791500000,391308000000,2014165000000,0.962,6.425,-299301000000,73778000000,11911265928,1607047000000,119028000000,0.675,0.925,539429000000,169128000000,370301000000,87089406984,0,177463000000,0,0.047,5.247,168222000000,345685000000,0.151,55809942834,27159003727,144903000000,59.0,59.0,9.525,1175894000000,1154314500000,189845023416,274326462920,10,4.915,57176000000,0.312,6.194,675915000000,0.296,62962000000,23319000000,2228333000000,2150953000000,165977000000,137246000000,15070000000,122176000000,1087692000000,579829000000,507863000000,203080076987,22371000000,-2600000000,0,44168000000,-59475000000,-44312000000,-290838000000,15715000000,356477000000,1044000000,107172000000,107172000000,17302640246,0,22298000000,0.047,506082000000,169833000000,364060000000,0.551,1.07,11.737,11.649,1747691000000,0,110.96,0.551,55.098,53104000000,707303000000,2282962000000,368578268406,22064000000,0.045,0.093,0.078,0.074,0,73413000000,0.01,183020977818,183020977818,,2.014,2342511000000,14995000000,37731000000,62541000000,12.799,-188521000000
PTR,MRY,2015-12-31,2015-12-31,2015-12-31,2018-04-28,0,2393844000000,2399658500000,349344000000,2044500000000,0.719,6.446,-215827000000,72773000000,11210799635,1174877000000,42089000000,0.741,0.89,540701000000,106226000000,434475000000,83295873110,0,202875000000,0,0.034,2.232,75571000000,278446000000,0.161,42895061566,11641836110,51243000000,19.0,19.0,2.927,1179716000000,1177805000000,181737178668,195324373849,16,4.554,45485000000,0.249,6.491,550551000000,0.319,98272000000,24328000000,2292093000000,2260213000000,126877000000,82997000000,9152000000,73845000000,1049810000000,471407000000,578403000000,120043459351,-1005000000,-25988000000,0,12018000000,-29005000000,-45439000000,-215879000000,13474000000,261312000000,-999000000,35517000000,35517000000,5471451921,0,9457000000,0.021,471299000000,79252000000,331040000000,0.763,0.661,21.94,22.409,1784905000000,0,65.59,0.452,45.162,52262000000,711755000000,1725428000000,265805004521,18380000000,0.015,0.03,0.033,0.044,0,71270000000,0.01,183020977818,183020977818,,1.452,2295572000000,16927000000,15726000000,47261000000,12.543,-122063000000
PTR,MRY,2016-12-31,2016-12-31,2016-12-31,2018-04-28,0,2396651000000,2395247500000,381665000000,2014986000000,0.675,6.497,-178927000000,97931000000,14101342011,1077302000000,29372000000,0.764,0.861,516271000000,143384000000,372887000000,74339217832,0,218147000000,0,0.01,0.703,46973000000,265120000000,0.164,38175325423,6763765695,23625000000,4.0,4.0,0.576,1189024000000,1184370000000,171210690013,207117580229,30,5.425,86252000000,0.471,6.945,539601000000,0.334,102750000000,23348000000,2212978000000,2252535500000,146865000000,92949000000,11971000000,80978000000,1023916000000,499263000000,524653000000,134886460652,25158000000,-2008000000,0,-36392000000,-8450000000,-67007000000,-175887000000,10345000000,265179000000,2873000000,7857000000,7857000000,1131350074,0,44662000000,0.005,478966000000,60635000000,310680000000,1.221,0.788,119.226,127.958,1739545000000,0,73.7,0.579,57.935,47315000000,711197000000,1616903000000,232822111508,18576000000,0.003,0.007,0.021,0.029,0,74255000000,0.01,183020977818,183020977818,,1.272,2293901000000,20360000000,15768000000,58839000000,12.534,-117598000000
PTR,MRY,2017-12-31,2017-12-31,2017-12-31,2018-04-28,0,2404612000000,2400631500000,425162000000,1979450000000,0.84,6.521,-228093000000,122777000000,18558709716,1411100000000,36793000000,0.737,0.857,465275000000,175417000000,289858000000,70329977628,0,237375000000,0,0.02,1.39,61502000000,298877000000,0.148,45177610496,9296511276,39094000000,12.0,12.0,1.814,1193520000000,1191272000000,180409940141,188777421532,20,4.179,138562000000,0.757,6.616,604790000000,0.3,92941000000,22408000000,2077502000000,2145240000000,144669000000,115635000000,32559000000,83076000000,1023293000000,576667000000,446626000000,128004871886,24846000000,-5007000000,0,-43861000000,-19626000000,-94725000000,-243546000000,-5829000000,366655000000,-3538000000,22798000000,22798000000,3446097103,0,25738000000,0.011,537068000000,67722000000,343819000000,0.766,0.71,37.145,38.558,1702813000000,0,69.94,0.42,42.008,53143000000,712437000000,2015890000000,304717637100,23884000000,0.009,0.019,0.029,0.031,0,77042000000,0.01,183020977818,183020977818,,1.665,2311671000000,26724000000,16296000000,70091000000,12.631,-151505000000
