ticker,dimension,calendardate,datekey,reportperiod,lastupdated,accoci,assets,assetsavg,assetsc,assetsnc,assetturnover,bvps,capex,cashneq,cashnequsd,cor,consolinc,currentratio,de,debt,debtc,debtnc,debtusd,deferredrev,depamor,deposits,divyield,dps,ebit,ebitda,ebitdamargin,ebitdausd,ebitusd,ebt,eps,epsdil,epsusd,equity,equityavg,equityusd,ev,evebit,evebitda,fcf,fcfps,fxusd,gp,grossmargin,intangibles,intexp,invcap,invcapavg,inventory,investments,investmentsc,investmentsnc,liabilities,liabilitiesc,liabilitiesnc,marketcap,ncf,ncfbus,ncfcommon,ncfdebt,ncfdiv,ncff,ncfi,ncfinv,ncfo,ncfx,netinc,netinccmn,netinccmnusd,netincdis,netincnci,netmargin,opex,opinc,payables,payoutratio,pb,pe,pe1,ppnenet,prefdivis,price,ps,ps1,receivables,retearn,revenue,revenueusd,rnd,roa,roe,roic,ros,sbcomp,sgna,sharefactor,sharesbas,shareswa,shareswadil,sps,tangibles,taxassets,taxexp,taxliabilities,tbvps,workingcapital
PULB,MRY,2011-12-31,2011-09-30,2011-09-30,2017-06-15,310,1309208636,1361464649,,,0.033,11.364,-1703684,57071006,57071006,0,8064777,,9.895,48589000,,,48589000,0,0,1122524913,0.044,0.29,11214584,11214584,0.246,11214584,11214584,11214584,0.57,0.55,0.57,120170186,119154999,120170186,1991995,0,0.178,182186325,17.28,1.0,45499173,1.0,3938524,0,1296788106,1363540191,0,1149535044,,,1189038450,,,71949431,41468202,0,613240,-156052458,-4177009,-152086703,9664896,3263109,183890009,0,8064777,8064777,8064777,0,0,0.177,34284589,11214584,840186,0.509,0.599,8.921,11.491,18458166,0,6.55,1.581,1.518,0,48284741,45499173,45499173,0,0.006,0.068,0.008,0.246,626381,27137505,1.0,10984646,10543316,10987605,4.315,1305270112,12772637,3149807,0,123.433,
PULB,MRY,2012-12-31,2012-09-30,2012-09-30,2017-06-15,21475,1347517426,1335644190,,,0.036,10.999,-1946481,62334922,62334922,0,9829688,,10.403,129570455,,,129570455,0,0,1081698318,0.046,0.38,14092915,14092915,0.292,14092915,14092915,14092915,0.76,0.74,0.76,118167172,121766141,118167172,88956255,6,6.312,-47294036,-4.429,1.0,48284199,1.0,3938524,0,1410814435,1359682776,0,1189439316,,,1229350254,,,93621206,5263916,0,-289074,62268924,-4301725,27430189,23181282,19608780,-45347555,0,9829688,9829688,9829688,0,0,0.204,34191284,14092915,695111,0.5,0.792,9.524,10.855,18415977,0,8.25,1.939,1.825,0,52128674,48284199,48284199,0,0.007,0.081,0.01,0.292,1336351,27852218,1.0,11348025,10679091,10993862,4.521,1343578902,11638492,4263227,0,125.064,
PULB,MRY,2013-12-31,2013-09-30,2013-09-30,2017-06-15,-25540,1275944420,1339319355,,,0.039,10.626,-1419080,86308578,86308578,0,9809059,,9.994,133071909,,,133071909,0,0,1010811599,0.037,0.38,14605655,14605655,0.282,14605655,14605655,14605655,0.76,0.74,0.76,116058066,120623558,116058066,213472666,14,14.616,122734355,11.268,1.0,51848901,1.0,3938524,0,1318769227,1390140396,0,1107129958,,,1159886354,,,117560970,23973656,60000,752861,1776928,-4326992,-82462560,-17717219,-30067047,124153435,0,9809059,9809059,9809059,0,0,0.189,37243246,14605655,469909,0.5,1.013,11.985,13.566,17859113,0,10.31,2.267,2.166,0,56091169,51848901,51848901,0,0.007,0.081,0.011,0.282,1279954,31621085,1.0,11402616,10892136,11132941,4.76,1272005896,10570235,4796596,0,116.456,
PULB,MRY,2014-12-31,2014-09-30,2014-09-30,2017-06-15,-26210,1380096645,1346364150,,,0.038,9.601,-1477358,81549093,81549093,0,11033362,,11.31,230529082,,,230529082,0,0,1021653104,0.033,0.38,16265945,16265945,0.322,16265945,16265945,16265945,0.92,0.88,0.92,112116136,113404297,112116136,303803905,18,18.677,20621973,1.849,1.0,50529052,1.0,3938524,0,1525138110,1443080047,0,1218699992,,,1267980509,,,138940320,-4759485,-58000,6784040,97766357,-4384655,93470599,-120329415,-124301052,22099331,0,11033362,11033362,11033362,0,0,0.218,34263107,16265945,354524,0.413,1.239,12.593,12.5,17259351,0,11.5,2.75,2.539,0,61929624,50529052,50529052,0,0.008,0.097,0.011,0.322,112832,32084201,1.0,12081767,11154695,11570033,4.53,1376158121,8998844,5232583,0,117.846,
PULB,MRY,2015-12-31,2015-09-30,2015-09-30,2017-06-15,3204,1521694346,1473121645,,,0.041,10.224,-2493145,79783726,79783726,0,14127447,,11.524,239442652,,,239442652,0,0,1137804738,0.028,0.38,21075071,21075071,0.349,21075071,21075071,21075071,1.19,1.17,1.19,121498090,117872706,121498090,327869172,15,15.557,-42920266,-3.63,1.0,60320847,1.0,3938524,0,1677414748,1604371621,0,1359704962,,,1400196256,,,162249840,-1765367,0,424819,9676494,-4583558,120586084,-81924330,-84360680,-40427121,0,14127447,14127447,14127447,0,0,0.234,39245776,21075071,488647,0.319,1.335,11.485,11.387,17589765,0,13.55,2.69,2.656,0,71473513,60320847,60320847,0,0.01,0.12,0.013,0.349,-109030,36702101,1.0,11974158,11825104,12064356,5.101,1517755822,8391617,6947624,0,127.714,
