ticker,dimension,calendardate,datekey,reportperiod,lastupdated,accoci,assets,assetsavg,assetsc,assetsnc,assetturnover,bvps,capex,cashneq,cashnequsd,cor,consolinc,currentratio,de,debt,debtc,debtnc,debtusd,deferredrev,depamor,deposits,divyield,dps,ebit,ebitda,ebitdamargin,ebitdausd,ebitusd,ebt,eps,epsdil,epsusd,equity,equityavg,equityusd,ev,evebit,evebitda,fcf,fcfps,fxusd,gp,grossmargin,intangibles,intexp,invcap,invcapavg,inventory,investments,investmentsc,investmentsnc,liabilities,liabilitiesc,liabilitiesnc,marketcap,ncf,ncfbus,ncfcommon,ncfdebt,ncfdiv,ncff,ncfi,ncfinv,ncfo,ncfx,netinc,netinccmn,netinccmnusd,netincdis,netincnci,netmargin,opex,opinc,payables,payoutratio,pb,pe,pe1,ppnenet,prefdivis,price,ps,ps1,receivables,retearn,revenue,revenueusd,rnd,roa,roe,roic,ros,sbcomp,sgna,sharefactor,sharesbas,shareswa,shareswadil,sps,tangibles,taxassets,taxexp,taxliabilities,tbvps,workingcapital
PZZA,MRY,2011-12-31,2011-12-25,2011-12-25,2018-05-08,1849000,390382000,384534000,94824000,295558000,3.167,4.237,-29319000,18942000,18942000,843887000,58467000,1.169,0.879,51489000,0,51489000,51489000,4780000,32681000,0,0.0,0.0,84040000,116721000,0.096,116721000,84040000,81059000,1.09,1.08,1.09,205647000,210186500,205647000,949662349,11,8.136,71689000,1.431,1.0,373995000,0.307,75085000,2981000,266711000,250856250,20091000,15723000,4221000,11502000,180770000,81133000,99637000,923357349,-28887000,0,-51281000,-47511000,0,-102601000,-27386000,1865000,101008000,92000,54735000,54735000,54735000,0,3732000,0.045,286978000,87017000,32966000,0.0,4.49,16.87,17.376,181910000,0,18.94,0.758,0.779,28169000,294801000,1217882000,1217882000,0,0.142,0.26,0.335,0.069,6704000,121375000,1.0,48751708,50086000,50620000,24.316,315297000,7636000,26324000,10661000,6.497,13691000
PZZA,MRY,2012-12-31,2012-12-30,2012-12-30,2018-05-08,1824000,438408000,418732250,118626000,319782000,3.206,3.985,-42628000,16396000,16396000,979836000,66002000,1.145,1.38,88258000,0,88258000,88258000,7329000,32798000,0,0.0,0.0,96215000,129013000,0.096,129013000,96215000,94053000,1.31,1.29,1.31,181514000,202963000,181514000,1248000845,12,9.673,61751000,1.316,1.0,362817000,0.27,78958000,2162000,327731000,274719250,22178000,17113000,4577000,12536000,250514000,103581000,146933000,1223353845,-2546000,-5267000,-93831000,36769000,0,-57929000,-49120000,-1261000,104379000,124000,61660000,61660000,61660000,0,4342000,0.046,263010000,99807000,32624000,0.0,6.74,19.84,20.187,196661000,0,26.445,0.911,0.924,44647000,356461000,1342653000,1342653000,0,0.147,0.304,0.35,0.072,6905000,139904000,1.0,46260308,46916000,47810000,28.618,359450000,10279000,32393000,21101000,7.891,15045000
PZZA,MRY,2013-12-31,2013-12-29,2013-12-29,2018-05-08,2463000,464291000,452123250,125040000,339251000,3.183,3.246,-50750000,13670000,13670000,1051893000,72979000,1.278,2.318,157900000,0,157900000,157900000,5827000,35105000,0,0.006,0.25,103650000,138755000,0.096,138755000,103650000,102667000,1.58,1.55,1.58,137674000,161908250,137674000,2044238595,19,14.733,50610000,1.166,1.0,387129000,0.269,79391000,983000,431269000,390306750,23035000,16805000,3566000,13239000,319083000,97861000,221222000,1937927595,-2726000,0,-111704000,69642000,-10797000,-54715000,-49438000,973000,101360000,67000,69537000,68497000,68497000,0,3442000,0.048,280626000,106503000,35653000,0.158,14.076,28.292,28.465,212097000,530000,44.975,1.347,1.356,53203000,41297000,1439022000,1439022000,0,0.152,0.423,0.266,0.072,7409000,140901000,1.0,43088996,43387000,44243000,33.167,384900000,8004000,33130000,19061000,9.074,27179000
PZZA,MRY,2014-12-31,2014-12-28,2014-12-28,2018-05-08,671000,504555000,487633750,147760000,356795000,3.277,2.151,-48655000,20122000,20122000,1228047000,77697000,1.384,4.607,230451000,0,230451000,230451000,4257000,39965000,0,0.01,0.53,113950000,153915000,0.096,153915000,113950000,109873000,1.78,1.75,1.78,86233000,102899750,86233000,2441073735,21,15.86,73977000,1.806,1.0,370102000,0.232,82007000,4077000,526115000,500585000,27394000,18907000,6106000,12801000,397285000,106762000,290523000,2233537735,6452000,-4373000,-111563000,72551000,-21735000,-60923000,-55034000,-2562000,122632000,-223000,73315000,72869000,72869000,0,4382000,0.046,252472000,117630000,38832000,0.298,25.901,30.651,31.247,219457000,402000,55.62,1.398,1.426,56047000,92876000,1598149000,1598149000,0,0.149,0.708,0.228,0.071,8712000,147810000,1.0,40157097,40960000,41718000,39.017,422548000,13441000,36558000,23577000,10.538,40998000
PZZA,MRY,2015-12-31,2015-12-27,2015-12-27,2018-05-08,-1836000,494058000,498423500,152590000,341468000,3.285,0.75,-38972000,21006000,21006000,1233629000,81964000,1.148,15.198,255146000,0,255146000,255146000,3190000,40307000,0,0.011,0.63,118541000,158848000,0.097,158848000,118541000,112865000,1.91,1.89,1.91,29181000,55643500,29181000,2373597467,20,14.943,131491000,3.332,1.0,403746000,0.247,79657000,5676000,515604000,515712500,21564000,18921000,7816000,11105000,443489000,132937000,310552000,2159038467,884000,-922000,-114596000,25549000,-24844000,-130278000,-38952000,442000,170463000,-349000,75682000,75422000,75422000,0,6282000,0.046,267439000,136307000,43492000,0.33,73.988,28.626,28.974,214044000,325000,55.34,1.319,1.334,63320000,143789000,1637375000,1637375000,0,0.151,1.355,0.23,0.072,9423000,163626000,1.0,39014067,39458000,40000000,41.497,414401000,2687000,37183000,13137000,10.65,19653000
PZZA,MRY,2016-12-31,2016-12-25,2016-12-25,2018-05-08,-5887000,512565000,497388750,145575000,366990000,3.445,-0.106,-55554000,15563000,15563000,1283011000,109092000,1.137,-126.388,299820000,0,299820000,299820000,3313000,40987000,0,0.009,0.75,159934000,200921000,0.117,200921000,159934000,152537000,2.76,2.74,2.76,-3911000,-19455750,-3911000,3501109535,21,17.425,94703000,2.542,1.0,430609000,0.251,85529000,7397000,583263000,586983000,25132000,13558000,3417000,10141000,494303000,128030000,366273000,3208646535,-5443000,3492000,-115321000,44575000,-27896000,-109030000,-46274000,5359000,150257000,-396000,102820000,102967000,102967000,0,6272000,0.06,266086000,164523000,42701000,0.272,-820.416,31.162,31.514,230473000,420000,86.98,1.872,1.891,59691000,219278000,1713620000,1713620000,0,0.207,-5.292,0.272,0.093,10123000,163812000,1.0,36889475,37253000,37608000,46.0,427036000,3141000,49717000,18587000,11.576,17545000
PZZA,MRY,2017-12-31,2017-12-31,2017-12-31,2018-05-08,-2117000,555553000,537143000,169994000,385559000,3.32,-3.513,-52593000,22345000,22345000,1349846000,106525000,1.279,-5.38,466565000,20000000,446565000,466565000,2652000,43668000,0,0.015,0.85,147392000,191060000,0.107,191060000,147392000,136109000,2.86,2.83,2.86,-121711000,-40770000,-121711000,2325214818,15,12.17,82382000,2.283,1.0,433513000,0.243,86892000,11283000,780021000,663328000,30620000,19901000,4333000,15568000,654769000,132860000,521909000,1966209818,6782000,-21000,-203326000,166244000,-30720000,-72060000,-56498000,-3918000,134975000,365000,102292000,103288000,103288000,0,4233000,0.058,282496000,151017000,32006000,0.297,-16.155,19.036,19.619,234331000,423000,56.11,1.103,1.135,64644000,292251000,1783359000,1783359000,0,0.192,-2.533,0.222,0.083,10413000,158183000,1.0,35042057,36083000,36522000,49.424,468661000,4488000,33817000,23107000,13.528,37134000
