ticker,dimension,calendardate,datekey,reportperiod,lastupdated,accoci,assets,assetsavg,assetsc,assetsnc,assetturnover,bvps,capex,cashneq,cashnequsd,cor,consolinc,currentratio,de,debt,debtc,debtnc,debtusd,deferredrev,depamor,deposits,divyield,dps,ebit,ebitda,ebitdamargin,ebitdausd,ebitusd,ebt,eps,epsdil,epsusd,equity,equityavg,equityusd,ev,evebit,evebitda,fcf,fcfps,fxusd,gp,grossmargin,intangibles,intexp,invcap,invcapavg,inventory,investments,investmentsc,investmentsnc,liabilities,liabilitiesc,liabilitiesnc,marketcap,ncf,ncfbus,ncfcommon,ncfdebt,ncfdiv,ncff,ncfi,ncfinv,ncfo,ncfx,netinc,netinccmn,netinccmnusd,netincdis,netincnci,netmargin,opex,opinc,payables,payoutratio,pb,pe,pe1,ppnenet,prefdivis,price,ps,ps1,receivables,retearn,revenue,revenueusd,rnd,roa,roe,roic,ros,sbcomp,sgna,sharefactor,sharesbas,shareswa,shareswadil,sps,tangibles,taxassets,taxexp,taxliabilities,tbvps,workingcapital
QBAK,MRY,2011-12-31,2011-06-30,2011-06-30,2018-05-09,38000,31935000,32102250,24673000,7262000,0.57,14.289,-101000,4970000,4970000,11573000,-680000,9.028,0.094,0,0,0,0,0,129000,0,0.0,0.0,-685000,-556000,-0.03,-556000,-685000,-685000,-0.36,-0.36,-0.36,29180000,29536250,29180000,19566916,-28,-35.192,-1556000,-0.762,1.0,6729000,0.368,0,0,24232000,26835250,5673000,17694000,10713000,6981000,2755000,2733000,22000,22176916,2736000,0,0,0,0,0,4191000,4292000,-1455000,0,-680000,-680000,-680000,0,0,-0.037,7605000,-876000,1293000,0.0,0.76,-32.613,-30.165,232000,0,10.859,1.212,1.212,3005000,10273000,18302000,18302000,2744000,-0.021,-0.023,-0.026,-0.037,39000,4861000,1.0,2042186,2042167,2042167,8.962,31935000,0,-5000,0,15.638,21940000
QBAK,MRY,2012-12-31,2012-06-30,2012-06-30,2018-05-09,9000,28824000,30768000,22137000,6687000,0.555,12.268,-136000,7381000,7381000,13390000,-4107000,5.911,0.151,0,0,0,0,0,100000,0,0.0,0.0,-4091000,-3991000,-0.234,-3991000,-4091000,-4091000,-2.04,-2.04,-2.04,25053000,27548250,25053000,19503922,-4,-4.887,-1676000,-0.821,1.0,3691000,0.216,0,0,17698000,22652500,4475000,13504000,7135000,6369000,3771000,3745000,26000,23280922,2411000,0,0,0,0,0,3951000,4087000,-1540000,0,-4107000,-4107000,-4107000,0,0,-0.24,7806000,-4115000,2039000,0.0,0.929,-5.669,-5.588,268000,0,11.4,1.363,1.363,2995000,6166000,17081000,17081000,2657000,-0.133,-0.149,-0.181,-0.24,9000,5149000,1.0,2042186,2042167,2042167,8.364,28824000,0,16000,0,14.114,18392000
QBAK,MRY,2013-12-31,2013-06-30,2013-06-30,2018-05-09,4000,20207000,24055000,14046000,6161000,0.526,7.22,-453000,1966000,1966000,9187000,-10363000,2.58,0.37,0,0,0,0,953000,176000,0,0.0,0.0,-10363000,-10187000,-0.806,-10187000,-10363000,-10363000,-5.1,-5.1,-5.1,14745000,19382500,14745000,16329363,-1,-1.603,-6938000,-3.397,1.0,3455000,0.273,0,0,12796000,15027750,1628000,11851000,6305000,5546000,5462000,5445000,17000,17154363,-5415000,0,0,0,0,0,1070000,1523000,-6485000,0,-10363000,-10363000,-10363000,0,0,-0.82,13866000,-10411000,2089000,0.0,1.163,-1.655,-1.647,545000,0,8.4,1.357,1.357,3784000,-4197000,12642000,12642000,3290000,-0.431,-0.535,-0.69,-0.82,60000,7910000,1.0,2042186,2042167,2042167,6.19,20207000,0,0,0,9.895,8601000
QBAK,MRY,2014-12-31,2014-06-30,2014-06-30,2018-05-09,1000,12785000,15266000,12055000,730000,0.717,4.467,-299000,5462000,5462000,8350000,-5624000,3.544,0.401,0,0,0,0,1197000,183000,0,0.0,0.0,-5624000,-5441000,-0.497,-5441000,-5624000,-5624000,-2.76,-2.76,-2.76,9123000,10778250,9123000,11351114,-2,-2.086,-6594000,-3.229,1.0,2591000,0.237,0,0,3921000,7393000,3177000,1763000,1763000,0,3662000,3402000,260000,16174114,3496000,0,0,0,0,0,9791000,10090000,-6295000,0,-5624000,-5624000,-5624000,0,0,-0.514,8239000,-5648000,952000,0.0,1.773,-2.876,-2.87,663000,0,7.92,1.478,1.478,1412000,-9821000,10941000,10941000,2461000,-0.368,-0.522,-0.761,-0.514,5000,5980000,1.0,2042186,2042167,2042167,5.358,12785000,0,0,0,6.261,8653000
QBAK,MRY,2015-12-31,2015-06-30,2015-06-30,2018-05-09,0,10684000,11597500,10105000,579000,1.112,3.875,-155000,4696000,4696000,8530000,-1308000,3.991,0.351,0,0,0,0,1055000,220000,0,0.0,0.0,-1308000,-1088000,-0.084,-1088000,-1308000,-1308000,-0.64,-0.64,-0.64,7910000,8376000,7910000,8760615,-6,-8.052,-2519000,-1.234,1.0,4372000,0.339,0,0,3456000,3178000,2948000,0,0,0,2774000,2532000,242000,14213615,-766000,0,0,0,0,0,1598000,1753000,-2364000,0,-1308000,-1308000,-1308000,0,0,-0.101,5680000,-1308000,913000,0.0,1.797,-10.867,-10.875,538000,0,6.96,1.102,1.102,2321000,-11129000,12902000,12902000,1351000,-0.113,-0.156,-0.412,-0.101,96000,4555000,1.0,2042186,2042000,2042000,6.318,10684000,0,0,0,5.233,7573000
QBAK,MRY,2016-12-31,2016-12-31,2016-12-31,2018-05-09,0,7263000,7593000,6900000,363000,1.24,2.37,-45000,3791000,3791000,6824000,-1210000,3.059,0.501,0,0,0,0,892000,182000,0,0.0,0.0,-1210000,-1028000,-0.109,-1028000,-1210000,-1210000,-0.59,-0.59,-0.59,4839000,5254500,4839000,2311695,-1,-2.249,-172000,-0.084,1.0,2593000,0.275,0,0,1216000,1751750,1360000,0,0,0,2424000,2256000,168000,5962695,-172000,0,0,0,0,0,-45000,0,-127000,0,-1210000,-1210000,-1210000,0,0,-0.128,3806000,-1213000,888000,0.0,1.232,-4.928,-4.949,286000,0,2.92,0.633,0.633,1583000,-14224000,9417000,9417000,990000,-0.159,-0.23,-0.691,-0.128,2000,2816000,1.0,2042019,2042000,2042000,4.612,7263000,0,0,0,3.557,4644000
QBAK,MRY,2017-12-31,2017-12-31,2017-12-31,2018-05-09,0,8567000,7770250,8327000,240000,1.369,2.887,-44000,4798000,4798000,6392000,640000,3.297,0.453,0,0,0,0,927000,154000,0,0.0,0.0,657000,811000,0.076,811000,657000,657000,0.31,0.31,0.31,5896000,5242500,5896000,12389959,18,15.277,1003000,0.491,1.0,4249000,0.399,0,0,1243000,900750,1564000,0,0,0,2671000,2526000,145000,17152959,1007000,0,0,0,0,0,-40000,4000,1047000,0,640000,640000,640000,0,0,0.06,3592000,657000,1065000,0.0,2.909,26.801,27.097,172000,0,8.4,1.612,1.612,1802000,-13584000,10641000,10641000,535000,0.082,0.122,0.729,0.062,413000,3057000,1.0,2042019,2042000,2042000,5.211,8567000,0,17000,0,4.195,5801000
