ticker,dimension,calendardate,datekey,reportperiod,lastupdated,accoci,assets,assetsavg,assetsc,assetsnc,assetturnover,bvps,capex,cashneq,cashnequsd,cor,consolinc,currentratio,de,debt,debtc,debtnc,debtusd,deferredrev,depamor,deposits,divyield,dps,ebit,ebitda,ebitdamargin,ebitdausd,ebitusd,ebt,eps,epsdil,epsusd,equity,equityavg,equityusd,ev,evebit,evebitda,fcf,fcfps,fxusd,gp,grossmargin,intangibles,intexp,invcap,invcapavg,inventory,investments,investmentsc,investmentsnc,liabilities,liabilitiesc,liabilitiesnc,marketcap,ncf,ncfbus,ncfcommon,ncfdebt,ncfdiv,ncff,ncfi,ncfinv,ncfo,ncfx,netinc,netinccmn,netinccmnusd,netincdis,netincnci,netmargin,opex,opinc,payables,payoutratio,pb,pe,pe1,ppnenet,prefdivis,price,ps,ps1,receivables,retearn,revenue,revenueusd,rnd,roa,roe,roic,ros,sbcomp,sgna,sharefactor,sharesbas,shareswa,shareswadil,sps,tangibles,taxassets,taxexp,taxliabilities,tbvps,workingcapital
QRM,MRY,2011-12-31,2011-10-31,2011-10-31,2017-07-20,0,84597665,75091220,54470779,30126886,0.0,1.308,-15063838,25942689,26058362,0,-11382458,8.836,0.083,0,0,0,0,0,0,0,0.0,0.0,-11052131,-11052131,-729.514,-11101410,-11101410,-11052131,-0.19,-0.19,-0.191,78102669,70677244,78450912,,,,-18418105,-0.308,0.996,15150,1.0,0,0,52490307,32646462,0,22312598,18395181,3917417,6494996,6164669,330327,205559847,-24506513,0,15964156,0,0,15964156,-37116402,-22072469,-3354267,0,-11382458,-11382458,-11433210,0,0,-751.317,11684657,-11669507,6164669,0.0,2.62,-17.979,-17.449,25434582,0,3.33,13508.077,13069.587,0,-18557483,15150,15217,0,-0.152,-0.161,-0.339,-729.514,8379369,10353399,1.0,61729684,59725206,59725206,0.0,84597665,10138255,330327,330327,1.416,48306110
QRM,MRY,2012-12-31,2012-10-31,2012-10-31,2017-07-20,0,82561443,83579554,38303009,44258434,0.001,1.217,-22398558,22423970,22422804,0,-4801245,5.226,0.097,0,0,0,0,0,0,0,0.0,0.0,-5131572,-5131572,-85.539,-5131305,-5131305,-5131572,-0.08,-0.08,-0.08,75232204,76667436,75228292,48764333,-9,-9.503,-25206162,-0.408,1.0,59991,1.0,0,0,52808234,52649270,0,4003316,4003316,0,7329239,7329239,0,74692917,-3518719,0,14000,0,0,14000,-725115,18213149,-2807604,0,-4801245,-4801245,-4800995,0,0,-80.033,5727146,-5667155,7329239,0.0,0.993,-15.558,-15.126,42271209,0,1.21,1245.133,1246.536,0,-23358728,59991,59987,0,-0.057,-0.063,-0.097,-85.539,1436637,4676169,1.0,61729684,61798947,61798947,0.001,82561443,13250668,-330327,0,1.336,30973770
QRM,MRY,2013-12-31,2013-10-31,2013-10-31,2017-07-20,0,76901500,79731471,15264099,61637401,0.0,1.154,-23428924,7269170,6960553,0,-3981889,4.193,0.05,0,0,0,0,0,0,0,0.0,0.0,-3981889,-3981889,,-3812835,-3812835,-3981889,-0.06,-0.06,-0.057,73261540,74246872,70151177,26524783,-6,-6.957,-25134805,-0.396,1.044,0,,0,0,65992370,59400302,0,1600,1600,0,3639960,3639960,0,48866913,-15154800,0,2741948,0,0,2390294,-15839213,4000000,-1705881,0,-3981889,-3981889,-3812835,0,0,,4336320,-4336320,3357441,0.0,0.697,-12.816,-13.749,58400176,0,0.79,,,0,-27340617,0,0,0,-0.05,-0.054,-0.067,,-86799,2775067,1.0,61864684,63467345,63467345,0.0,76901500,10816994,0,0,1.212,11624139
QRM,MRY,2014-12-31,2014-10-31,2014-10-31,2017-07-20,0,70053537,73477518,6642832,63410705,0.0,0.916,-8950014,1281706,1139404,0,-10972714,1.253,0.082,4338793,4338793,0,3857078,0,0,0,0.0,0.0,-10972714,-10972714,,-9754468,-9754468,-10972714,-0.16,-0.16,-0.142,64753470,69007505,57564217,4916803,0,-0.504,-12243008,-0.173,1.125,0,,0,0,67810557,66901463,0,950,950,0,5300067,5300067,0,11430297,-5987464,0,2976881,4338793,0,6516685,-9211155,0,-3292994,0,-10972714,-10972714,-9754468,0,0,,11113950,-11113950,961274,0.0,0.199,-1.172,-1.195,59188089,0,0.17,,,0,-38313331,0,0,0,-0.149,-0.159,-0.164,,204684,2448823,1.0,67237044,70690245,70690245,0.0,70053537,8845409,0,0,0.991,1342765
