ticker,dimension,calendardate,datekey,reportperiod,lastupdated,accoci,assets,assetsavg,assetsc,assetsnc,assetturnover,bvps,capex,cashneq,cashnequsd,cor,consolinc,currentratio,de,debt,debtc,debtnc,debtusd,deferredrev,depamor,deposits,divyield,dps,ebit,ebitda,ebitdamargin,ebitdausd,ebitusd,ebt,eps,epsdil,epsusd,equity,equityavg,equityusd,ev,evebit,evebitda,fcf,fcfps,fxusd,gp,grossmargin,intangibles,intexp,invcap,invcapavg,inventory,investments,investmentsc,investmentsnc,liabilities,liabilitiesc,liabilitiesnc,marketcap,ncf,ncfbus,ncfcommon,ncfdebt,ncfdiv,ncff,ncfi,ncfinv,ncfo,ncfx,netinc,netinccmn,netinccmnusd,netincdis,netincnci,netmargin,opex,opinc,payables,payoutratio,pb,pe,pe1,ppnenet,prefdivis,price,ps,ps1,receivables,retearn,revenue,revenueusd,rnd,roa,roe,roic,ros,sbcomp,sgna,sharefactor,sharesbas,shareswa,shareswadil,sps,tangibles,taxassets,taxexp,taxliabilities,tbvps,workingcapital
QRVO,MRY,2013-12-31,2013-03-28,2013-03-28,2018-02-01,,,,,,,,-53796000,,,658332000,-52999000,,,,,,,,72464000,,,0.0,-19367000,53097000,0.055,53097000,-19367000,-25899000,-0.76,-0.76,-0.76,,,,,,,17456000,0.251,1.0,305815000,0.317,,6532000,,,,,,,,,,,-33862000,-47697000,-3011000,-80672000,0,-89670000,-14477000,87016000,71252000,-967000,-52999000,-52999000,-52999000,0,0,-0.055,321495000,-15680000,,0.0,,,,,0,,,,,,964147000,964147000,178793000,,,,-0.02,30819000,132916000,,,69650000,69650000,13.843,,,27100000,,,
QRVO,MRY,2014-12-31,2014-03-29,2014-03-29,2018-02-01,-785000,920312000,,537418000,382894000,,9.569,-64254000,171898000,171898000,743304000,12642000,2.443,0.361,87263000,87263000,0,87263000,0,74336000,0,,0.0,29856000,104192000,0.091,104192000,29856000,23873000,0.18,0.18,0.18,676351000,,676351000,,,,66595000,0.945,1.0,404927000,0.353,158891000,5983000,456813000,,125703000,75908000,72067000,3841000,243961000,219973000,23988000,,70236000,0,4700000,-122000,0,-4245000,-57033000,8548000,130849000,665000,12642000,12642000,12642000,0,0,0.011,377586000,27341000,79783000,0.0,,,,195996000,0,,,,150598000,-607266000,1148231000,1148231000,197269000,,,,0.026,29851000,151404000,1.0,,70499000,72019000,16.287,761421000,4419000,11231000,884000,10.772,317445000
QRVO,MRY,2015-12-31,2015-03-28,2015-03-28,2018-02-01,-124000,6892379000,2014498500,1500105000,5392274000,0.849,68.229,-169862000,299814000,299814000,1021658000,196303000,4.611,0.117,0,0,0,0,0,216988000,0,0.0,0.0,122662000,339650000,0.199,339650000,122662000,121241000,2.17,2.11,2.17,6173160000,1767180500,6173160000,11652506883,94,34.307,135762000,1.501,1.0,689308000,0.403,4447815000,1421000,1819440000,626693750,346900000,248913000,244830000,4083000,719219000,325310000,393909000,11770599883,127916000,224324000,-4802000,-87539000,0,-112898000,-63942000,-126549000,305624000,-868000,196303000,196303000,196303000,0,0,0.115,566842000,122466000,182468000,0.0,1.907,59.961,36.535,883371000,0,79.28,6.88,4.192,379646000,-410963000,1710966000,1710966000,257494000,0.097,0.111,0.196,0.072,50948000,249886000,1.0,148468717,90477000,93211000,18.911,2444564000,150208000,-75062000,310189000,27.019,1174795000
QRVO,MRY,2016-12-31,2016-04-02,2016-04-02,2018-02-01,-3133000,6596819000,6762474000,1509210000,5087609000,0.386,37.608,-315624000,425881000,425881000,1561173000,-28845000,4.037,0.319,988130000,0,988130000,988130000,0,674951000,0,0.0,0.0,20454000,695405000,0.266,695405000,20454000,-2862000,-0.2,-0.2,-0.2,4999672000,5596008250,4999672000,7103950583,347,10.216,372303000,2.623,1.0,1049553000,0.402,3948212000,23316000,2837055000,2359948750,427551000,212858000,186808000,26050000,1597147000,373801000,1223346000,6967659583,126067000,0,-1248134000,986412000,0,-282852000,-278714000,49482000,687927000,-294000,-28845000,-28845000,-28845000,0,0,-0.011,1037585000,11968000,205364000,0.0,1.394,-241.555,-254.1,1046888000,0,50.82,2.669,2.763,363736000,-439808000,2610726000,2610726000,448763000,-0.004,-0.005,0.009,0.008,138581000,534099000,1.0,137104675,141937000,141937000,18.394,2648607000,0,25983000,152160000,19.923,1135409000
QRVO,MRY,2017-12-31,2017-04-01,2017-04-01,2018-02-01,-4306000,6522323000,6646710750,1461605000,5060718000,0.456,38.695,-552702000,545463000,545463000,1897062000,-16558000,3.49,0.332,989154000,0,989154000,989154000,0,704577000,0,0.0,0.0,86184000,790761000,0.261,790761000,86184000,27305000,-0.13,-0.13,-0.13,4896722000,4942447500,4896722000,9162663679,106,11.587,224118000,1.763,1.0,1135512000,0.374,3574477000,58879000,2972709000,2897252500,430454000,35494000,0,35494000,1625601000,418828000,1206773000,8669588679,119582000,-118133000,-150209000,0,0,-165646000,-490487000,186324000,776820000,-1105000,-16558000,-16558000,-16558000,0,0,-0.005,1047453000,88059000,216246000,0.0,1.77,-523.589,-527.385,1391932000,0,68.56,2.859,2.874,423195000,-456366000,3032574000,3032574000,470836000,-0.002,-0.003,0.03,0.028,88780000,545588000,1.0,126452577,127121000,127121000,23.856,2947846000,0,43863000,131511000,23.295,1042777000
