ticker,dimension,calendardate,datekey,reportperiod,lastupdated,accoci,assets,assetsavg,assetsc,assetsnc,assetturnover,bvps,capex,cashneq,cashnequsd,cor,consolinc,currentratio,de,debt,debtc,debtnc,debtusd,deferredrev,depamor,deposits,divyield,dps,ebit,ebitda,ebitdamargin,ebitdausd,ebitusd,ebt,eps,epsdil,epsusd,equity,equityavg,equityusd,ev,evebit,evebitda,fcf,fcfps,fxusd,gp,grossmargin,intangibles,intexp,invcap,invcapavg,inventory,investments,investmentsc,investmentsnc,liabilities,liabilitiesc,liabilitiesnc,marketcap,ncf,ncfbus,ncfcommon,ncfdebt,ncfdiv,ncff,ncfi,ncfinv,ncfo,ncfx,netinc,netinccmn,netinccmnusd,netincdis,netincnci,netmargin,opex,opinc,payables,payoutratio,pb,pe,pe1,ppnenet,prefdivis,price,ps,ps1,receivables,retearn,revenue,revenueusd,rnd,roa,roe,roic,ros,sbcomp,sgna,sharefactor,sharesbas,shareswa,shareswadil,sps,tangibles,taxassets,taxexp,taxliabilities,tbvps,workingcapital
QSII,MRY,2011-12-31,2011-03-31,2011-03-31,2018-01-26,0,378686000,345113750,282394000,96292000,1.024,3.876,-17163000,120404000,120404000,127482000,61606000,2.067,0.686,0,0,0,0,77794000,14650000,0,0.015,0.625,94153000,108803000,0.308,108803000,94153000,94416000,1.06,1.06,1.06,224670000,208050000,224670000,2293769180,24,21.082,53154000,0.918,1.0,225881000,0.639,78761000,-263000,42885000,38645500,1933000,1120000,1120000,0,154016000,136636000,17380000,2414946180,32006000,0,5717000,0,-34716000,-27728000,-10583000,6580000,70317000,0,61606000,61606000,61606000,0,0,0.174,131789000,94092000,6686000,0.59,10.749,39.2,39.311,12599000,0,41.67,6.834,6.827,139772000,91121000,353363000,353363000,21797000,0.179,0.296,2.436,0.266,3748000,108310000,1.0,57954072,57894000,58236000,6.104,299925000,10397000,32810000,14914000,5.175,145758000
QSII,MRY,2012-12-31,2012-03-31,2012-03-31,2018-01-26,-45000,440352000,424804250,312709000,127643000,1.012,4.999,-23410000,136406000,136406000,151223000,75657000,2.416,0.492,0,0,0,0,84401000,17950000,0,0.016,0.7,116060000,134010000,0.312,134010000,116060000,116307000,1.29,1.28,1.29,295177000,274310500,295177000,2448243812,21,18.269,54695000,0.931,1.0,278612000,0.648,104029000,-247000,70485000,67037000,1242000,4987000,4987000,0,145175000,129432000,15743000,2579455812,17827000,-11494000,12789000,0,-40989000,-25374000,-34904000,0,78105000,0,75657000,75657000,75657000,0,0,0.176,162413000,116199000,4532000,0.543,8.739,34.094,33.899,17841000,0,43.73,6.001,5.975,145756000,125597000,429835000,429835000,31369000,0.178,0.276,1.731,0.27,3321000,128846000,1.0,58985955,58729000,59049000,7.319,336323000,12755000,40650000,5351000,5.696,183277000
QSII,MRY,2013-12-31,2013-03-31,2013-03-31,2018-01-26,-11000,443055000,449997000,297326000,145729000,1.023,5.157,-39424000,111487000,111487000,189652000,42724000,2.341,0.443,0,0,0,0,66426000,24155000,0,0.038,0.7,69021000,93176000,0.202,93176000,69021000,68914000,0.72,0.72,0.72,307049000,311749750,307049000,980844435,14,10.527,28641000,0.482,1.0,270577000,0.588,113092000,107000,91447000,86605000,710000,12012000,12012000,0,136006000,127029000,8977000,1087701435,-28445000,-7106000,948000,0,-41535000,-42856000,-53654000,-7124000,68065000,0,42724000,42724000,42724000,0,0,0.093,201477000,69100000,11501000,0.972,3.542,25.459,25.375,21887000,0,18.27,2.363,2.358,148257000,126722000,460229000,460229000,30865000,0.095,0.137,0.797,0.15,2327000,148353000,1.0,59534835,59392000,59462000,7.749,329963000,12140000,26190000,1480000,5.542,170297000
QSII,MRY,2014-12-31,2014-03-31,2014-03-31,2018-01-26,-182000,451351000,452820000,273286000,178065000,0.982,4.902,-28718000,107496000,107496000,220163000,15680000,2.152,0.53,0,0,0,0,73264000,28737000,0,0.041,0.7,23001000,51738000,0.116,51738000,23001000,23001000,0.26,0.26,0.26,295090000,306360500,295090000,930173020,40,17.979,75333000,1.257,1.0,224504000,0.505,144972000,0,71910000,80908000,834000,10656000,10656000,0,156261000,126973000,29288000,1016353020,-2854000,-35033000,2200000,0,-42203000,-43243000,-63662000,89000,104051000,0,15680000,15680000,15680000,0,0,0.035,201416000,23088000,7888000,2.692,3.444,64.818,64.923,22801000,0,16.88,2.286,2.275,113268000,99931000,444667000,444667000,41524000,0.035,0.051,0.284,0.052,2490000,149214000,1.0,60210487,59918000,60134000,7.421,306379000,29897000,7321000,0,5.089,146313000
QSII,MRY,2015-12-31,2015-03-31,2015-03-31,2018-01-26,-192000,460521000,445415000,255977000,204544000,1.101,4.703,-21132000,121412000,121412000,223164000,27332000,1.651,0.624,0,0,0,0,67692000,29267000,0,0.044,0.7,36005000,65272000,0.133,65272000,36005000,35664000,0.45,0.45,0.45,283540000,285490500,283540000,847394127,23,12.983,61626000,1.023,1.0,267061000,0.545,141657000,341000,42368000,49366000,622000,11592000,11592000,0,176981000,155084000,21897000,963364127,15848000,-2345000,383000,0,-42770000,-42387000,-24523000,-1046000,82758000,0,27332000,27332000,27332000,0,0,0.056,231105000,35956000,10018000,1.556,3.398,35.247,35.511,20807000,0,15.98,1.965,1.964,107669000,84479000,490225000,490225000,69240000,0.061,0.096,0.729,0.073,3472000,158172000,1.0,60285615,60259000,60849000,8.135,318864000,33344000,8332000,10048000,5.289,100893000
QSII,MRY,2016-12-31,2016-03-31,2016-03-31,2018-01-26,-481000,530790000,460302750,183991000,346799000,1.07,4.424,-28688000,32496000,32496000,225615000,5657000,1.333,0.97,105000000,0,105000000,105000000,59270000,29739000,0,0.034,0.525,7624000,37363000,0.076,37363000,7624000,6320000,0.09,0.09,0.09,269377000,280352750,269377000,830805276,108,22.236,12108000,0.2,1.0,266862000,0.542,293762000,1304000,171472000,87210500,555000,9297000,9297000,0,261413000,138060000,123353000,927905276,-91817000,-163843000,992000,99618000,-42850000,57760000,-190373000,2158000,40796000,0,5657000,5657000,5657000,0,0,0.011,259500000,7362000,11126000,5.833,3.445,164.028,169.333,25790000,0,15.24,1.884,1.876,94024000,57986000,492477000,492477000,65661000,0.012,0.02,0.087,0.015,3295000,156234000,1.0,60886173,60635000,61233000,8.122,237028000,40907000,663000,91000,3.892,45931000
QSII,MRY,2017-12-31,2017-03-31,2017-03-31,2018-01-26,-358000,473221000,480050500,146802000,326419000,1.062,4.893,-20414000,42589000,42589000,223134000,18241000,1.141,0.551,15000000,0,15000000,15000000,53777000,40434000,0,0.0,0.0,26765000,67199000,0.132,67199000,26765000,23609000,0.3,0.29,0.3,305043000,289597500,305043000,947901364,35,14.106,90178000,1.459,1.0,286490000,0.562,268718000,3156000,48220000,88391250,158000,0,0,0,168178000,128694000,39484000,951542364,10497000,-282000,1310000,-90000000,0,-88690000,-11405000,9291000,110592000,0,18241000,18241000,18241000,0,0,0.036,259477000,27013000,4618000,0.0,3.119,52.165,50.8,27426000,0,15.24,1.867,1.849,83407000,76227000,509624000,509624000,78341000,0.038,0.063,0.303,0.053,7598000,163623000,1.0,62437163,61818000,62010000,8.244,204503000,13944000,5368000,405000,3.281,18108000
