ticker,dimension,calendardate,datekey,reportperiod,lastupdated,accoci,assets,assetsavg,assetsc,assetsnc,assetturnover,bvps,capex,cashneq,cashnequsd,cor,consolinc,currentratio,de,debt,debtc,debtnc,debtusd,deferredrev,depamor,deposits,divyield,dps,ebit,ebitda,ebitdamargin,ebitdausd,ebitusd,ebt,eps,epsdil,epsusd,equity,equityavg,equityusd,ev,evebit,evebitda,fcf,fcfps,fxusd,gp,grossmargin,intangibles,intexp,invcap,invcapavg,inventory,investments,investmentsc,investmentsnc,liabilities,liabilitiesc,liabilitiesnc,marketcap,ncf,ncfbus,ncfcommon,ncfdebt,ncfdiv,ncff,ncfi,ncfinv,ncfo,ncfx,netinc,netinccmn,netinccmnusd,netincdis,netincnci,netmargin,opex,opinc,payables,payoutratio,pb,pe,pe1,ppnenet,prefdivis,price,ps,ps1,receivables,retearn,revenue,revenueusd,rnd,roa,roe,roic,ros,sbcomp,sgna,sharefactor,sharesbas,shareswa,shareswadil,sps,tangibles,taxassets,taxexp,taxliabilities,tbvps,workingcapital
RAD,MRY,2011-12-31,2011-02-26,2011-02-26,2018-04-26,-30142000,7555850000,7808280750,4411365000,3144485000,3.229,-2.484,-162287000,91116000,91116000,18522403000,-555424000,1.823,-4.417,6219865000,63045000,6156820000,6219865000,0,505546000,0,0.0,0.0,1999000,507545000,0.02,507545000,1999000,-545582000,-0.64,-0.64,-0.64,-2211367000,-1973589250,-2211367000,7266562492,3635,14.317,233562000,0.262,1.0,6692504000,0.265,646177000,547581000,10618099000,10755076500,3158145000,0,0,0,9767217000,2420323000,7346894000,1139510492,-12478000,0,226000,-181706000,0,-251650000,-156677000,29843000,395849000,0,-555424000,-564872000,-564872000,0,0,-0.022,6646502000,46002000,1307872000,0.0,-0.515,-2.017,-2.0,2039383000,9448000,1.28,0.045,0.045,966457000,-7514796000,25214907000,25214907000,0,-0.072,0.286,0.0,0.0,17336000,6457833000,1.0,890242572,890242572,,28.324,6909673000,0,9842000,0,7.762,1991042000
RAD,MRY,2012-12-31,2012-03-03,2012-03-03,2018-04-26,-52634000,7364291000,7460475000,4504586000,2859705000,3.501,-2.879,-215004000,162285000,162285000,19327887000,-368571000,1.753,-3.847,6328201000,79421000,6248780000,6328201000,0,440582000,0,0.0,0.0,136998000,577580000,0.022,577580000,136998000,-392257000,-0.43,-0.43,-0.43,-2586756000,-2405308000,-2586756000,7663615993,55,13.268,51533000,0.057,1.0,6793335000,0.26,528775000,529255000,10431113000,10492926000,3138455000,0,0,0,9951047000,2570319000,7380728000,1500418993,71169000,0,914000,81912000,0,25801000,-221169000,28968000,266537000,0,-368571000,-378592000,-378592000,0,0,-0.014,6622761000,170574000,1426391000,0.0,-0.58,-3.963,-3.884,1902021000,10021000,1.67,0.057,0.057,1013233000,-7883367000,26121222000,26121222000,0,-0.051,0.157,0.013,0.005,15861000,6531411000,1.0,898454487,898454487,,29.074,6835516000,0,-23686000,0,7.608,1934267000
RAD,MRY,2013-12-31,2013-03-02,2013-03-02,2018-04-26,-61369000,7078719000,7072142750,4409047000,2669672000,3.59,-2.721,-315846000,129452000,129452000,18073987000,118105000,1.71,-3.878,6033531000,37311000,5996220000,6033531000,0,414111000,0,0.0,0.0,522926000,937037000,0.037,937037000,522926000,7505000,0.12,0.12,0.12,-2459434000,-2572051000,-2459434000,7407198375,14,7.905,503742000,0.557,1.0,7318276000,0.288,464404000,515421000,9940124000,9910287750,3154742000,0,0,0,9538153000,2578270000,6959883000,1518428375,-32833000,0,1646000,-333946000,0,-506116000,-346305000,36675000,819588000,0,118105000,107475000,107475000,0,0,0.004,6654848000,663428000,1384644000,0.0,-0.617,14.128,14.0,1895650000,10630000,1.68,0.06,0.06,929476000,-7765262000,25392263000,25392263000,0,0.015,-0.042,0.053,0.021,17717000,6600765000,1.0,903826414,903826414,,28.094,6614315000,0,-110600000,0,7.318,1830777000
RAD,MRY,2014-12-31,2014-03-01,2014-03-01,2018-04-26,-37334000,6944871000,7049366500,4285125000,2659746000,3.621,-2.187,-333870000,146406000,146406000,18202679000,249414000,1.709,-4.286,5757143000,49174000,5707969000,5757143000,0,403741000,0,0.0,0.0,674809000,1078550000,0.042,1078550000,674809000,250218000,0.23,0.23,0.23,-2113702000,-2254479250,-2113702000,12138617578,17,11.255,368176000,0.381,1.0,7323734000,0.287,431227000,424591000,9616929000,9859175500,2993948000,0,0,0,9058573000,2507452000,6551121000,6369403578,16954000,0,33217000,-295435000,0,-320168000,-364924000,41155000,702046000,0,249414000,215416000,215416000,0,0,0.008,6586482000,737252000,1292419000,0.0,-3.013,29.568,28.652,1957329000,33998000,6.59,0.25,0.25,949062000,-7515848000,25526413000,25526413000,0,0.031,-0.096,0.068,0.026,-10471000,6561162000,1.0,966525581,966525581,,26.41,6513644000,0,804000,0,6.739,1777673000
RAD,MRY,2015-12-31,2015-02-28,2015-02-28,2018-04-26,-45850000,8777425000,7467318000,4221758000,4555667000,3.553,0.058,-426828000,115899000,115899000,18951645000,2109173000,1.699,152.839,5559116000,100376000,5458740000,5559116000,0,416628000,0,0.0,0.0,824432000,1241060000,0.047,1241060000,824432000,426820000,2.17,2.08,2.17,57056000,-1422120250,57056000,13452709020,16,10.84,222131000,0.226,1.0,7576732000,0.286,497604000,397612000,11238038000,10033983250,2882980000,0,0,0,8720369000,2485000000,6235369000,7834976020,-30507000,-69793000,24117000,-118416000,0,-85781000,-593685000,15494000,648959000,0,2109173000,2109173000,2109173000,0,0,0.08,6733788000,842944000,1133520000,0.0,137.321,3.715,3.677,2091369000,0,7.98,0.295,0.295,980904000,-5406675000,26528377000,26528377000,0,0.282,-1.483,0.082,0.031,-18173000,6695642000,1.0,981826569,981826569,,27.019,8279821000,1784172000,-1682353000,57685000,8.433,1736758000
RAD,MRY,2016-12-31,2016-02-27,2016-02-27,2018-04-26,-47781000,11277010000,11376023750,4550727000,6726283000,1.826,0.556,-391199000,124471000,124471000,15778258000,165465000,1.518,18.395,6994136000,26848000,6967288000,6994136000,0,361134000,0,0.0,0.0,401109000,762243000,0.037,762243000,401109000,214977000,0.16,0.16,0.16,581428000,416172500,581428000,15471076051,38,20.297,623709000,0.596,1.0,4991979000,0.24,2717854000,186132000,12431926000,12863171000,2697104000,0,0,0,10695582000,2996895000,7698687000,8329848051,8572000,-1778377000,11376000,1507506000,0,1395522000,-2401858000,36726000,1014908000,0,165465000,165465000,165465000,-63377000,0,0.008,4621042000,370937000,1542797000,0.0,14.327,50.342,49.75,2255398000,0,7.96,0.401,0.401,1601008000,-5241210000,20770237000,20770237000,0,0.015,0.398,0.031,0.019,15064000,4581171000,1.0,1046463323,1046463323,,19.848,8559156000,1539141000,49512000,0,8.179,1553832000
RAD,MRY,2017-12-31,2017-03-04,2017-03-04,2018-04-26,-42317000,11593752000,11529648500,5065288000,6528464000,1.989,0.584,-254149000,245410000,245410000,17862833000,4053000,1.685,17.88,3290801000,17709000,3273092000,3290801000,0,407366000,0,0.0,0.0,248556000,655922000,0.029,655922000,248556000,48491000,0.0,0.0,0.0,614070000,617092500,614070000,12790283392,51,19.5,-22032000,-0.021,1.0,5064707000,0.221,2398253000,200065000,9235642000,11933642000,1789541000,0,0,0,10979682000,3005248000,7974434000,5735401392,120939000,0,6951000,313412000,0,353081000,-464259000,16852000,232117000,0,4053000,4053000,4053000,27000,0,0.0,4816124000,248583000,1613909000,,9.34,1415.1,,1526462000,0,5.45,0.25,0.25,1771126000,-5237157000,22927540000,22927540000,0,0.0,0.007,0.021,0.011,22939000,4776995000,1.0,1052367228,1052367228,,21.787,9195499000,1505564000,44438000,0,8.738,2060040000
RAD,MRY,2018-12-31,2018-03-03,2018-03-03,2018-04-26,-34549000,8989327000,10822096750,4735291000,4254036000,1.989,1.5,-185879000,447334000,447334000,16748863000,943470000,1.367,4.615,3391635000,20761000,3370874000,3391635000,0,386057000,0,0.0,0.0,1452225000,1838282000,0.085,1838282000,1452225000,1249457000,0.9,0.9,0.9,1601010000,930098000,1601010000,4906851802,3,2.669,80465000,0.075,1.0,4780105000,0.222,2011563000,202768000,6458000000,9347895250,1799539000,0,0,0,7388317000,3464065000,3924252000,2038943802,201924000,0,5796000,-274882000,0,-3377703000,3313283000,27586000,266344000,0,943470000,943470000,943470000,-1293002000,0,0.044,4620882000,159223000,1651363000,0.0,1.274,2.161,2.122,1431246000,0,1.91,0.095,0.095,1869100000,-4282471000,21528968000,21528968000,0,0.087,1.014,0.155,0.067,25793000,4651262000,1.0,1067509844,1067509844,,20.167,6977764000,594019000,305987000,0,6.536,1271226000
