ticker,dimension,calendardate,datekey,reportperiod,lastupdated,accoci,assets,assetsavg,assetsc,assetsnc,assetturnover,bvps,capex,cashneq,cashnequsd,cor,consolinc,currentratio,de,debt,debtc,debtnc,debtusd,deferredrev,depamor,deposits,divyield,dps,ebit,ebitda,ebitdamargin,ebitdausd,ebitusd,ebt,eps,epsdil,epsusd,equity,equityavg,equityusd,ev,evebit,evebitda,fcf,fcfps,fxusd,gp,grossmargin,intangibles,intexp,invcap,invcapavg,inventory,investments,investmentsc,investmentsnc,liabilities,liabilitiesc,liabilitiesnc,marketcap,ncf,ncfbus,ncfcommon,ncfdebt,ncfdiv,ncff,ncfi,ncfinv,ncfo,ncfx,netinc,netinccmn,netinccmnusd,netincdis,netincnci,netmargin,opex,opinc,payables,payoutratio,pb,pe,pe1,ppnenet,prefdivis,price,ps,ps1,receivables,retearn,revenue,revenueusd,rnd,roa,roe,roic,ros,sbcomp,sgna,sharefactor,sharesbas,shareswa,shareswadil,sps,tangibles,taxassets,taxexp,taxliabilities,tbvps,workingcapital
RADA,MRY,2011-12-31,2011-12-31,2011-12-31,2018-03-28,443000,24190000,25644000,18608000,5582000,0.757,1.62,-218000,2492000,2492000,13800000,-1519000,1.189,2.263,9324000,9148000,176000,9324000,0,951000,0,0.0,0.0,-995000,-44000,-0.002,-44000,-995000,-1526000,-0.34,-0.34,-0.34,7224000,7903500,7224000,22527551,-22,-511.99,-1590000,-0.357,1.0,5605000,0.289,742000,531000,14626000,16197000,7655000,0,0,0,16346000,15654000,692000,17072551,257000,0,0,1359000,0,1475000,147000,17000,-1372000,7000,-1526000,-1526000,-1526000,0,7000,-0.079,6593000,-988000,6506000,0.0,2.363,-11.188,-11.324,3277000,0,3.85,0.88,0.885,10024000,-63514000,19405000,19405000,2543000,-0.06,-0.193,-0.061,-0.051,0,4050000,1.0,4434429,4459324,4459324,4.352,23448000,0,0,0,5.258,2954000
RADA,MRY,2012-12-31,2012-12-31,2012-12-31,2018-03-28,468000,22886000,23538000,17815000,5071000,0.916,1.324,-688000,2475000,2475000,16233000,-2055000,1.125,2.77,10140000,10140000,0,10140000,0,897000,0,0.0,0.0,-902000,-5000,0.0,-5000,-902000,-2051000,-0.46,-0.46,-0.46,5906000,6565000,5906000,16197472,-17,-3239.494,-1440000,-0.323,1.0,5318000,0.247,587000,1149000,14126000,14376000,7272000,0,0,0,16357000,15838000,519000,9365472,57000,0,0,1008000,0,1008000,-219000,-3000,-752000,20000,-2051000,-2051000,-2051000,0,-4000,-0.095,6224000,-906000,5698000,0.0,1.586,-4.566,-4.566,3324000,0,2.1,0.435,0.435,9228000,-65565000,21551000,21551000,2423000,-0.087,-0.312,-0.063,-0.042,0,3801000,1.0,4459324,4459324,4459324,4.833,22299000,0,0,0,5.001,1977000
RADA,MRY,2013-12-31,2013-12-31,2013-12-31,2018-03-28,547000,22007000,22446500,17301000,4706000,0.969,0.751,-370000,3170000,3170000,17160000,-2643000,0.991,5.38,10194000,10194000,0,10194000,0,752000,0,0.0,0.0,-2635000,-1883000,-0.087,-1883000,-2635000,-2635000,-0.6,-0.6,-0.6,3350000,4628000,3350000,20597039,-7,-10.938,1062000,0.238,1.0,4601000,0.211,587000,0,10991000,12558500,6798000,0,0,0,18022000,17453000,569000,12932039,973000,0,0,-435000,0,-435000,-85000,3000,1432000,61000,-2635000,-2635000,-2635000,0,-8000,-0.121,5337000,-736000,7259000,0.0,3.86,-4.908,-4.833,2986000,0,2.9,0.594,0.594,8466000,-68200000,21761000,21761000,1459000,-0.117,-0.569,-0.21,-0.121,0,3878000,1.0,4459324,4459324,4459324,4.88,21420000,0,0,0,4.803,-152000
RADA,MRY,2014-12-31,2014-12-31,2014-12-31,2018-03-28,536000,20097000,21052000,15326000,4771000,1.027,0.397,-296000,2135000,2135000,15284000,201000,1.002,4.49,9709000,9709000,0,9709000,0,575000,0,0.0,0.0,208000,783000,0.036,783000,208000,208000,-0.02,-0.02,-0.02,3547000,3448500,3547000,29320620,140,37.447,-174000,-0.019,1.0,6341000,0.293,587000,0,11793000,11392000,6651000,0,0,0,15925000,15291000,634000,22296620,-351000,0,0,-528000,0,-528000,66000,2000,122000,-11000,208000,208000,208000,36000,-7000,0.01,4848000,1493000,5582000,0.0,6.286,107.195,-250.0,2790000,0,5.0,1.031,2.068,7934000,-67992000,21625000,21625000,789000,0.01,0.06,0.018,0.01,0,4059000,1.0,4459324,8944803,8944803,2.418,19510000,0,0,0,2.181,35000
RADA,MRY,2015-12-31,2015-12-31,2015-12-31,2018-03-28,387000,18576000,19336500,15379000,3197000,0.728,0.715,-366000,1343000,1343000,11665000,-6497000,1.736,1.119,4050000,4050000,0,4050000,0,548000,0,0.0,0.0,-2884000,-2336000,-0.166,-2336000,-2884000,-6461000,-0.53,-0.53,-0.53,8507000,6027000,8507000,10764880,-3,-4.608,-3131000,-0.263,1.0,2409000,0.171,0,3577000,12426000,12109500,5691000,0,0,0,9517000,8857000,660000,3190880,-32000,0,7430000,827000,0,3227000,-378000,-10000,-2765000,-116000,-6461000,-6461000,-6461000,179000,-36000,-0.459,5150000,-2741000,4581000,0.0,0.375,-0.494,-1.34,2687000,0,0.71,0.227,0.601,6176000,-74453000,14074000,14074000,693000,-0.334,-1.072,-0.238,-0.205,0,3870000,1.0,4494198,11904088,11904088,1.182,18576000,0,0,0,1.56,6522000
RADA,MRY,2016-12-31,2016-12-31,2016-12-31,2018-03-28,222000,20987000,19781500,17329000,3658000,0.648,0.75,-411000,1522000,1522000,11379000,-4907000,2.785,0.947,3647000,575000,3072000,3647000,839000,554000,0,0.0,0.0,-3389000,-2835000,-0.221,-2835000,-3389000,-4910000,-0.35,-0.35,-0.35,10516000,9511500,10516000,10908400,-3,-3.848,-5032000,-0.359,1.0,1442000,0.112,0,1521000,16889000,14657500,7102000,0,0,0,9958000,6223000,3735000,9221400,610000,0,5796000,-1841000,0,5442000,-78000,11000,-4621000,-133000,-4910000,-4910000,-4910000,-13000,3000,-0.383,4841000,-3399000,4544000,0.0,0.877,-1.878,-3.314,2650000,0,1.16,0.719,1.269,7193000,-79363000,12821000,12821000,758000,-0.248,-0.516,-0.231,-0.264,111000,4083000,1.0,7949483,14029346,14029346,0.914,20987000,0,0,0,1.496,11106000
RADA,MRY,2017-12-31,2017-12-31,2017-12-31,2018-03-28,392000,36030000,28508500,31728000,4302000,0.918,1.143,-1777000,12739000,12739000,17919000,2342000,5.212,0.24,0,0,0,0,41000,638000,0,0.0,0.0,2395000,3033000,0.116,3033000,2395000,2239000,0.09,0.08,0.09,28526000,19521000,28526000,67564226,28,22.276,-699000,-0.028,1.0,8263000,0.316,0,156000,17204000,17046500,7910000,0,0,0,6845000,6087000,758000,65439226,10320000,0,9726000,-575000,0,11292000,-1912000,-29000,1078000,-138000,2239000,2239000,2239000,-515000,103000,0.086,6280000,1983000,5718000,0.0,2.294,29.227,34.222,3915000,0,3.08,2.499,2.936,8679000,-77124000,26182000,26182000,1575000,0.079,0.115,0.14,0.091,559000,4705000,1.0,21246502,24956915,28126509,1.049,36030000,0,0,0,1.444,25641000
