ticker,dimension,calendardate,datekey,reportperiod,lastupdated,accoci,assets,assetsavg,assetsc,assetsnc,assetturnover,bvps,capex,cashneq,cashnequsd,cor,consolinc,currentratio,de,debt,debtc,debtnc,debtusd,deferredrev,depamor,deposits,divyield,dps,ebit,ebitda,ebitdamargin,ebitdausd,ebitusd,ebt,eps,epsdil,epsusd,equity,equityavg,equityusd,ev,evebit,evebitda,fcf,fcfps,fxusd,gp,grossmargin,intangibles,intexp,invcap,invcapavg,inventory,investments,investmentsc,investmentsnc,liabilities,liabilitiesc,liabilitiesnc,marketcap,ncf,ncfbus,ncfcommon,ncfdebt,ncfdiv,ncff,ncfi,ncfinv,ncfo,ncfx,netinc,netinccmn,netinccmnusd,netincdis,netincnci,netmargin,opex,opinc,payables,payoutratio,pb,pe,pe1,ppnenet,prefdivis,price,ps,ps1,receivables,retearn,revenue,revenueusd,rnd,roa,roe,roic,ros,sbcomp,sgna,sharefactor,sharesbas,shareswa,shareswadil,sps,tangibles,taxassets,taxexp,taxliabilities,tbvps,workingcapital
RCON,MRY,2011-12-31,2011-06-30,2011-06-30,2017-09-29,-288897,114884345,138449375,100780439,14103906,0.46,20.667,-173089,3485944,539296,43469506,-28688524,3.747,0.329,7654685,7654685,0,1184225,2420497,361837,0,0.0,0.0,-27770729,-27408892,-0.43,-4240319,-4296297,-28371229,-7.35,-7.35,-1.137,81672396,92879176,12635206,8763783,-2,-2.067,-6504721,-1.646,6.464,20218961,0.317,0,600500,92157108,103225383,22576094,1276574,1276574,0,26895978,26895978,0,9444828,-8657013,-2256305,0,-2874765,0,341235,-2429394,0,-6331632,-237222,-29036375,-29036375,-4492100,0,347851,-0.456,39791743,-19572782,9125834,0.0,0.748,-2.103,-2.102,1132425,0,2.39,0.959,0.959,84938876,15553628,63688467,9852985,0,-0.21,-0.313,-0.269,-0.436,1420588,39791743,1.0,3951811,3951811,3951811,2.493,114884345,458133,665146,7192123,29.071,73884461
RCON,MRY,2012-12-31,2012-06-30,2012-06-30,2017-09-29,-290496,152149277,130364949,140072108,12077169,0.579,20.147,-1012241,3533283,555979,51269950,-3514482,2.125,0.828,29890372,29890372,0,4703395,3291073,361790,0,0.0,0.0,-3077361,-2715571,-0.036,-427308,-484237,-4040185,-0.97,-0.97,-0.153,79616770,79952626,12528087,9419497,-19,-22.044,-22712891,-5.747,6.355,24272429,0.321,0,962824,112595306,99337560,24281300,0,0,0,65911060,65911060,0,7271332,47339,0,0,22235687,0,22735687,-1012241,0,-21700650,24543,-3820135,-3820135,-601116,0,305653,-0.051,27810110,-3537681,21622000,0.0,0.58,-12.096,-12.055,1774820,0,1.84,0.612,0.612,118127015,11733496,75542379,11886961,6270919,-0.029,-0.048,-0.031,-0.041,1239788,21539191,1.0,3951811,3951811,3951811,3.008,152149277,3897523,-220050,9681620,38.501,74161048
RCON,MRY,2013-12-31,2013-06-30,2013-06-30,2017-09-29,-293201,135472336,144209940,128710360,6761976,0.531,20.63,-591583,12350392,2001138,51531759,619541,2.753,0.573,16073654,16073654,0,2604420,3381382,618552,0,0.0,0.0,1883773,2502325,0.033,405452,305228,326569,0.01,0.01,0.002,81526419,81367515,13209756,8983705,29,22.157,24166283,6.115,6.172,25053970,0.327,0,1557204,92450672,104512070,13271070,4128305,2578855,1549450,46744926,46744926,0,7429404,8817109,0,0,-13816718,0,-13796718,-2141033,-1549450,24757866,-3006,39698,39698,6432,0,579843,0.001,25618717,-564747,18053949,0.0,0.562,1155.018,1160.279,1709846,0,1.88,0.599,0.599,99576396,11773194,76585729,12409215,8513680,0.0,0.0,0.018,0.025,1852656,17105037,1.0,3951811,3951811,3951811,3.14,135472336,1582371,286871,6754428,34.281,81965434
RCON,MRY,2014-12-31,2014-06-30,2014-06-30,2017-09-29,-279275,154530382,154247845,133399423,21130959,0.606,20.954,-336241,18094586,2915752,61030247,1827820,2.651,0.524,15207728,15207728,0,2450565,4419824,595647,0,0.0,0.0,2720898,3316545,0.035,534426,438444,1768324,0.19,0.18,0.031,95979030,92126697,15466013,20251223,46,37.893,-8296285,-1.928,6.206,32416861,0.347,0,952574,101317651,103628413,14336602,0,0,0,50325873,50325873,0,19130675,5744194,0,14837791,-865926,0,13971865,-336241,0,-7960044,68614,807188,807188,130069,0,1020632,0.009,29586623,2830238,17285993,0.0,1.237,147.08,135.221,1321538,0,4.14,1.27,1.183,116703031,12580382,93447108,15058020,8094333,0.005,0.009,0.026,0.029,2429028,21492290,1.0,4620936,4303955,4368162,3.499,154530382,1209961,961136,7589846,33.737,83073550
RCON,MRY,2015-12-31,2015-06-30,2015-06-30,2017-09-29,-317551,134348887,149254070,124512236,9836651,0.345,14.282,-1677804,12344929,1994833,41400727,-31456388,2.391,0.703,23916905,23916905,0,3864763,2285529,526046,0,0.0,0.0,-32898012,-32371966,-0.628,-5231028,-5316032,-34008463,-6.45,-6.45,-1.042,74045347,91388964,11965083,9726629,-1,-1.859,-16780141,-3.441,6.188,10112173,0.196,0,1110451,93840820,111106007,10845007,4205530,4205530,0,52080043,52080043,0,7533654,-5749657,0,2392027,8700000,0,11092027,-1677804,0,-15102337,-61543,-31456388,-31456388,-5083078,0,0,-0.611,45628406,-35516233,24098252,0.0,0.63,-1.482,-1.439,2666953,0,1.5,0.905,0.879,101298056,-23024935,51512900,8324036,4168813,-0.211,-0.344,-0.296,-0.639,1294629,38206725,1.0,5022436,4876504,4876504,1.707,134348887,1742098,-2552075,1153216,25.913,72432193
RCON,MRY,2016-12-31,2016-06-30,2016-06-30,2017-09-29,-219040,79450314,105775131,74322220,5128094,0.404,7.13,-121075,1817620,273605,35481394,-40882577,2.49,0.721,12941848,12941848,0,1948132,406681,955083,0,0.0,0.0,-39433364,-38478281,-0.901,-5792124,-5935892,-40336732,-7.23,-7.23,-1.088,41376299,58857257,6228362,8541037,-1,-1.475,-406749,-0.072,6.643,7246883,0.17,0,903368,60724024,78892066,6313070,4660177,4660177,0,29850518,29850518,0,6558525,-10527309,0,171919,-10355365,0,-10183446,-121075,0,-285674,62886,-40882577,-40882577,-6154042,0,0,-0.957,47158012,-39911129,15365000,0.0,1.053,-1.066,-1.038,2907762,0,1.13,1.02,0.993,63641375,-63907512,42728277,6431874,6856522,-0.387,-0.695,-0.5,-0.923,2096162,25826416,1.0,5804005,5653149,5653149,1.138,79450314,0,545845,755880,13.691,44471702
RCON,MRY,2017-12-31,2017-06-30,2017-06-30,2017-09-29,-249156,71155045,75302679,68387075,2767970,0.798,5.18,-586219,3809279,559053,44090960,-31203801,2.322,0.886,10168008,10168008,0,1492266,1259725,856735,0,0.0,0.0,-30588369,-29731634,-0.495,-4363443,-4489179,-31137247,-4.9,-4.9,-0.719,33244445,37310372,4878987,8726028,-1,-2.0,5084854,0.792,6.814,15963502,0.266,0,548878,48068017,54396020,2627974,6112960,6112960,0,29445757,29445757,0,6979110,1991659,0,0,-3076964,0,-3076964,-586219,0,5671073,-16231,-31445147,-31445147,-4614920,0,241346,-0.524,46574986,-30611484,15318789,0.0,1.43,-1.512,-1.558,2767970,0,1.12,0.792,0.816,55008421,-95352659,60054462,8813652,7599340,-0.418,-0.843,-0.562,-0.509,2039446,37209360,1.0,6230792,6417305,6417305,1.373,71155045,0,307900,684721,11.088,38941318
