ticker,dimension,calendardate,datekey,reportperiod,lastupdated,accoci,assets,assetsavg,assetsc,assetsnc,assetturnover,bvps,capex,cashneq,cashnequsd,cor,consolinc,currentratio,de,debt,debtc,debtnc,debtusd,deferredrev,depamor,deposits,divyield,dps,ebit,ebitda,ebitdamargin,ebitdausd,ebitusd,ebt,eps,epsdil,epsusd,equity,equityavg,equityusd,ev,evebit,evebitda,fcf,fcfps,fxusd,gp,grossmargin,intangibles,intexp,invcap,invcapavg,inventory,investments,investmentsc,investmentsnc,liabilities,liabilitiesc,liabilitiesnc,marketcap,ncf,ncfbus,ncfcommon,ncfdebt,ncfdiv,ncff,ncfi,ncfinv,ncfo,ncfx,netinc,netinccmn,netinccmnusd,netincdis,netincnci,netmargin,opex,opinc,payables,payoutratio,pb,pe,pe1,ppnenet,prefdivis,price,ps,ps1,receivables,retearn,revenue,revenueusd,rnd,roa,roe,roic,ros,sbcomp,sgna,sharefactor,sharesbas,shareswa,shareswadil,sps,tangibles,taxassets,taxexp,taxliabilities,tbvps,workingcapital
RECN,MRY,2011-12-31,2011-05-28,2011-05-28,2018-04-05,3442000,476397000,476562250,249874000,226523000,1.145,8.11,-3852000,139624000,139624000,335071000,24855000,3.718,0.278,0,0,0,0,0,12253000,0,0.012,0.16,51925000,64178000,0.118,64178000,51925000,51925000,0.54,0.53,0.54,372726000,370192500,372726000,492631086,9,7.676,22212000,0.482,1.0,210475000,0.386,184395000,0,85179000,91438750,0,5249000,5249000,0,103671000,67199000,36472000,638276086,8965000,-269000,-15699000,0,-5538000,-20746000,876000,4997000,26064000,2771000,24855000,24855000,24855000,0,0,0.046,159023000,51452000,19167000,0.296,1.712,25.68,25.5,26389000,0,13.77,1.17,1.164,87162000,248983000,545546000,545546000,0,0.052,0.067,0.568,0.095,9287000,172622000,1.0,46352657,46124000,46489000,11.828,292002000,26421000,27070000,0,6.354,182675000
RECN,MRY,2012-12-31,2012-05-26,2012-05-26,2018-04-05,-1890000,430719000,439489000,228235000,202484000,1.301,8.652,-2786000,105124000,105124000,352524000,41142000,3.702,0.177,0,0,0,0,0,9095000,0,0.017,0.2,73344000,82439000,0.144,82439000,73344000,73344000,0.94,0.94,0.94,365868000,366247000,365868000,416975333,5,5.058,33584000,0.771,1.0,219239000,0.383,177808000,0,86136000,88353000,0,22991000,22991000,0,64851000,61651000,3200000,513389333,-34500000,0,-41041000,0,-8306000,-49109000,-20528000,-17742000,36370000,-1233000,41142000,41142000,41142000,0,0,0.072,146147000,73092000,16301000,0.213,1.403,12.478,12.851,22651000,0,12.08,0.898,0.92,84192000,280650000,571763000,571763000,0,0.094,0.112,0.83,0.128,7504000,170992000,1.0,42499117,43541000,43599000,13.132,252911000,10417000,32202000,0,5.981,166584000
RECN,MRY,2013-12-31,2013-05-25,2013-05-25,2018-04-05,-3958000,417640000,424042250,217177000,200463000,1.312,8.704,-3147000,94016000,94016000,342040000,20504000,3.541,0.185,0,0,0,0,0,6274000,0,0.022,0.24,39877000,46151000,0.083,46151000,39877000,39877000,0.5,0.5,0.5,352327000,360354000,352327000,362049262,9,7.845,31812000,0.774,1.0,214294000,0.385,176934000,0,85357000,90571000,0,24996000,24996000,0,65313000,61333000,3980000,447932262,-11108000,0,-28613000,0,-9497000,-38092000,-5152000,-2005000,34959000,-2823000,20504000,20504000,20504000,0,0,0.037,174592000,39702000,15722000,0.48,1.271,21.846,21.96,21087000,0,10.98,0.805,0.811,84194000,290549000,556334000,556334000,0,0.048,0.057,0.44,0.072,7170000,168318000,1.0,40795288,41108000,41151000,13.533,240706000,9377000,19373000,0,5.946,155844000
RECN,MRY,2014-12-31,2014-05-31,2014-05-31,2018-04-05,-2573000,420078000,418092250,217462000,202616000,1.357,8.973,-3725000,80291000,80291000,351359000,19886000,3.237,0.215,0,0,0,0,0,5316000,0,0.023,0.28,38143000,43459000,0.077,43459000,38143000,38143000,0.51,0.51,0.51,345761000,350759000,345761000,406206818,10,9.347,28293000,0.721,1.0,215822000,0.381,176458000,0,96154000,96947250,0,33986000,33986000,0,74317000,67175000,7142000,480545818,-13725000,0,-22320000,0,-10625000,-32910000,-12715000,-8990000,32018000,-118000,19886000,19886000,19886000,0,0,0.035,177847000,37975000,14031000,0.549,1.39,24.165,24.314,23158000,0,12.4,0.847,0.857,90334000,298830000,567181000,567181000,0,0.048,0.057,0.393,0.067,6484000,172531000,1.0,38753695,39216000,39307000,14.463,243620000,8647000,18257000,0,6.323,150287000
RECN,MRY,2015-12-31,2015-05-30,2015-05-30,2018-04-05,-10917000,416981000,409159750,221706000,195275000,1.443,9.082,-2364000,87250000,87250000,362227000,27508000,3.216,0.225,0,0,0,0,0,4307000,0,0.02,0.32,50406000,54713000,0.093,54713000,50406000,50406000,0.73,0.72,0.73,340452000,342433250,340452000,522191442,10,9.544,29387000,0.777,1.0,228362000,0.387,170968000,0,89817000,100788000,0,24988000,24988000,0,76529000,68946000,7583000,589526442,6959000,0,-17202000,0,-11748000,-28864000,6634000,8998000,31751000,-2562000,27508000,27508000,27508000,0,0,0.047,178104000,50258000,13310000,0.438,1.732,21.431,21.493,22001000,0,15.69,0.998,1.005,96574000,313268000,590589000,590589000,0,0.067,0.08,0.5,0.085,5903000,173797000,1.0,37573387,37825000,38248000,15.614,246013000,9163000,22898000,3434000,6.563,152760000
RECN,MRY,2016-12-31,2016-05-28,2016-05-28,2018-04-05,-10794000,417255000,411439000,218588000,198667000,1.455,9.365,-2381000,91089000,91089000,366355000,30443000,3.084,0.218,0,0,0,0,0,3557000,0,0.026,0.4,53989000,57546000,0.096,57546000,53989000,53989000,0.82,0.81,0.82,342649000,343744750,342649000,498666433,9,8.666,35881000,0.969,1.0,232166000,0.388,171183000,0,84099000,99677250,0,24957000,24957000,0,74606000,70884000,3722000,570157433,3839000,0,-18358000,0,-14085000,-32258000,-2350000,31000,38262000,185000,30443000,30443000,30443000,0,0,0.051,178363000,53803000,13606000,0.488,1.664,18.729,18.915,21274000,0,15.51,0.953,0.96,97807000,327954000,598521000,598521000,0,0.074,0.089,0.542,0.09,6095000,174806000,1.0,36760634,37037000,37608000,16.16,246072000,4237000,23546000,0,6.725,147704000
RECN,MRY,2017-12-31,2017-05-27,2017-05-27,2018-04-05,-11396000,364128000,369784250,166845000,197283000,1.578,8.03,-4548000,62329000,62329000,362086000,18651000,2.325,0.529,48000000,0,48000000,48000000,0,3452000,0,0.035,0.44,34546000,37998000,0.065,37998000,34546000,33773000,0.57,0.56,0.57,238142000,263583000,238142000,378511811,10,9.961,23717000,0.722,1.0,221325000,0.379,171088000,773000,106940000,110306750,0,0,0,0,125986000,71771000,54215000,375118811,-28760000,0,-110537000,47810000,-14157000,-76876000,20409000,24957000,28265000,-558000,18651000,18651000,18651000,0,0,0.032,186923000,34402000,14102000,0.772,1.575,20.113,22.193,23354000,0,12.65,0.643,0.712,98222000,332024000,583411000,583411000,0,0.05,0.071,0.313,0.059,6060000,183471000,1.0,29653661,32851000,33471000,17.759,193040000,2872000,15122000,1280000,6.509,95074000
