ticker,dimension,calendardate,datekey,reportperiod,lastupdated,accoci,assets,assetsavg,assetsc,assetsnc,assetturnover,bvps,capex,cashneq,cashnequsd,cor,consolinc,currentratio,de,debt,debtc,debtnc,debtusd,deferredrev,depamor,deposits,divyield,dps,ebit,ebitda,ebitdamargin,ebitdausd,ebitusd,ebt,eps,epsdil,epsusd,equity,equityavg,equityusd,ev,evebit,evebitda,fcf,fcfps,fxusd,gp,grossmargin,intangibles,intexp,invcap,invcapavg,inventory,investments,investmentsc,investmentsnc,liabilities,liabilitiesc,liabilitiesnc,marketcap,ncf,ncfbus,ncfcommon,ncfdebt,ncfdiv,ncff,ncfi,ncfinv,ncfo,ncfx,netinc,netinccmn,netinccmnusd,netincdis,netincnci,netmargin,opex,opinc,payables,payoutratio,pb,pe,pe1,ppnenet,prefdivis,price,ps,ps1,receivables,retearn,revenue,revenueusd,rnd,roa,roe,roic,ros,sbcomp,sgna,sharefactor,sharesbas,shareswa,shareswadil,sps,tangibles,taxassets,taxexp,taxliabilities,tbvps,workingcapital
REDF,MRY,2011-12-31,2011-03-31,2011-03-31,2016-12-10,-3436985,63940170,66740528,45803936,18136234,0.327,3.925,-3999960,36922125,36922125,10795979,-6572014,5.221,0.182,0,0,0,0,1583692,3786398,0,0.0,0.0,-6554735,-2768337,-0.127,-2768337,-6554735,-6554735,-0.24,-0.24,-0.24,54102191,57354095,54102191,174546686,-26,-63.051,-3504323,-0.254,1.0,10999484,0.505,5271089,0,12974028,13831637,0,1840902,0,1840902,9837979,8772928,1065051,219237000,-8103141,-3028660,-1320158,0,0,-1320158,-7278620,-250000,495637,334952,-6572014,-6572014,-6572014,0,0,-0.302,19677842,-8678358,7189236,0.0,4.052,-33.359,-31.25,5972595,0,7.5,10.059,4.743,7178848,-68596668,21795463,21795463,3826350,-0.098,-0.115,-0.474,-0.301,559157,11955436,2.0,14615800,13783033,13783033,1.581,58669081,3326024,17279,0,4.257,37031008
REDF,MRY,2012-12-31,2012-03-31,2012-03-31,2016-12-10,-9278078,50468219,57204194,32072820,18395399,0.349,3.106,-5361489,24545839,24545839,10774121,-7677245,4.912,0.181,0,0,0,0,2151956,3499769,0,0.0,0.0,-7611690,-4111921,-0.206,-4111921,-7611690,-7611690,-0.28,-0.28,-0.28,42736404,48419297,42736404,162145071,-21,-39.433,-10565035,-0.768,1.0,9168145,0.46,4486009,0,14906314,13940171,0,1381473,0,1381473,7731815,6530057,1201758,199067196,-8262492,0,1364677,0,0,1364677,-4423623,937866,-5203546,-4113794,-7677245,-7677245,-7677245,0,0,-0.385,19913672,-10745527,4378101,0.0,4.658,-25.93,-24.321,7399081,0,6.81,9.982,4.698,6151846,-76273913,19942266,19942266,3136778,-0.134,-0.159,-0.546,-0.382,787874,13277125,2.0,14615800,13758635,13758635,1.449,45982210,2960245,65555,0,3.342,25542763
REDF,MRY,2013-12-31,2013-03-31,2013-03-31,2016-12-10,-11532390,37849002,44158610,24718409,13130593,0.355,2.161,-1895635,20024483,20024483,9951884,-11432223,3.55,0.27,0,0,0,0,1509095,3664376,0,0.0,0.0,-11465471,-7801095,-0.498,-7801095,-11465471,-11465471,-0.41,-0.41,-0.41,29805959,36271181,29805959,57798750,-5,-7.409,-4436186,-0.322,1.0,5706820,0.364,1922502,0,8939214,11922764,0,1404987,0,1404987,8043043,6962803,1080240,82344589,-3088229,0,0,0,0,0,-547678,1347957,-2540551,-1433127,-11432223,-11432223,-11432223,0,0,-0.73,19467578,-13760758,5453708,0.0,2.763,-7.203,-6.78,5780172,0,2.78,5.259,2.449,3766743,-87706136,15658704,15658704,2920824,-0.259,-0.315,-0.962,-0.732,756090,10882378,2.0,14810178,13795178,13795178,1.135,35926500,2978558,-33248,0,2.604,17755606
REDF,MRY,2014-12-31,2014-03-31,2014-03-31,2016-12-10,-14389651,27453539,32651270,21274437,6179102,0.494,1.447,-1464687,17151189,17151189,10413064,-7471406,3.245,0.376,0,0,0,0,1772273,3060269,0,0.0,0.0,-7624180,-4563911,-0.283,-4563911,-7624180,-7624180,-0.27,-0.27,-0.27,19958855,24882407,19958855,44547893,-5,-9.761,-4297524,-0.312,1.0,5707733,0.354,0,0,3746665,6342939,0,0,0,0,7494684,6555685,938999,64572376,-765589,0,0,0,0,0,2067248,3531935,-2832837,-2107705,-7471406,-7471406,-7471406,0,0,-0.463,18074048,-12366315,4783412,0.0,3.235,-8.643,-8.074,3571222,0,2.18,4.006,1.866,3137099,-95177542,16120797,16120797,2287488,-0.229,-0.3,-1.202,-0.473,481563,11135920,2.0,14810178,13795178,13795178,1.169,27453539,1149031,-152774,0,1.99,14718752
REDF,MRY,2015-12-31,2015-03-31,2015-03-31,2016-12-10,-14818372,14132972,20793255,12043689,2089283,0.738,0.445,-1208539,8294761,8294761,10835917,-13812570,1.724,1.3,0,0,0,0,1783414,1719327,0,0.0,0.0,-13797779,-12078452,-0.787,-12078452,-13797779,-13797779,-0.5,-0.5,-0.5,6144269,13051562,6144269,35822294,-2,-2.966,-8547552,-0.62,1.0,4502259,0.294,0,0,-1146175,1300245,0,0,0,0,7988703,6984386,1004317,52973483,-8395105,0,0,0,0,0,-1056092,152447,-7339013,-461323,-13812570,-13812570,-13812570,0,0,-0.901,19411179,-14908920,5200972,0.0,8.622,-3.835,-3.84,0,0,1.92,3.454,1.727,2475913,-108990112,15338176,15338176,2323759,-0.664,-1.058,-10.612,-0.9,426705,12168004,2.0,13795178,13795178,13795178,1.112,14132972,1195469,14791,0,1.024,5059303
