ticker,dimension,calendardate,datekey,reportperiod,lastupdated,accoci,assets,assetsavg,assetsc,assetsnc,assetturnover,bvps,capex,cashneq,cashnequsd,cor,consolinc,currentratio,de,debt,debtc,debtnc,debtusd,deferredrev,depamor,deposits,divyield,dps,ebit,ebitda,ebitdamargin,ebitdausd,ebitusd,ebt,eps,epsdil,epsusd,equity,equityavg,equityusd,ev,evebit,evebitda,fcf,fcfps,fxusd,gp,grossmargin,intangibles,intexp,invcap,invcapavg,inventory,investments,investmentsc,investmentsnc,liabilities,liabilitiesc,liabilitiesnc,marketcap,ncf,ncfbus,ncfcommon,ncfdebt,ncfdiv,ncff,ncfi,ncfinv,ncfo,ncfx,netinc,netinccmn,netinccmnusd,netincdis,netincnci,netmargin,opex,opinc,payables,payoutratio,pb,pe,pe1,ppnenet,prefdivis,price,ps,ps1,receivables,retearn,revenue,revenueusd,rnd,roa,roe,roic,ros,sbcomp,sgna,sharefactor,sharesbas,shareswa,shareswadil,sps,tangibles,taxassets,taxexp,taxliabilities,tbvps,workingcapital
RGEN,MRY,2011-12-31,2011-03-31,2011-03-31,2018-05-08,0,72293990,72395333,55844016,16449974,0.377,2.179,-524666,14403544,14403544,7117425,-43509,12.079,0.078,0,0,0,0,0,1674528,0,0.0,0.0,-17342,1657186,0.061,1657186,-17342,-43509,0.0,0.0,0.0,67086704,67904680,67086704,105150019,-6063,63.451,2707097,0.088,1.0,20173599,0.739,2215458,26167,51051864,54159760,1953976,47299721,35421520,11878201,5207286,4623124,584162,115144528,1677504,-300000,6571,-56850,0,-50279,-1503980,-679314,3231763,0,-43509,-43509,-43509,0,0,-0.002,20547670,-374071,930601,,1.716,-2646.453,,2156315,0,3.74,4.219,4.218,3772209,-117964614,27291024,27291024,12528819,-0.001,-0.001,0.0,-0.001,1003266,8018851,1.0,30787307,30781881,30781881,0.887,70078532,0,0,0,2.276,51220892
RGEN,MRY,2012-12-31,2012-12-31,2012-12-31,2018-05-08,1911970,97010163,85937271,66209451,30800712,0.725,2.702,-1263647,29409821,29409821,27170247,14156037,6.158,0.153,0,0,0,0,0,3508592,0,0.0,0.0,11328120,14836712,0.238,14836712,11328120,11271406,0.46,0.45,0.46,84124596,73807258,84124596,176791907,15,11.916,12175961,0.394,1.0,35096289,0.564,8176012,56714,48672102,48711295,11143695,20760050,10845195,9914855,12885567,10752228,2133339,195381884,18042076,0,1159064,0,0,1159064,2840881,4104528,13439608,602523,14156037,14156037,14156037,0,0,0.227,23716543,11379746,2454238,0.0,2.323,13.802,13.652,9952461,0,6.28,3.138,3.118,13289273,-105150577,62266536,62266536,10489811,0.165,0.192,0.233,0.182,1024152,13226732,1.0,31111765,30914424,31253434,2.014,88834151,2973964,-2884631,0,2.853,55457223
RGEN,MRY,2013-12-31,2013-12-31,2013-12-31,2018-05-08,1998330,118644904,108062790,86350599,32294305,0.631,3.255,-4635000,40029653,40029653,25163000,16093000,7.641,0.142,0,0,0,0,0,3114000,0,0.0,0.0,23064000,26178000,0.384,26178000,23064000,23014000,0.51,0.5,0.51,103886102,95976616,103886102,392786715,17,15.004,21295000,0.672,1.0,43006000,0.631,7181632,50000,60132448,53555407,11798638,34012152,21793550,12218602,14758802,11301171,3457631,435231135,10620000,0,2450000,0,0,2522000,-17906000,-13271000,25930000,74000,16093000,16093000,16093000,0,0,0.236,20042000,22964000,1721459,0.0,4.19,27.045,26.745,12509223,0,13.64,6.385,6.336,11676950,-89057422,68169000,68169000,7341000,0.149,0.168,0.431,0.338,1060000,12701000,1.0,31908441,31667015,32406641,2.153,111463272,186832,6921000,0,3.492,75049428
RGEN,MRY,2014-12-31,2014-12-31,2014-12-31,2018-05-08,-5773000,128293000,126377164,80946000,47347000,0.503,3.374,-5602000,35813000,35813000,28022000,8170000,7.578,0.148,0,0,0,0,0,4020000,0,0.0,0.0,11188000,15208000,0.239,15208000,11188000,11138000,0.25,0.25,0.25,111732000,112682599,111732000,611532878,54,40.211,12799000,0.394,1.0,35526000,0.559,28821000,50000,52977000,54279198,12384000,26640000,23090000,3550000,16561000,10682000,5879000,647889739,-4467000,-21236000,1680000,0,0,1680000,-19792000,7296000,18401000,-4756000,8170000,8170000,8170000,0,0,0.129,22763000,12763000,3863000,0.0,5.799,79.301,79.2,14526000,0,19.8,10.195,10.125,8000000,-80887000,63548000,63548000,5609000,0.065,0.073,0.206,0.176,1766000,17154000,1.0,32721704,32497657,33263667,1.955,99472000,5000,2968000,0,3.004,70264000
RGEN,MRY,2015-12-31,2015-12-31,2015-12-31,2018-05-08,-8566000,146237000,138004723,103252000,42985000,0.605,3.726,-2628000,54542000,54542000,35251000,9345000,5.498,0.191,0,0,0,0,0,4594000,0,0.0,0.0,13455000,18049000,0.216,18049000,13455000,13423000,0.28,0.28,0.28,122748000,118588388,122748000,883439114,65,48.947,12425000,0.378,1.0,48286000,0.578,27101000,32000,45813000,50645274,17998000,19315000,17682000,1633000,23489000,18781000,4708000,931973114,18729000,0,866000,0,0,767000,4791000,7419000,15053000,-1882000,9345000,9345000,9345000,0,0,0.112,30439000,17847000,6724000,0.0,7.593,99.73,101.036,13801000,0,28.29,11.156,11.136,11382000,-71542000,83537000,83537000,5740000,0.068,0.079,0.266,0.161,3598000,24699000,1.0,32943553,32881940,33577091,2.541,119136000,0,4078000,0,3.616,84471000
RGEN,MRY,2016-12-31,2016-12-31,2016-12-31,2018-05-08,-13749000,288913000,250899250,184153000,104760000,0.417,4.988,-4280000,122683000,122683000,47117000,11681000,8.738,0.712,95272000,0,95272000,95272000,0,5334000,0,0.0,0.0,15460000,20794000,0.199,20794000,15460000,11692000,0.35,0.34,0.35,168764000,156974000,168764000,978915140,63,47.077,3241000,0.097,1.0,57424000,0.549,89354000,3768000,151073000,121102750,24696000,19547000,19547000,0,120149000,21075000,99074000,1042698140,68141000,-44614000,1841000,111070000,0,112113000,-49194000,-300000,7521000,-2299000,11681000,11681000,11681000,0,0,0.112,38208000,19216000,5061000,0.0,6.178,89.264,88.057,14956000,0,30.82,9.974,9.898,16033000,-59861000,104541000,104541000,7355000,0.047,0.074,0.128,0.148,4595000,30853000,1.0,33831867,33572883,34098898,3.114,199559000,0,11000,2103000,5.898,163078000
RGEN,MRY,2017-12-31,2017-12-31,2017-12-31,2018-05-08,-6363000,743519000,519286500,242782000,500737000,0.272,13.559,-5454000,173759000,173759000,67050000,28353000,9.63,0.257,99250000,0,99250000,99250000,0,10507000,0,0.0,0.0,13689000,24196000,0.171,24196000,13689000,7248000,0.74,0.72,0.74,591548000,384037750,591548000,1518664301,110,62.765,11997000,0.314,1.0,74186000,0.525,472086000,6441000,171713000,140593000,39004000,0,0,0,151971000,25211000,126760000,1580549301,51526000,-112795000,131660000,0,0,129945000,-98246000,19553000,17451000,2376000,28353000,28353000,28353000,0,0,0.201,60181000,14005000,7282000,0.0,2.672,55.745,49.027,22417000,0,36.28,11.191,9.821,27738000,-31508000,141236000,141236000,8672000,0.055,0.074,0.097,0.097,6747000,51509000,1.0,43565306,38233527,39150374,3.694,271433000,0,-21105000,25167000,6.222,217571000
