ticker,dimension,calendardate,datekey,reportperiod,lastupdated,accoci,assets,assetsavg,assetsc,assetsnc,assetturnover,bvps,capex,cashneq,cashnequsd,cor,consolinc,currentratio,de,debt,debtc,debtnc,debtusd,deferredrev,depamor,deposits,divyield,dps,ebit,ebitda,ebitdamargin,ebitdausd,ebitusd,ebt,eps,epsdil,epsusd,equity,equityavg,equityusd,ev,evebit,evebitda,fcf,fcfps,fxusd,gp,grossmargin,intangibles,intexp,invcap,invcapavg,inventory,investments,investmentsc,investmentsnc,liabilities,liabilitiesc,liabilitiesnc,marketcap,ncf,ncfbus,ncfcommon,ncfdebt,ncfdiv,ncff,ncfi,ncfinv,ncfo,ncfx,netinc,netinccmn,netinccmnusd,netincdis,netincnci,netmargin,opex,opinc,payables,payoutratio,pb,pe,pe1,ppnenet,prefdivis,price,ps,ps1,receivables,retearn,revenue,revenueusd,rnd,roa,roe,roic,ros,sbcomp,sgna,sharefactor,sharesbas,shareswa,shareswadil,sps,tangibles,taxassets,taxexp,taxliabilities,tbvps,workingcapital
RHT,MRY,2011-12-31,2011-02-28,2011-02-28,2018-04-26,-1819000,2199322000,2000874500,1184558000,1014764000,0.454,6.689,-46852000,642630000,642630000,150287000,107278000,1.743,0.704,0,0,0,0,772254000,47997000,0,0.0,0.0,153694000,201691000,0.222,201691000,153694000,153694000,0.56,0.55,0.56,1290699000,1195984750,1290699000,7370528298,47,36.544,243896000,1.282,1.0,758990000,0.835,573605000,0,303286000,244324750,0,549761000,217970000,331791000,908623000,679801000,228822000,7965442298,254512000,-31381000,-31953000,-558000,0,9780000,-54855000,19440000,290748000,8839000,107278000,107278000,107278000,0,0,0.118,613314000,145676000,106514000,0.0,6.171,74.25,73.714,75558000,0,41.28,8.76,8.639,184741000,245050000,909277000,909277000,171253000,0.054,0.09,0.629,0.169,18306000,442061000,1.0,192961296,190294000,196353000,4.778,1625717000,75720000,46416000,0,8.426,504757000
RHT,MRY,2012-12-31,2012-02-29,2012-02-29,2018-04-26,-5952000,2491099000,2356936000,1221355000,1269744000,0.481,7.243,-51618000,549217000,549217000,178548000,146626000,1.478,0.781,0,0,0,0,946736000,51372000,0,0.0,0.0,208009000,259381000,0.229,259381000,208009000,208009000,0.76,0.75,0.76,1398817000,1374472000,1398817000,9025906402,43,34.798,340265000,1.762,1.0,954555000,0.842,692201000,0,423376000,355788500,0,711136000,264298000,446838000,1092282000,826305000,265977000,9552571402,-93413000,-135210000,-152740000,-1027000,0,-123836000,-358860000,-171389000,391883000,-2600000,146626000,146626000,146626000,0,0,0.129,754642000,199913000,114078000,0.0,6.829,65.149,65.079,92065000,0,49.46,8.43,8.431,255180000,391676000,1133103000,1133103000,208662000,0.062,0.107,0.585,0.184,49336000,545980000,1.0,193137311,193151000,196451000,5.866,1798898000,69765000,61383000,0,9.315,395050000
RHT,MRY,2013-12-31,2013-02-28,2013-02-28,2018-04-26,-7967000,2813660000,2641454500,1368749000,1444911000,0.503,7.868,-120038000,487084000,487084000,200600000,150204000,1.389,0.851,0,0,0,0,1089952000,62341000,0,0.0,0.0,210019000,272360000,0.205,272360000,210019000,209752000,0.78,0.77,0.78,1520161000,1475196750,1520161000,9210295092,43,33.817,345259000,1.788,1.0,1128217000,0.849,833154000,267000,507710000,471316750,0,831289000,392381000,438908000,1293499000,985712000,307787000,9816206092,-62133000,-135501000,-159168000,-1016000,0,-125965000,-389049000,-134127000,465297000,-12416000,150204000,150204000,150204000,0,0,0.113,927179000,201038000,154202000,0.0,6.457,65.352,65.141,141586000,0,50.81,7.387,7.385,302942000,541880000,1328817000,1328817000,263150000,0.057,0.102,0.446,0.158,98698000,660887000,1.0,193194373,193147000,195804000,6.88,1980506000,88765000,59548000,0,10.251,383037000
RHT,MRY,2014-12-31,2014-02-28,2014-02-28,2018-04-26,-4459000,3106619000,2838125250,1571182000,1535437000,0.541,8.181,-97559000,646742000,646742000,232600000,178292000,1.369,1.003,0,0,0,0,1289197000,74405000,0,0.0,0.0,239708000,314113000,0.205,314113000,239708000,239548000,0.94,0.93,0.94,1551165000,1464319750,1551165000,10538757151,43,33.551,443021000,2.333,1.0,1302015000,0.848,820829000,160000,490962000,367758500,0,840687000,335387000,505300000,1555454000,1148086000,407368000,11180868151,159658000,0,-274643000,-1304000,0,-263110000,-108262000,-8619000,540580000,-9550000,178292000,178292000,178292000,0,0,0.116,1069726000,232289000,179468000,0.0,7.208,62.711,62.755,173917000,0,58.99,7.286,7.3,360594000,720172000,1534615000,1534615000,317263000,0.063,0.122,0.652,0.156,113774000,750292000,1.0,189538365,189920000,192036000,8.08,2285790000,108264000,61256000,0,12.055,423096000
RHT,MRY,2015-12-31,2015-02-28,2015-02-28,2018-04-26,-60621000,3784569000,3367438500,1883443000,1901126000,0.531,7.02,-51771000,1047473000,1047473000,273199000,180201000,1.412,1.938,702939000,0,702939000,702939000,1482328000,76263000,0,0.0,0.0,264892000,341155000,0.191,341155000,264892000,255498000,0.97,0.95,0.97,1288338000,1390401000,1288338000,12504465793,47,36.653,576631000,3.091,1.0,1516290000,0.847,1061336000,9394000,1044666000,726527750,0,761270000,215254000,546016000,2496231000,1334033000,1162198000,12677610793,400731000,-296121000,-496314000,786987000,0,142633000,-325003000,11607000,628402000,-45301000,180201000,180201000,180201000,0,0,0.101,1266296000,249994000,237733000,0.0,9.84,70.353,71.258,172151000,0,69.12,7.084,7.205,468021000,900373000,1789489000,1789489000,367856000,0.054,0.13,0.365,0.148,140839000,898440000,1.0,183414508,186529000,189246000,9.594,2723233000,98892000,75297000,0,14.839,549410000
RHT,MRY,2016-12-31,2016-02-29,2016-02-29,2018-04-26,-74449000,4155099000,3904013750,1872433000,2282666000,0.526,7.328,-55517000,927778000,927778000,309629000,199365000,1.201,2.114,723942000,0,723942000,723942000,1722544000,76088000,0,0.0,0.0,297986000,374074000,0.182,374074000,297986000,274865000,1.09,1.07,1.09,1334432000,1349174500,1334432000,11721801813,39,31.336,680806000,3.724,1.0,1742601000,0.849,1173348000,23121000,1218738000,1205314250,0,1067612000,281142000,786470000,2820667000,1559177000,1261490000,11934553813,-119695000,-126459000,-325954000,-1843000,0,-327797000,-512108000,-326563000,736323000,-16113000,199365000,199365000,199365000,0,0,0.097,1454553000,288048000,284802000,0.0,8.944,59.863,59.954,166886000,0,65.35,5.815,5.822,509715000,1099738000,2052230000,2052230000,413322000,0.051,0.148,0.247,0.145,186465000,1041231000,1.0,182625154,182817000,186119000,11.226,2981751000,111456000,75500000,0,16.374,313256000
RHT,MRY,2017-12-31,2017-02-28,2017-02-28,2018-04-26,-88352000,4535185000,4208328750,2315702000,2219483000,0.573,7.014,-80897000,1090808000,1090808000,354378000,253703000,1.225,2.636,745633000,0,745633000,745633000,2069956000,85309000,0,0.0,0.0,344002000,429311000,0.178,429311000,344002000,320180000,1.41,1.39,1.41,1247320000,1296713250,1247320000,14587503700,42,33.979,702820000,3.912,1.0,2057425000,0.853,1178476000,23822000,1120461000,1160104250,0,1042423000,369983000,672440000,3287865000,1891073000,1396792000,14764028700,163030000,-28667000,-502509000,-1684000,0,-504193000,-110133000,134000,783717000,-6361000,253703000,253703000,253703000,0,0,0.105,1725180000,332245000,376957000,0.0,11.837,58.194,58.73,189629000,0,82.81,6.122,6.168,634821000,1352991000,2411803000,2411803000,480668000,0.06,0.196,0.297,0.143,192530000,1244512000,1.0,178287993,179642000,182961000,13.426,3356709000,104833000,66477000,0,18.876,424629000
RHT,MRY,2018-12-31,2018-02-28,2018-02-28,2018-04-26,-32596000,5466546000,4844462500,3134992000,2331554000,0.603,8.305,-101687000,1724132000,1724132000,431797000,258803000,1.36,2.718,768000000,23806000,744194000,768000000,2595172000,97138000,0,0.0,0.0,499270000,596408000,0.204,596408000,499270000,474701000,1.46,1.4,1.46,1470230000,1402315250,1470230000,25521628820,51,42.792,821451000,4.637,1.0,2488664000,0.852,1513783000,24569000,691177000,989376000,0,748800000,318358000,430442000,3996316000,2305454000,1690862000,26090433820,633324000,-315081000,-271516000,-1547000,0,-273099000,-76854000,340103000,923138000,60139000,258803000,258803000,258803000,0,0,0.089,2016222000,472442000,427086000,0.0,17.746,100.812,100.959,206105000,0,147.4,8.934,8.941,806744000,1611794000,2920461000,2920461000,578330000,0.053,0.185,0.505,0.171,192249000,1437892000,1.0,177004300,177150000,184602000,16.486,3952763000,93300000,215898000,0,22.327,829538000
