ticker,dimension,calendardate,datekey,reportperiod,lastupdated,accoci,assets,assetsavg,assetsc,assetsnc,assetturnover,bvps,capex,cashneq,cashnequsd,cor,consolinc,currentratio,de,debt,debtc,debtnc,debtusd,deferredrev,depamor,deposits,divyield,dps,ebit,ebitda,ebitdamargin,ebitdausd,ebitusd,ebt,eps,epsdil,epsusd,equity,equityavg,equityusd,ev,evebit,evebitda,fcf,fcfps,fxusd,gp,grossmargin,intangibles,intexp,invcap,invcapavg,inventory,investments,investmentsc,investmentsnc,liabilities,liabilitiesc,liabilitiesnc,marketcap,ncf,ncfbus,ncfcommon,ncfdebt,ncfdiv,ncff,ncfi,ncfinv,ncfo,ncfx,netinc,netinccmn,netinccmnusd,netincdis,netincnci,netmargin,opex,opinc,payables,payoutratio,pb,pe,pe1,ppnenet,prefdivis,price,ps,ps1,receivables,retearn,revenue,revenueusd,rnd,roa,roe,roic,ros,sbcomp,sgna,sharefactor,sharesbas,shareswa,shareswadil,sps,tangibles,taxassets,taxexp,taxliabilities,tbvps,workingcapital
RICK,MRY,2011-12-31,2011-09-30,2011-09-30,2018-05-11,10000,153377000,151287500,19659000,133718000,0.552,7.835,-11533000,9698000,9698000,10427000,8057000,1.111,0.931,35554000,5494000,30060000,35554000,0,3904000,0,0.0,0.0,17538000,21442000,0.257,21442000,17538000,13249000,0.79,0.79,0.79,76913000,74522750,76913000,90237454,5,4.208,7348000,0.74,1.0,73064000,0.875,66733000,4289000,94809000,91534000,1174000,515000,515000,0,71569000,17691000,53878000,65656454,-8901000,-4281000,-3078000,-6105000,0,-11442000,-16340000,-505000,18881000,0,7846000,7846000,7846000,2195000,211000,0.094,54270000,18794000,1215000,0.0,0.854,8.368,8.418,65892000,0,6.65,0.786,0.791,1940000,15361000,83491000,83491000,0,0.052,0.105,0.192,0.21,8000,43734000,1.0,9873151,9930000,9932000,8.408,86644000,5195000,5403000,6830000,8.827,1968000
RICK,MRY,2012-12-31,2012-09-30,2012-09-30,2018-05-11,59000,192393000,172276250,14708000,177685000,0.553,8.751,-5653000,5520000,5520000,12644000,7790000,0.644,1.24,63528000,6603000,56925000,63528000,0,4965000,0,0.0,0.0,16183000,21148000,0.222,21148000,16183000,11870000,0.78,0.78,0.78,84306000,81984500,84306000,113948193,7,5.388,12769000,1.318,1.0,82576000,0.867,95206000,4313000,132342000,113971500,1260000,1059000,1059000,0,104574000,22853000,81721000,80115193,-4181000,-4882000,-2092000,-8406000,0,-11568000,-11035000,-500000,18422000,0,7578000,7578000,7578000,0,212000,0.08,66317000,16259000,1865000,0.0,0.95,10.572,10.615,79940000,0,8.28,0.841,0.843,2039000,22939000,95220000,95220000,0,0.044,0.092,0.142,0.17,315000,50496000,1.0,9675748,9691000,9697000,9.826,97187000,3635000,4292000,9849000,10.088,-8145000
RICK,MRY,2013-12-31,2013-09-30,2013-09-30,2018-05-11,50000,223100000,215824250,20660000,202440000,0.52,9.869,-9535000,10638000,10638000,14152000,9402000,0.715,1.343,78592000,8830000,69762000,78592000,0,5337000,0,0.0,0.0,21682000,27019000,0.241,27019000,21682000,14605000,0.97,0.96,0.97,93781000,90586000,93781000,179550334,8,6.645,8825000,0.927,1.0,98056000,0.874,100018000,7077000,162123000,155615500,1472000,555000,555000,0,125985000,28913000,97072000,112051334,5115000,-1790000,-1623000,157000,0,-1820000,-11425000,-100000,18360000,0,9191000,9191000,9191000,0,211000,0.082,76173000,21883000,1816000,0.0,1.195,12.191,12.155,98629000,0,11.79,0.999,1.0,1709000,32130000,112208000,112208000,0,0.043,0.101,0.139,0.193,847000,59541000,1.0,9503930,9518000,9615000,11.789,123082000,4618000,5414000,13035000,12.952,-8253000
RICK,MRY,2014-12-31,2014-09-30,2014-09-30,2018-05-11,91000,239142000,241230000,23351000,215791000,0.503,10.835,-20921000,9964000,9964000,16426000,10997000,0.596,1.141,70352000,12315000,58037000,70352000,0,6316000,0,0.0,0.0,24908000,31224000,0.257,31224000,24908000,17156000,1.15,1.13,1.15,110289000,103786750,110289000,183010322,7,5.861,-486000,-0.05,1.0,105006000,0.865,98017000,7752000,162319000,174631500,1879000,596000,596000,0,125843000,39194000,86649000,111729322,-674000,-500000,1976000,-1448000,0,312000,-21421000,0,20435000,0,11240000,11240000,11240000,0,-243000,0.093,86131000,18875000,2198000,0.0,1.013,9.94,9.583,113962000,0,11.02,0.92,0.891,1745000,43370000,121432000,121432000,0,0.047,0.108,0.143,0.205,282000,73546000,1.0,10138777,9816000,10637000,12.371,141125000,5378000,5916000,15486000,13.864,-15843000
RICK,MRY,2015-12-31,2015-09-30,2015-09-30,2018-05-11,109000,266799000,260616500,16935000,249864000,0.52,11.514,-19259000,8020000,8020000,20317000,8891000,0.749,1.128,94349000,9469000,84880000,94349000,0,7045000,0,0.0,0.0,21294000,28339000,0.209,28339000,21294000,14325000,0.89,0.89,0.89,122623000,119388750,122623000,176512305,8,6.229,-2895000,-0.279,1.0,115132000,0.85,113638000,6969000,216867000,183862000,2368000,614000,614000,0,138313000,22623000,115690000,106881305,-1944000,-2328000,-2209000,5704000,0,3279000,-21587000,0,16364000,0,9214000,9214000,9214000,0,-323000,0.068,94405000,20727000,2164000,0.0,0.872,11.6,11.708,134150000,0,10.42,0.789,0.797,2154000,52682000,135449000,135449000,0,0.035,0.077,0.116,0.157,480000,81330000,1.0,10257323,10359000,10406000,13.075,153161000,0,5111000,0,14.381,-5688000
RICK,MRY,2016-12-31,2016-09-30,2016-09-30,2018-05-11,0,276061000,274567750,29387000,246674000,0.491,13.271,-28148000,11327000,11327000,20546000,10469000,1.087,1.158,105886000,9950000,95936000,105886000,0,7328000,0,0.008,0.09,21573000,28901000,0.214,28901000,21573000,13591000,1.13,1.11,1.13,126755000,126011750,126755000,203863980,9,7.054,-5117000,-0.515,1.0,114314000,0.848,98613000,7982000,244970000,231940500,2019000,4800000,0,4800000,146722000,27037000,119685000,113376980,3307000,0,-6811000,12890000,-862000,4376000,-24100000,621000,23031000,0,11218000,11218000,11218000,0,-749000,0.083,93621000,20693000,1701000,0.08,0.894,10.107,10.204,141073000,0,11.53,0.841,0.85,4365000,62106000,134860000,134860000,0,0.041,0.089,0.093,0.16,360000,80532000,1.0,9833216,9941000,10229000,13.566,177448000,0,2373000,23266000,18.579,2350000
RICK,MRY,2017-12-31,2017-09-30,2017-09-30,2018-05-11,0,299884000,289014750,26242000,273642000,0.501,13.658,-11249000,9922000,9922000,20721000,8282000,0.843,1.24,124352000,17440000,106912000,124352000,0,6920000,0,0.005,0.12,23382000,30302000,0.209,30302000,23382000,14618000,0.85,0.85,0.85,132745000,132605500,132745000,354989097,15,11.715,9845000,1.012,1.0,124175000,0.857,118290000,8764000,264913000,255524000,2149000,4993000,0,4993000,164659000,31111000,133548000,240538097,-1405000,-9527000,-1099000,-756000,-1170000,-3975000,-18524000,107000,21094000,0,8259000,8259000,8259000,0,23000,0.057,101036000,23139000,2147000,0.141,1.812,29.124,29.118,148410000,0,24.75,1.66,1.662,3187000,69195000,144896000,144896000,0,0.029,0.062,0.092,0.161,0,86804000,1.0,9718711,9731000,9743000,14.89,181594000,0,6359000,25541000,18.684,-4869000
