ticker,dimension,calendardate,datekey,reportperiod,lastupdated,accoci,assets,assetsavg,assetsc,assetsnc,assetturnover,bvps,capex,cashneq,cashnequsd,cor,consolinc,currentratio,de,debt,debtc,debtnc,debtusd,deferredrev,depamor,deposits,divyield,dps,ebit,ebitda,ebitdamargin,ebitdausd,ebitusd,ebt,eps,epsdil,epsusd,equity,equityavg,equityusd,ev,evebit,evebitda,fcf,fcfps,fxusd,gp,grossmargin,intangibles,intexp,invcap,invcapavg,inventory,investments,investmentsc,investmentsnc,liabilities,liabilitiesc,liabilitiesnc,marketcap,ncf,ncfbus,ncfcommon,ncfdebt,ncfdiv,ncff,ncfi,ncfinv,ncfo,ncfx,netinc,netinccmn,netinccmnusd,netincdis,netincnci,netmargin,opex,opinc,payables,payoutratio,pb,pe,pe1,ppnenet,prefdivis,price,ps,ps1,receivables,retearn,revenue,revenueusd,rnd,roa,roe,roic,ros,sbcomp,sgna,sharefactor,sharesbas,shareswa,shareswadil,sps,tangibles,taxassets,taxexp,taxliabilities,tbvps,workingcapital
RL,MRY,2011-12-31,2011-04-02,2011-04-02,2018-02-09,215800000,4981100000,4840925000,2478000000,2503100000,1.169,34.424,-255000000,453000000,453000000,2342000000,567600000,2.978,0.507,291900000,0,291900000,291900000,0,194100000,0,0.004,0.5,843700000,1037800000,0.183,1037800000,843700000,825400000,5.91,5.75,5.91,3304700000,3214000000,3304700000,11811823593,14,11.382,433700000,4.518,1.0,3318300000,0.586,1404000000,18300000,2584000000,2459050000,702100000,677500000,593900000,83600000,1676400000,832000000,844400000,12180123593,-110100000,-70900000,-506300000,-7900000,-38500000,-512600000,-299400000,-2000000,688700000,13200000,567600000,567600000,567600000,0,0,0.1,2473200000,845100000,141300000,0.085,3.686,21.459,21.426,788800000,0,126.63,2.152,2.148,442800000,3435300000,5660300000,5660300000,0,0.117,0.177,0.343,0.149,27800000,2442700000,1.0,96186714,96000000,98700000,58.961,3577100000,226600000,257800000,165300000,37.261,1646000000
RL,MRY,2012-12-31,2012-03-31,2012-03-31,2018-02-09,196600000,5416400000,5257875000,2899900000,2516500000,1.305,39.529,-272000000,671600000,671600000,2862000000,681000000,3.065,0.483,274400000,0,274400000,274400000,0,225000000,0,0.005,0.8,1039000000,1264000000,0.184,1264000000,1039000000,1015000000,7.35,7.13,7.35,3652500000,3441950000,3652500000,15547600254,14,12.3,613000000,6.613,1.0,3998000000,0.583,1363000000,24000000,2710000000,2603200000,841600000,615600000,515700000,99900000,1763900000,946200000,817700000,16097800254,219000000,-12000000,-358000000,-8000000,-74000000,-408000000,-249000000,34000000,885000000,-9000000,681000000,681000000,681000000,0,0,0.099,2959000000,1039000000,180600000,0.109,4.407,23.638,23.718,884100000,0,174.33,2.347,2.356,547200000,4042400000,6860000000,6860000000,0,0.13,0.198,0.399,0.151,38000000,2916000000,1.0,92340964,92700000,95500000,74.002,4053400000,182600000,334000000,239900000,43.868,1953700000
RL,MRY,2013-12-31,2013-03-30,2013-03-30,2018-02-09,94000000,5418000000,5406200000,2963000000,2455000000,1.285,41.869,-276000000,974000000,974000000,2789000000,750000000,2.643,0.431,267000000,267000000,0,267000000,0,233000000,0,0.009,1.6,1111000000,1344000000,0.194,1344000000,1111000000,1089000000,8.21,8.0,8.21,3785000000,3690725000,3785000000,14634169303,13,10.889,743000000,8.138,1.0,4156000000,0.598,1296000000,22000000,2294000000,2538375000,896000000,406000000,325000000,81000000,1633000000,1121000000,512000000,15359169303,302000000,-22000000,-498000000,-9000000,-128000000,-595000000,-113000000,182000000,1019000000,-9000000,750000000,750000000,750000000,0,0,0.108,3029000000,1127000000,147000000,0.195,4.058,20.479,20.622,932000000,0,169.31,2.212,2.226,458000000,4647000000,6945000000,6945000000,0,0.139,0.203,0.438,0.16,47000000,2971000000,1.0,90716256,91300000,93700000,76.068,4122000000,171000000,339000000,193000000,45.597,1842000000
RL,MRY,2014-12-31,2014-03-29,2014-03-29,2018-02-09,114000000,6088000000,5968500000,3329000000,2759000000,1.248,44.039,-390000000,797000000,797000000,3140000000,776000000,3.432,0.509,298000000,0,298000000,298000000,0,258000000,0,0.013,2.1,1116000000,1374000000,0.184,1374000000,1116000000,1096000000,8.55,8.43,8.55,4034000000,3955000000,4034000000,13594156841,12,9.894,517000000,5.7,1.0,4310000000,0.579,1263000000,20000000,3356000000,3104500000,1020000000,488000000,488000000,0,2054000000,970000000,1084000000,14176156841,-177000000,-40000000,-506000000,22000000,-149000000,-599000000,-488000000,-56000000,907000000,3000000,776000000,776000000,776000000,0,0,0.104,3196000000,1114000000,203000000,0.246,3.514,18.268,18.508,1322000000,0,158.24,1.903,1.926,588000000,5257000000,7450000000,7450000000,0,0.13,0.196,0.359,0.15,59000000,3142000000,1.0,89586431,90700000,92000000,82.139,4825000000,251000000,320000000,209000000,52.675,2359000000
RL,MRY,2015-12-31,2015-03-28,2015-03-28,2018-02-09,-165000000,6106000000,6244500000,3324000000,2782000000,1.22,44.57,-391200000,500000000,500000000,3242400000,702200000,2.803,0.569,532000000,234000000,298000000,532000000,0,294400000,0,0.014,1.85,1004100000,1298500000,0.17,1298500000,1004100000,987400000,7.96,7.88,7.96,3891000000,3991750000,3891000000,11107379821,11,8.554,502100000,5.693,1.0,4377900000,0.575,1170000000,16700000,3782000000,3662250000,1042000000,644000000,644000000,0,2215000000,1186000000,1029000000,11457379821,-297700000,-11700000,-479100000,210000000,-158200000,-420600000,-688700000,-284900000,893300000,-81700000,702200000,702200000,702200000,0,0,0.092,3342500000,1035400000,210000000,0.232,2.945,16.316,16.485,1436000000,0,131.22,1.504,1.519,655000000,5787000000,7620300000,7620300000,0,0.112,0.176,0.274,0.132,72800000,3300300000,1.0,87314280,88200000,89100000,86.398,4936000000,247000000,285200000,143000000,56.541,2138000000
RL,MRY,2016-12-31,2016-04-02,2016-04-02,2018-02-09,-181500000,6213100000,6266275000,3052700000,3160400000,1.182,44.725,-417700000,456300000,456300000,3218500000,396400000,2.548,0.66,713100000,116100000,597000000,713100000,0,309400000,0,0.021,2.0,572800000,882200000,0.119,882200000,572800000,551800000,4.65,4.62,4.65,3743500000,3791375000,3743500000,8255273028,14,9.358,588800000,6.911,1.0,4186700000,0.565,1161800000,21000000,4109800000,4040700000,1124600000,629400000,629400000,0,2469600000,1198300000,1271300000,8171273028,-43400000,-16300000,-467200000,156400000,-170300000,-472800000,-582300000,-142300000,1006500000,5200000,396400000,396400000,396400000,0,0,0.054,3604800000,581900000,151000000,0.43,2.183,20.614,20.916,1583200000,0,97.26,1.103,1.119,516500000,6015000000,7405200000,7405200000,0,0.063,0.105,0.142,0.077,86800000,3389700000,1.0,84014734,85200000,85900000,86.915,5051300000,176500000,155400000,113600000,60.35,1854400000
RL,MRY,2017-12-31,2017-04-01,2017-04-01,2018-02-09,-198400000,5652000000,5950750000,2954500000,2697500000,1.118,40.19,-284000000,668300000,668300000,3001700000,-99300000,2.547,0.713,588200000,0,588200000,588200000,0,307500000,0,0.025,2.0,-92500000,215000000,0.032,215000000,-92500000,-104900000,-1.2,-1.2,-1.2,3299600000,3518400000,3299600000,6371194778,-68,29.633,668300000,8.081,1.0,3651100000,0.549,1124400000,12400000,3287600000,3615650000,791500000,684700000,684700000,0,2352400000,1159900000,1192500000,6710194778,212000000,-6100000,-210200000,-143400000,-164800000,-518100000,-207800000,82000000,952300000,-14400000,-99300000,-99300000,-99300000,0,0,-0.015,3745900000,-94800000,147700000,-1.667,2.034,-67.575,-68.017,1316000000,0,81.62,1.009,1.015,450200000,5751900000,6652800000,6652800000,0,-0.017,-0.028,-0.026,-0.014,63300000,3149400000,1.0,82212629,82700000,82700000,80.445,4527600000,205300000,-5600000,92200000,55.147,1794600000
