ticker,dimension,calendardate,datekey,reportperiod,lastupdated,accoci,assets,assetsavg,assetsc,assetsnc,assetturnover,bvps,capex,cashneq,cashnequsd,cor,consolinc,currentratio,de,debt,debtc,debtnc,debtusd,deferredrev,depamor,deposits,divyield,dps,ebit,ebitda,ebitdamargin,ebitdausd,ebitusd,ebt,eps,epsdil,epsusd,equity,equityavg,equityusd,ev,evebit,evebitda,fcf,fcfps,fxusd,gp,grossmargin,intangibles,intexp,invcap,invcapavg,inventory,investments,investmentsc,investmentsnc,liabilities,liabilitiesc,liabilitiesnc,marketcap,ncf,ncfbus,ncfcommon,ncfdebt,ncfdiv,ncff,ncfi,ncfinv,ncfo,ncfx,netinc,netinccmn,netinccmnusd,netincdis,netincnci,netmargin,opex,opinc,payables,payoutratio,pb,pe,pe1,ppnenet,prefdivis,price,ps,ps1,receivables,retearn,revenue,revenueusd,rnd,roa,roe,roic,ros,sbcomp,sgna,sharefactor,sharesbas,shareswa,shareswadil,sps,tangibles,taxassets,taxexp,taxliabilities,tbvps,workingcapital
RLD,MRY,2011-12-31,2011-03-25,2011-03-25,2017-04-14,0,280147000,245075750,125534000,154613000,1.004,3.418,-87031000,16936000,16936000,178396000,-6825000,1.089,0.942,2310000,2291000,19000,2310000,28282000,15737000,0,0.0,0.0,-2164000,13573000,0.055,13573000,-2164000,-3083000,-0.29,-0.29,-0.29,143324000,89237500,143324000,1180737624,-545,86.992,-51933000,-1.238,1.0,67740000,0.275,12575000,919000,137648000,98591750,54971000,0,0,0,135047000,115298000,19749000,1213293624,3802000,0,86449000,-29848000,0,55735000,-87031000,0,35098000,0,-7355000,-12289000,-12289000,0,530000,-0.05,75556000,-7816000,58713000,0.0,8.465,-98.73,-81.552,140590000,4934000,23.65,4.929,4.029,50676000,-149580000,246136000,246136000,15582000,-0.05,-0.138,-0.022,-0.009,8950000,59974000,1.0,51302056,41933000,41933000,5.87,267572000,1168000,4272000,0,6.381,10236000
RLD,MRY,2012-12-31,2012-03-23,2012-03-23,2017-04-14,0,302175000,306716000,128245000,173930000,0.804,3.612,-57469000,24894000,24894000,117938000,37025000,2.037,0.53,25000000,0,25000000,25000000,21121000,28266000,0,0.0,0.0,42945000,71211000,0.289,71211000,42945000,41974000,0.68,0.65,0.68,197183000,180218750,197183000,708271302,16,9.946,-14468000,-0.266,1.0,128690000,0.522,12403000,971000,226920000,199210000,40577000,0,0,0,104569000,62958000,41611000,712451302,7958000,0,1243000,22689000,0,22426000,-57469000,0,43001000,0,36869000,36869000,36869000,0,156000,0.149,86371000,42319000,22617000,0.0,3.613,19.324,19.235,154815000,0,13.08,2.889,2.883,59212000,-112711000,246628000,246628000,16500000,0.12,0.205,0.216,0.174,15744000,69871000,1.0,54468754,54352000,56852000,4.538,289772000,3049000,5105000,4270000,5.309,65287000
RLD,MRY,2013-12-31,2013-03-31,2013-03-31,2017-04-14,115000,273648000,278485750,96433000,177215000,0.774,3.005,-37900000,31020000,31020000,125360000,-9887000,1.551,0.83,47500000,1042000,46458000,47500000,20308000,33131000,0,0.0,0.0,-3143000,29988000,0.139,29988000,-3143000,-4626000,-0.19,-0.19,-0.19,149963000,173333750,149963000,655060236,-208,21.844,41797000,0.798,1.0,90192000,0.418,18074000,1483000,209883000,202301250,15430000,0,0,0,124459000,62171000,62288000,647727236,6126000,0,-56119000,21333000,0,-35786000,-37900000,0,79697000,115000,-9690000,-9690000,-9690000,0,-197000,-0.045,92550000,-2358000,22737000,0.0,4.319,-66.845,-68.421,151109000,0,13.0,3.005,3.157,45472000,-182846000,215552000,215552000,19454000,-0.035,-0.056,-0.016,-0.015,18474000,73096000,1.0,49825172,52345000,52345000,4.118,255574000,3001000,5064000,3463000,5.121,34262000
RLD,MRY,2014-12-31,2014-03-31,2014-03-31,2017-04-14,262000,247182000,263829500,91677000,155505000,0.755,3.05,-21784000,28800000,28800000,103975000,-11210000,1.501,0.636,36250000,12500000,23750000,36250000,14608000,40300000,0,0.0,0.0,-3034000,37266000,0.187,37266000,-3034000,-5289000,-0.23,-0.23,-0.23,151412000,151025000,151412000,570075493,-187,15.297,13916000,0.281,1.0,95259000,0.478,16811000,2255000,176734000,210548500,9109000,0,0,0,96348000,61087000,35261000,550321493,-2220000,0,-5033000,-11250000,0,-16283000,-21784000,0,35700000,147000,-11406000,-11406000,-11406000,0,196000,-0.057,97418000,-2159000,12470000,0.0,3.635,-48.248,-48.565,129283000,0,11.17,2.762,2.775,48422000,-201763000,199234000,199234000,19685000,-0.043,-0.076,-0.014,-0.015,17741000,77733000,1.0,49267815,49504000,49504000,4.025,230371000,4571000,6117000,6078000,4.641,30590000
RLD,MRY,2015-12-31,2015-03-31,2015-03-31,2017-04-14,1960000,229644000,243442000,100236000,129408000,0.671,2.916,-17367000,60333000,60333000,82685000,-23747000,1.893,0.567,29840000,7460000,22380000,29840000,8940000,39999000,0,0.0,0.0,-14279000,25720000,0.157,25720000,-14279000,-15913000,-0.48,-0.48,-0.48,146846000,159149000,146846000,624080273,-43,24.264,34480000,0.689,1.0,80778000,0.494,15474000,1634000,130714000,161957500,8305000,0,0,0,83301000,52963000,30338000,644125273,31533000,0,3878000,-7305000,0,-4645000,-17367000,0,51847000,1698000,-23822000,-23822000,-23822000,0,75000,-0.146,90563000,-9785000,9652000,0.0,4.386,-27.039,-26.646,102842000,0,12.79,3.94,3.915,26748000,-226803000,163463000,163463000,19474000,-0.098,-0.15,-0.088,-0.087,14898000,71089000,1.0,50361632,50042000,50042000,3.267,214170000,2461000,7909000,4202000,4.253,47273000
