ticker,dimension,calendardate,datekey,reportperiod,lastupdated,accoci,assets,assetsavg,assetsc,assetsnc,assetturnover,bvps,capex,cashneq,cashnequsd,cor,consolinc,currentratio,de,debt,debtc,debtnc,debtusd,deferredrev,depamor,deposits,divyield,dps,ebit,ebitda,ebitdamargin,ebitdausd,ebitusd,ebt,eps,epsdil,epsusd,equity,equityavg,equityusd,ev,evebit,evebitda,fcf,fcfps,fxusd,gp,grossmargin,intangibles,intexp,invcap,invcapavg,inventory,investments,investmentsc,investmentsnc,liabilities,liabilitiesc,liabilitiesnc,marketcap,ncf,ncfbus,ncfcommon,ncfdebt,ncfdiv,ncff,ncfi,ncfinv,ncfo,ncfx,netinc,netinccmn,netinccmnusd,netincdis,netincnci,netmargin,opex,opinc,payables,payoutratio,pb,pe,pe1,ppnenet,prefdivis,price,ps,ps1,receivables,retearn,revenue,revenueusd,rnd,roa,roe,roic,ros,sbcomp,sgna,sharefactor,sharesbas,shareswa,shareswadil,sps,tangibles,taxassets,taxexp,taxliabilities,tbvps,workingcapital
RLGT,MRY,2011-12-31,2011-06-30,2011-06-30,2018-05-09,0,56620552,36489418,45077361,11543191,5.586,0.198,-380137,434185,434185,141315637,3010833,1.206,8.334,12669268,800000,11869268,12669268,0,1325289,0,0.0,0.0,5105865,6431154,0.032,6431154,5105865,4877116,0.09,0.09,0.09,6055975,3039925,6055975,77785724,15,12.095,2551617,0.084,1.0,62504538,0.307,9529854,228749,21962337,14661903,0,0,0,0,50470820,37363444,13107376,73235421,-247923,-5005022,-290765,2628247,0,2205482,-5385159,0,2931754,0,2851624,2851624,2851624,0,159209,0.014,57329682,5174856,34100824,0.0,12.093,25.682,26.667,1428063,0,2.4,0.359,0.358,41921285,-3615322,203820175,203820175,0,0.078,0.938,0.348,0.025,115346,5335354,1.0,30514759,30424020,32021404,6.699,47090698,1142077,2025492,333999,1.539,7713917
RLGT,MRY,2012-12-31,2012-06-30,2012-06-30,2018-05-09,0,84503398,74155600,55476365,29027033,4.005,0.343,-701062,66888,66888,212294364,2079188,1.112,6.467,17024787,767092,16257695,17024787,0,3142849,0,0.0,0.0,4645653,7788502,0.026,7788502,4645653,3376214,0.06,0.05,0.06,11304540,9178440,11304540,78923720,16,10.133,2861479,0.089,1.0,84708732,0.285,26674029,1269439,24914064,26768010,0,0,0,0,73101307,49873204,23228103,57510680,-367297,-10827107,5678,7878918,0,7598331,-11528169,0,3562541,0,1901394,1901394,1901394,0,177794,0.006,81128203,3580529,47000124,0.0,5.087,30.247,29.167,1735157,0,1.75,0.194,0.19,52302555,-1713928,297003096,297003096,0,0.026,0.207,0.174,0.016,225991,11348154,1.0,32863246,32260375,35113021,9.206,57829369,717490,1474820,0,1.757,5603161
RLGT,MRY,2013-12-31,2013-06-30,2013-06-30,2018-05-09,0,83752816,82759272,56870245,26882571,3.756,0.474,-323430,1024192,1024192,222402301,3765430,1.243,4.291,17980515,767091,17213424,17980515,0,3943795,0,0.0,0.0,8044560,11988355,0.039,11988355,8044560,6028616,0.11,0.1,0.11,15817238,13240394,15817238,81167014,10,6.77,2575206,0.078,1.0,88432803,0.285,25183707,2015944,29755598,29908363,0,0,0,0,67868055,45769834,22098221,65028923,957304,-2208617,4800,674938,0,590715,-2532047,0,2898636,0,3657458,3657458,3657458,0,107972,0.012,83835738,4597065,41854109,0.0,4.111,17.78,17.727,1289818,0,1.95,0.209,0.208,52532018,1943530,310835104,310835104,0,0.044,0.276,0.269,0.026,369351,8440603,1.0,33348166,33120767,34910911,9.385,58569109,908564,2371158,361571,1.757,11100411
RLGT,MRY,2014-12-31,2014-06-30,2014-06-30,2018-05-09,0,117224451,105764456,72031190,45193261,3.301,1.195,-237733,2880205,2880205,249897847,5181955,1.289,1.866,7243371,0,7243371,7243371,0,4532135,0,0.0,0.0,9394481,13926616,0.04,13926616,9394481,8200178,0.12,0.11,0.12,40883669,33637976,40883669,107473775,11,7.717,6695961,0.199,1.0,99235211,0.284,43288991,1194303,22404246,22821733,0,0,0,0,76299617,55894380,20405237,105481265,1856013,-8763831,0,-14400703,0,3923883,-9001564,0,6933694,0,5118313,4027038,4027038,0,63642,0.012,90751719,8483492,51079811,0.0,2.58,26.193,25.75,1265107,1091275,3.09,0.302,0.298,65321416,6317473,349133058,349133058,0,0.038,0.12,0.412,0.027,666098,10728131,1.0,34136332,33716367,35458401,10.355,73935460,925208,3081865,436328,2.161,16136810
RLGT,MRY,2015-12-31,2015-06-30,2015-06-30,2018-05-09,-395000,305038000,166670874,142708000,162330000,3.016,2.008,-4092000,7268000,7268000,378942000,5955000,1.264,2.612,84745000,543000,84202000,84745000,0,6359000,0,0.0,0.0,9764000,16123000,0.032,16123000,9764000,7891000,0.11,0.1,0.11,84431000,53552241,84431000,314400887,32,19.5,-2041000,-0.056,1.0,123723000,0.246,146044000,1873000,123585000,48957189,0,0,0,0,220545000,112886000,107659000,307280440,4388000,-44031000,109000,56114000,0,50622000,-47890000,0,2051000,-395000,5875000,3829000,3829000,0,80000,0.008,117094000,6629000,102158000,0.0,3.639,80.251,66.455,13176000,2046000,7.31,0.611,0.53,127460000,10146000,502665000,502665000,0,0.023,0.072,0.199,0.019,1115000,15384000,1.0,42035628,36446778,38021511,13.792,158994000,0,2016000,0,3.781,29822000
RLGT,MRY,2016-12-31,2016-06-30,2016-06-30,2018-05-09,98000,263469000,287017671,113373000,150096000,2.727,2.44,-3697000,4768000,4768000,595918000,-3453000,1.175,1.211,31319000,2416000,28903000,31319000,0,12033000,0,0.0,0.0,-486000,11547000,0.015,11547000,-486000,-5405000,-0.11,-0.11,-0.11,119101000,121232092,119101000,174215083,-358,15.087,17709000,0.366,1.0,186661000,0.239,134829000,4919000,58680000,76882900,0,0,0,0,144288000,96511000,47777000,146327913,-2500000,-1484000,38430000,-54227000,0,-19558000,-4371000,0,21406000,23000,-3519000,-5565000,-5565000,0,66000,-0.007,185995000,666000,83401000,0.0,1.229,-26.294,-27.273,12453000,2046000,3.0,0.187,0.186,101670000,4581000,782579000,782579000,0,-0.019,-0.046,-0.006,-0.001,1407000,25731000,1.0,48775971,48413361,48413361,16.165,128640000,0,-1886000,0,2.636,16862000
RLGT,MRY,2017-12-31,2017-06-30,2017-06-30,2018-05-09,65000,289540000,275281750,129720000,159820000,2.825,2.524,-4935000,5808000,5808000,582977000,4919000,1.18,1.346,40422000,3382000,37040000,40422000,0,12349000,0,0.0,0.0,11057000,23406000,0.03,23406000,11057000,8535000,0.06,0.06,0.06,123412000,122876750,123412000,282744606,25,12.08,9916000,0.203,1.0,194636000,0.25,141508000,2522000,72670000,61931250,0,0,0,0,166075000,109976000,56099000,263008606,1040000,-11565000,-253000,9204000,0,2476000,-16309000,0,14851000,22000,4862000,2816000,2816000,0,57000,0.004,180717000,13919000,96333000,0.0,2.131,93.398,89.667,15227000,2046000,5.38,0.338,0.338,116327000,7397000,777613000,777613000,0,0.01,0.023,0.179,0.014,1304000,23971000,1.0,48886358,48840797,49993595,15.921,148032000,0,3673000,0,3.028,19744000
