ticker,dimension,calendardate,datekey,reportperiod,lastupdated,accoci,assets,assetsavg,assetsc,assetsnc,assetturnover,bvps,capex,cashneq,cashnequsd,cor,consolinc,currentratio,de,debt,debtc,debtnc,debtusd,deferredrev,depamor,deposits,divyield,dps,ebit,ebitda,ebitdamargin,ebitdausd,ebitusd,ebt,eps,epsdil,epsusd,equity,equityavg,equityusd,ev,evebit,evebitda,fcf,fcfps,fxusd,gp,grossmargin,intangibles,intexp,invcap,invcapavg,inventory,investments,investmentsc,investmentsnc,liabilities,liabilitiesc,liabilitiesnc,marketcap,ncf,ncfbus,ncfcommon,ncfdebt,ncfdiv,ncff,ncfi,ncfinv,ncfo,ncfx,netinc,netinccmn,netinccmnusd,netincdis,netincnci,netmargin,opex,opinc,payables,payoutratio,pb,pe,pe1,ppnenet,prefdivis,price,ps,ps1,receivables,retearn,revenue,revenueusd,rnd,roa,roe,roic,ros,sbcomp,sgna,sharefactor,sharesbas,shareswa,shareswadil,sps,tangibles,taxassets,taxexp,taxliabilities,tbvps,workingcapital
ROL,MRY,2011-12-31,2011-12-31,2011-12-31,2018-04-28,-48090000,645650000,632352500,175822000,469828000,1.906,1.477,-18652000,46275000,46275000,616842000,100711000,0.778,0.993,0,0,0,0,85636000,37503000,0,0.013,0.187,161604000,199107000,0.165,199107000,161604000,161096000,0.46,0.46,0.46,323997000,316224500,323997000,3220381040,19,16.174,135995000,0.617,1.0,588222000,0.488,348545000,508000,24979000,17065500,11125000,0,0,0,321653000,225851000,95802000,3250600040,25362000,-11261000,-30146000,-30538000,-41110000,-99427000,-29154000,0,154647000,-704000,100711000,100711000,100711000,0,0,0.084,426618000,161604000,22584000,0.407,10.033,32.277,32.203,76858000,0,14.813,2.697,2.708,84644000,189282000,1205064000,1205064000,0,0.159,0.318,9.47,0.134,5188000,388710000,1.0,219437446,220323000,220419000,5.47,297105000,53876000,60385000,0,1.354,-50029000
ROL,MRY,2012-12-31,2012-12-31,2012-12-31,2018-04-28,-56967000,692506000,685528750,205992000,486514000,1.854,1.621,-19040000,65082000,65082000,647578000,111332000,0.902,0.951,0,0,0,0,87753000,38074000,0,0.016,0.24,176656000,214730000,0.169,214730000,176656000,176642000,0.507,0.507,0.507,354956000,351044500,354956000,3124961632,17,14.553,122879000,0.56,1.0,623331000,0.49,354266000,14000,44742000,31273500,11847000,0,0,0,337550000,228416000,109134000,3218674632,18807000,-24708000,-19938000,0,-64282000,-80989000,-42693000,0,141919000,570000,111332000,111332000,111332000,0,0,0.088,446675000,176656000,24854000,0.473,9.068,28.911,28.981,82263000,0,14.693,2.533,2.537,92424000,220752000,1270909000,1270909000,0,0.162,0.317,5.649,0.139,6263000,407488000,1.0,219056803,219448500,219459000,5.791,338240000,60179000,65310000,0,1.544,-22424000
ROL,MRY,2013-12-31,2013-12-31,2013-12-31,2018-04-28,-31771000,739217000,736147000,274442000,464775000,1.817,2.003,-18632000,118216000,118216000,678459000,123330000,1.164,0.687,0,0,0,0,91014000,39304000,0,0.012,0.24,191606000,230910000,0.173,230910000,191606000,191606000,0.56,0.56,0.56,438255000,398830000,438255000,4301940788,22,18.63,144033000,0.657,1.0,658915000,0.493,340416000,0,44793000,47760750,12251000,0,0,0,300962000,235792000,65170000,4418674788,53134000,-12530000,-13717000,0,-65658000,-75653000,-30790000,0,162665000,-3088000,123330000,123330000,123330000,0,0,0.092,467694000,191221000,23194000,0.429,10.082,35.828,36.06,87215000,0,20.193,3.304,3.309,96677000,270397000,1337374000,1337374000,0,0.168,0.309,4.012,0.143,6705000,428288000,1.0,218818494,219121000,219121000,6.103,398801000,44062000,68276000,0,1.823,38650000
ROL,MRY,2014-12-31,2014-12-31,2014-12-31,2018-04-28,-65488000,808162000,801261500,283958000,524204000,1.762,2.12,-28739000,108372000,108372000,707739000,137664000,1.124,0.747,0,0,0,0,94056000,42277000,0,0.013,0.29,219484000,261761000,0.185,261761000,219484000,219484000,0.63,0.63,0.63,462676000,469749250,462676000,4702693772,21,17.966,165407000,0.756,1.0,703827000,0.499,389035000,0,58076000,47615750,14078000,0,0,0,345486000,252679000,92807000,4816909772,-9844000,-62770000,-35513000,0,-75750000,-106519000,-89471000,0,194146000,-8000000,137664000,137664000,137664000,0,0,0.098,484597000,219230000,22878000,0.46,10.411,34.99,35.026,101669000,0,22.067,3.412,3.419,101875000,247042000,1411566000,1411566000,0,0.172,0.293,4.609,0.155,5835000,441706000,1.0,218288962,218695000,218695000,6.454,419127000,50645000,81820000,0,1.92,31279000
ROL,MRY,2015-12-31,2015-12-31,2015-12-31,2018-04-28,-71178000,848651000,840253250,269434000,579217000,1.768,2.397,-39495000,134574000,134574000,735976000,152149000,1.065,0.619,0,0,0,0,96192000,42139000,0,0.016,0.42,243178000,285317000,0.192,285317000,243178000,243178000,0.7,0.7,0.7,524029000,501920500,524029000,5527179624,22,19.372,156861000,0.718,1.0,749329000,0.504,388870000,0,72221000,68557500,12801000,0,0,0,324622000,252986000,71636000,5661489624,26202000,-32695000,-7407000,0,-91755000,-97216000,-69942000,0,196356000,-2996000,152149000,152149000,152149000,0,0,0.102,506311000,243018000,24919000,0.6,10.804,37.21,37.0,121356000,0,25.9,3.812,3.812,107330000,306892000,1485305000,1485305000,0,0.181,0.303,3.547,0.164,10164000,463742000,1.0,218590333,218583000,218583000,6.795,459781000,40665000,91029000,0,2.103,16448000
ROL,MRY,2016-12-31,2016-12-31,2016-12-31,2018-04-28,-70075000,916538000,904167250,290171000,626367000,1.74,2.61,-33081000,142785000,142785000,772348000,167369000,1.048,0.612,0,0,0,0,99820000,49894000,0,0.015,0.5,260636000,310530000,0.197,310530000,260636000,260636000,0.77,0.77,0.77,568545000,560663250,568545000,7219051222,27,23.248,193444000,0.886,1.0,801129000,0.509,417441000,0,79321000,81467000,13724000,0,0,0,347993000,276991000,71002000,7358314222,8211000,-45609000,-31068000,0,-109002000,-136371000,-76842000,0,226525000,-5101000,167369000,167369000,167369000,0,0,0.106,540653000,260476000,30284000,0.649,12.942,43.965,43.87,133477000,0,33.78,4.676,4.685,121206000,343376000,1573477000,1573477000,0,0.185,0.299,3.199,0.166,8716000,490528000,1.0,217830498,218244000,218244000,7.21,499097000,41877000,93267000,0,2.291,13180000
ROL,MRY,2017-12-31,2017-12-31,2017-12-31,2018-04-28,-45956000,1033663000,996395250,262795000,770868000,1.68,3.0,-24680000,107050000,107050000,819943000,179124000,0.892,0.581,0,0,0,0,109029000,55533000,0,0.012,0.56,294502000,350035000,0.209,350035000,294502000,294502000,0.82,0.82,0.82,653924000,626344000,653924000,10028987915,34,28.651,210690000,0.967,1.0,854014000,0.51,560931000,0,71113000,74180500,14983000,0,0,0,379739000,294569000,85170000,10142383915,-35735000,-129670000,-8246000,0,-122017000,-130263000,-154175000,0,235370000,13333000,179124000,179124000,179124000,0,0,0.107,559771000,294243000,26161000,0.683,15.51,56.622,56.744,134088000,0,46.53,6.059,6.059,135479000,400483000,1673957000,1673957000,0,0.18,0.286,3.97,0.176,12399000,503433000,1.0,217975154,217988000,217988000,7.679,472732000,18420000,115378000,0,2.169,-31774000
