ticker,dimension,calendardate,datekey,reportperiod,lastupdated,accoci,assets,assetsavg,assetsc,assetsnc,assetturnover,bvps,capex,cashneq,cashnequsd,cor,consolinc,currentratio,de,debt,debtc,debtnc,debtusd,deferredrev,depamor,deposits,divyield,dps,ebit,ebitda,ebitdamargin,ebitdausd,ebitusd,ebt,eps,epsdil,epsusd,equity,equityavg,equityusd,ev,evebit,evebitda,fcf,fcfps,fxusd,gp,grossmargin,intangibles,intexp,invcap,invcapavg,inventory,investments,investmentsc,investmentsnc,liabilities,liabilitiesc,liabilitiesnc,marketcap,ncf,ncfbus,ncfcommon,ncfdebt,ncfdiv,ncff,ncfi,ncfinv,ncfo,ncfx,netinc,netinccmn,netinccmnusd,netincdis,netincnci,netmargin,opex,opinc,payables,payoutratio,pb,pe,pe1,ppnenet,prefdivis,price,ps,ps1,receivables,retearn,revenue,revenueusd,rnd,roa,roe,roic,ros,sbcomp,sgna,sharefactor,sharesbas,shareswa,shareswadil,sps,tangibles,taxassets,taxexp,taxliabilities,tbvps,workingcapital
ROX,MRY,2011-12-31,2011-03-31,2011-03-31,2018-02-09,-1633502,31105646,31696896,17778192,13327454,1.009,0.154,-202341,1515379,1515379,20850820,-5994543,2.805,0.862,6336659,426175,5910484,6336659,0,919751,0,0.0,0.0,-6050050,-5130299,-0.16,-5130299,-6050050,-6455434,-0.06,-0.06,-0.06,16493393,18525946,16493393,40611962,-6,-7.916,-4411647,-0.041,1.0,11146456,0.348,12125345,405384,17462545,17324031,9869080,155573,0,155573,14212280,6339036,7873244,35376707,-233769,-281966,-1015600,5287729,0,4272129,-305844,0,-4209306,9252,-6307282,-6307282,-6307282,0,312739,-0.197,16573934,-5427478,5179310,0.0,2.145,-5.609,-5.5,509554,0,0.33,1.106,1.108,5852855,-118413246,31997276,31997276,0,-0.199,-0.34,-0.349,-0.189,169741,15653883,1.0,107202145,107426871,107426871,0.298,18980301,0,-148152,0,0.177,11439156
ROX,MRY,2012-12-31,2012-03-31,2012-03-31,2018-02-09,-1801656,31354777,31620600,18392463,12962314,1.123,0.157,-306799,952637,952637,22969297,-4960125,2.706,0.814,4061411,0,4061411,4061411,0,914361,0,0.0,0.0,-4790696,-3876335,-0.109,-3876335,-4790696,-5380477,-0.06,-0.06,-0.06,16910449,16793332,16910449,32023012,-6,-8.261,-4712375,-0.044,1.0,12525318,0.353,11545346,589781,16120177,15833907,10732698,130850,0,130850,13772155,6798028,6974127,29174058,-563010,-117048,0,2527183,0,4336036,-487345,0,-4405576,-6125,-5232325,-5947155,-5947155,0,272200,-0.168,16402405,-3877087,6355410,0.0,1.725,-4.906,-4.5,620840,714830,0.27,0.822,0.819,6391072,-124076608,35494615,35494615,0,-0.188,-0.354,-0.303,-0.135,190463,15488044,1.0,108052067,107635565,107635565,0.33,19809431,0,-148152,0,0.183,11594435
ROX,MRY,2013-12-31,2013-03-31,2013-03-31,2018-02-09,-1918094,33117095,32446266,22483703,10633392,1.277,0.107,-93869,890669,890669,27123068,-4838265,2.634,1.738,9298308,89407,9208901,9298308,0,920305,0,0.0,0.0,-4979798,-4059493,-0.098,-4059493,-4979798,-5567106,-0.06,-0.06,-0.06,11627568,14704394,11627568,39389159,-7,-9.703,-5080299,-0.047,1.0,14319926,0.346,9296199,587308,23692404,19662038,13731962,116700,0,116700,20206862,8536131,11670731,33626930,-45039,-145800,0,5237356,0,5237356,-293963,0,-4986430,-2002,-5448757,-6193225,-6193225,0,610492,-0.149,18721986,-4402060,7653481,0.0,2.892,-5.43,-5.162,516641,744468,0.31,0.811,0.811,7328584,-130270623,41442994,41442994,0,-0.191,-0.421,-0.253,-0.12,282314,16085953,1.0,108579046,108508652,108508652,0.382,23820896,0,-118349,0,0.219,13947572
ROX,MRY,2014-12-31,2014-03-31,2014-03-31,2018-02-09,-1724916,36521510,34635812,26581241,9940269,1.39,0.132,-234693,1325066,1325066,30536667,-7971712,3.538,0.936,7574822,20205,7554617,7574822,0,860254,0,0.0,0.0,-8434942,-7574688,-0.157,-7574688,-8434942,-9497161,-0.08,-0.08,-0.08,17717491,11665312,17717491,158381336,-18,-20.909,-6054366,-0.052,1.0,17603816,0.366,8675114,1062219,26582754,26406824,14650029,0,0,0,16586319,7513398,9072921,147785286,469178,-5940,8221610,-1728081,0,6493529,-207476,0,-5819673,2798,-8906747,-9291346,-9291346,0,935035,-0.193,18923649,-1319833,6420005,0.0,8.341,-15.906,-15.0,568395,384599,1.2,3.07,2.904,8973434,-139561969,48140483,48140483,0,-0.268,-0.796,-0.319,-0.175,393914,18063395,1.0,123154405,116511444,116511444,0.413,27846396,473330,-590414,0,0.208,19067843
ROX,MRY,2015-12-31,2015-03-31,2015-03-31,2018-02-09,-2285925,44001940,41882829,34442390,9559550,1.372,0.118,-333742,1521074,1521074,35884632,-3473913,3.905,1.235,12789165,34141,12755024,12789165,0,907540,0,0.0,0.0,-1391696,-484156,-0.008,-484156,-1391696,-2520743,-0.02,-0.02,-0.02,18551134,18042640,18551134,230977215,-165,-477.072,-9185742,-0.059,1.0,21572789,0.375,8179453,1129047,38271477,35754461,21068241,0,0,0,22907277,8819101,14088176,219710330,283102,0,3955267,5671685,0,9626952,-494780,0,-8852000,2930,-3799742,-3799742,-3799742,0,325829,-0.066,22650694,-1077905,7717500,0.0,11.843,-57.822,-70.0,665373,0,1.4,3.824,3.788,10689740,-143361711,57457421,57457421,0,-0.091,-0.211,-0.039,-0.024,787710,21743154,1.0,156935950,155456341,155456341,0.37,35822487,0,1278999,0,0.228,25623289
ROX,MRY,2016-12-31,2016-03-31,2016-03-31,2018-02-09,-2193794,48610383,46950907,39196371,9414012,1.538,0.118,-466462,1775608,1775608,43666798,-1706706,3.456,1.394,13804274,0,13804274,13804274,0,939513,0,0.0,0.0,23019,962532,0.013,962532,23019,-1065520,-0.02,-0.02,-0.02,18906416,19818103,18906416,159759780,6940,165.979,-3320684,-0.021,1.0,28553570,0.395,7544528,1088539,41752019,37926719,25740192,518667,0,518667,26350776,11342502,15008274,150448399,238929,-500000,3502093,1185407,0,4087500,-990604,0,-2854222,-3745,-2516368,-2516368,-2516368,0,809662,-0.035,27548023,1005547,6990332,0.0,7.958,-59.788,-47.005,876255,0,0.94,2.083,2.075,10413850,-147371209,72220368,72220368,0,-0.054,-0.127,0.001,0.0,1370556,26608510,1.0,160034464,159380223,159380223,0.453,41065855,0,1450848,0,0.256,27853869
ROX,MRY,2017-12-31,2017-03-31,2017-03-31,2018-02-09,-2308672,54342144,52603791,45547483,8794661,1.469,0.012,-364740,942503,942503,45568774,506532,3.168,25.107,34919655,0,34919655,34919655,0,1030093,0,0.0,0.0,670330,1700423,0.022,1700423,670330,-664911,-0.01,-0.01,-0.01,1986577,15589683,1986577,263983855,393,155.246,-2087963,-0.013,1.0,31700357,0.41,6883556,1335241,67058772,51158121,29801080,570097,0,570097,49876055,14376968,35499087,249503758,-819484,-20000000,236834,21044531,0,21281365,-20374520,0,-1723223,-3106,-852613,-852613,-852613,0,1359145,-0.011,29795358,1904999,9708260,0.0,125.595,-292.634,-155.0,909780,0,1.55,3.229,3.226,11460432,-148223822,77269131,77269131,0,-0.016,-0.055,0.013,0.009,1577994,28765265,1.0,160970167,160811957,160811957,0.48,47458588,0,187702,0,0.295,31170515
