ticker,dimension,calendardate,datekey,reportperiod,lastupdated,accoci,assets,assetsavg,assetsc,assetsnc,assetturnover,bvps,capex,cashneq,cashnequsd,cor,consolinc,currentratio,de,debt,debtc,debtnc,debtusd,deferredrev,depamor,deposits,divyield,dps,ebit,ebitda,ebitdamargin,ebitdausd,ebitusd,ebt,eps,epsdil,epsusd,equity,equityavg,equityusd,ev,evebit,evebitda,fcf,fcfps,fxusd,gp,grossmargin,intangibles,intexp,invcap,invcapavg,inventory,investments,investmentsc,investmentsnc,liabilities,liabilitiesc,liabilitiesnc,marketcap,ncf,ncfbus,ncfcommon,ncfdebt,ncfdiv,ncff,ncfi,ncfinv,ncfo,ncfx,netinc,netinccmn,netinccmnusd,netincdis,netincnci,netmargin,opex,opinc,payables,payoutratio,pb,pe,pe1,ppnenet,prefdivis,price,ps,ps1,receivables,retearn,revenue,revenueusd,rnd,roa,roe,roic,ros,sbcomp,sgna,sharefactor,sharesbas,shareswa,shareswadil,sps,tangibles,taxassets,taxexp,taxliabilities,tbvps,workingcapital
RVSB,MRY,2011-12-31,2011-03-31,2011-03-31,2018-02-08,-1417000,859263000,854992250,,,0.044,5.831,3969000,51752000,51752000,0,4315000,,7.03,25928000,,,25928000,0,1927000,716530000,0.0,0.0,6480000,8407000,0.221,8407000,6480000,6480000,0.24,0.24,0.24,106944000,101102750,106944000,57900545,8,6.887,22101000,1.205,1.0,37976000,1.0,26187000,0,807252000,814037250,0,703825000,,,751854000,,,68314545,38165000,0,18769000,-32790000,0,14461000,5572000,1603000,18132000,0,4315000,4315000,4315000,0,0,0.114,31496000,6480000,0,0.0,0.639,15.832,12.667,43690000,0,3.04,1.799,1.468,0,43193000,37976000,37976000,0,0.005,0.043,0.008,0.171,77000,18960000,1.0,22471890,18341191,18341308,2.071,833076000,9447000,2165000,0,45.421,
RVSB,MRY,2012-12-31,2012-03-31,2012-03-31,2018-02-08,-1171000,855998000,869337250,,,0.013,3.386,6490000,46393000,46393000,0,-31657000,,10.314,25994000,,,25994000,0,2013000,744455000,0.0,0.0,-23279000,-21266000,-1.908,-21266000,-23279000,-23279000,-1.42,-1.42,-1.42,75607000,95785250,75607000,40094471,-1,-1.885,18492000,0.829,1.0,11144000,1.0,25987000,0,809612000,818383500,0,722143000,,,779847000,,,50786471,-5359000,0,0,66000,0,27991000,-45352000,-51842000,12002000,0,-31657000,-31657000,-31657000,0,0,-2.841,34423000,-23279000,0,0.0,0.672,-1.604,-1.592,35799000,0,2.26,4.557,4.526,0,11536000,11144000,11144000,0,-0.036,-0.33,-0.028,-2.089,12000,18742000,1.0,22471890,22317933,22317933,0.499,830011000,603000,8378000,0,37.175,
RVSB,MRY,2013-12-31,2013-03-31,2013-03-31,2018-02-08,-1013000,777003000,798962500,,,0.047,3.509,5885000,115415000,115415000,0,2633000,,8.898,26146000,,,26146000,0,1877000,663806000,0.0,0.0,2662000,4539000,0.121,4539000,2662000,2662000,0.12,0.12,0.12,78442000,76173000,78442000,-22095210,-8,-4.868,16887000,0.756,1.0,37420000,1.0,26026000,0,661708000,700778250,0,579761000,,,697958000,,,59325789,69022000,0,0,152000,0,-80497000,138517000,132632000,11002000,0,2633000,2633000,2633000,0,0,0.07,34758000,2662000,0,0.0,0.756,22.532,22.0,33331000,0,2.64,1.585,1.576,0,14169000,37420000,37420000,0,0.003,0.035,0.004,0.071,2000,17963000,1.0,22471890,22342541,22342541,1.675,750977000,522000,29000,0,33.598,
RVSB,MRY,2014-12-31,2014-03-31,2014-03-31,2018-02-08,-647000,824521000,798231500,,,0.045,4.379,6512000,68577000,68577000,0,19423000,,7.411,25509000,,,25509000,0,1898000,690066000,0.0,0.0,4342000,6240000,0.172,6240000,4342000,4342000,0.87,0.87,0.87,97978000,85088500,97978000,-20806417,-4,-3.334,13043000,0.583,1.0,36303000,1.0,25967000,0,755486000,693170000,0,667700000,,,726072000,,,77078582,-46838000,0,0,-637000,0,25011000,-78380000,-84892000,6531000,0,19423000,19423000,19423000,0,0,0.535,31961000,4342000,0,0.0,0.787,3.968,3.943,24120000,0,3.43,2.123,2.113,0,33592000,36303000,36303000,0,0.024,0.228,0.006,0.12,78000,18843000,1.0,22471890,22367174,22369175,1.623,798554000,15433000,-15081000,0,35.688,
RVSB,MRY,2015-12-31,2015-03-31,2015-03-31,2018-02-08,762000,858750000,838341750,,,0.045,4.633,5029000,58659000,58659000,0,4491000,,7.268,24957000,,,24957000,0,3283000,720850000,0.0,0.0,6641000,9924000,0.265,9924000,6641000,6641000,0.2,0.2,0.2,103801000,101347500,103801000,106420505,16,10.724,10591000,0.473,1.0,37385000,1.0,25971000,0,799077000,799891750,0,714230000,,,754413000,,,101123505,-9918000,0,48000,-57000,0,30775000,-46255000,-44784000,5562000,0,4491000,4491000,4491000,0,0,0.12,30744000,6641000,0,0.0,0.974,22.517,22.5,17037000,0,4.5,2.705,2.695,0,37830000,37385000,37385000,0,0.005,0.044,0.008,0.178,26000,20535000,1.0,22471890,22392744,22431839,1.67,832779000,12568000,2150000,0,37.17,
RVSB,MRY,2016-12-31,2016-03-31,2016-03-31,2018-02-08,1083000,921229000,890962000,,,0.045,4.82,387000,55400000,55400000,0,6358000,,7.508,25156000,,,25156000,0,3294000,779803000,0.016,0.079,9784000,13078000,0.329,13078000,9784000,9784000,0.28,0.28,0.28,108273000,106267000,108273000,90982138,9,6.957,11465000,0.511,1.0,39731000,1.0,25952000,0,865033000,840102250,0,784031000,,,812956000,,,94533138,-3259000,0,62000,72000,-1261000,56324000,-70661000,-71048000,11078000,0,6358000,6358000,6358000,0,0,0.16,29947000,9784000,0,0.243,0.873,14.868,15.0,15190000,0,4.2,2.379,2.373,0,42728000,39731000,39731000,0,0.007,0.06,0.012,0.246,0,20430000,1.0,22507890,22450252,22494151,1.77,895277000,9189000,3426000,0,39.858,
RVSB,MRY,2017-12-31,2017-03-31,2017-03-31,2018-02-08,-1687000,1133939000,1009025000,,,0.043,4.949,-336000,64613000,64613000,0,7404000,,9.191,29537000,,,29537000,0,3436000,980058000,0.011,0.08,10791000,14227000,0.325,14227000,10791000,10791000,0.33,0.33,0.33,111264000,110410250,111264000,158118863,14,11.114,17972000,0.8,1.0,43772000,1.0,28809000,0,1070054000,949944750,0,981883000,,,1022675000,,,160952863,9213000,15116000,11000,63000,-1799000,67745000,-76840000,-92856000,18308000,0,7404000,7404000,7404000,0,0,0.169,32981000,10791000,0,0.242,1.447,21.739,21.667,16530000,0,7.15,3.677,3.672,0,48335000,43772000,43772000,0,0.007,0.067,0.011,0.247,0,22538000,1.0,22510890,22478306,22548340,1.947,1105130000,7610000,3387000,0,49.159,
