ticker,dimension,calendardate,datekey,reportperiod,lastupdated,accoci,assets,assetsavg,assetsc,assetsnc,assetturnover,bvps,capex,cashneq,cashnequsd,cor,consolinc,currentratio,de,debt,debtc,debtnc,debtusd,deferredrev,depamor,deposits,divyield,dps,ebit,ebitda,ebitdamargin,ebitdausd,ebitusd,ebt,eps,epsdil,epsusd,equity,equityavg,equityusd,ev,evebit,evebitda,fcf,fcfps,fxusd,gp,grossmargin,intangibles,intexp,invcap,invcapavg,inventory,investments,investmentsc,investmentsnc,liabilities,liabilitiesc,liabilitiesnc,marketcap,ncf,ncfbus,ncfcommon,ncfdebt,ncfdiv,ncff,ncfi,ncfinv,ncfo,ncfx,netinc,netinccmn,netinccmnusd,netincdis,netincnci,netmargin,opex,opinc,payables,payoutratio,pb,pe,pe1,ppnenet,prefdivis,price,ps,ps1,receivables,retearn,revenue,revenueusd,rnd,roa,roe,roic,ros,sbcomp,sgna,sharefactor,sharesbas,shareswa,shareswadil,sps,tangibles,taxassets,taxexp,taxliabilities,tbvps,workingcapital
SAIA,MRY,2011-12-31,2011-12-31,2011-12-31,2018-04-28,0,474886000,466885750,142816000,332070000,2.207,9.254,-67899000,1317000,1317000,418921000,11373000,1.149,1.165,72857000,22143000,50714000,72857000,0,37278000,0,0.0,0.0,28198000,65476000,0.064,65476000,28198000,17730000,0.48,0.47,0.48,219301000,213791750,219301000,276811006,9,4.228,-9688000,-0.409,1.0,611303000,0.593,1450000,10468000,420628000,419890250,0,0,0,0,255585000,124348000,131237000,198904006,-27728000,0,149000,-17143000,0,-18040000,-67899000,0,58211000,0,11373000,11373000,11373000,0,0,0.011,583157000,28146000,39783000,0.0,0.907,17.489,17.333,324455000,0,8.32,0.193,0.191,107436000,17691000,1030224000,1030224000,0,0.024,0.053,0.067,0.027,1795000,513977000,1.0,23906731,23684000,24204000,43.499,473436000,17364000,6357000,51289000,19.977,18468000
SAIA,MRY,2012-12-31,2012-12-31,2012-12-31,2018-04-28,0,519688000,527184500,144163000,375525000,2.084,10.666,-82815000,321000,321000,420980000,32048000,1.02,1.042,60705000,22143000,38562000,60705000,0,47985000,0,0.0,0.0,58946000,106931000,0.097,106931000,58946000,51139000,1.35,1.29,1.35,254519000,241642500,254519000,451294419,7,4.22,17860000,0.75,1.0,677699000,0.617,9404000,7807000,429368000,456886750,0,0,0,0,265169000,141300000,123869000,370921419,-996000,-7616000,913000,-12153000,0,-11240000,-90431000,0,100675000,0,32048000,32048000,32048000,0,0,0.029,618965000,58734000,43706000,0.0,1.457,11.574,11.417,361704000,0,15.413,0.338,0.334,106814000,49739000,1098679000,1098679000,0,0.061,0.133,0.129,0.054,2687000,546755000,1.0,24064971,23823000,24815000,46.118,510284000,21147000,19091000,55611000,21.385,2863000
SAIA,MRY,2013-12-31,2013-12-31,2013-12-31,2018-04-28,0,616801000,589511750,170253000,446548000,1.932,12.57,-122020000,159000,159000,415852000,43627000,1.209,1.024,76883000,7143000,69740000,76883000,0,51564000,0,0.0,0.0,74635000,126199000,0.111,126199000,74635000,68145000,1.81,1.73,1.81,304792000,286220750,304792000,870262570,11,6.896,-20708000,-0.857,1.0,723242000,0.635,8789000,6490000,543879000,515418500,0,0,0,0,312009000,140857000,171152000,782816570,-162000,0,4948000,16184000,0,20546000,-122020000,0,101312000,0,43627000,43627000,43627000,0,0,0.038,648824000,74418000,50799000,0.0,2.568,17.943,17.707,432226000,0,32.05,0.687,0.68,117937000,93366000,1139094000,1139094000,0,0.074,0.152,0.145,0.066,2902000,572487000,1.0,24424854,24154000,25205000,47.16,608012000,33918000,24518000,69916000,25.076,29396000
SAIA,MRY,2014-12-31,2014-12-31,2014-12-31,2018-04-28,0,666985000,668253750,170176000,496809000,1.904,14.9,-94845000,4367000,4367000,450426000,51991000,1.304,0.818,83035000,9138000,73897000,83035000,0,59022000,0,0.0,0.0,85792000,144814000,0.114,144814000,85792000,81228000,2.12,2.04,2.12,366906000,340245250,366906000,1436615118,16,9.92,7325000,0.299,1.0,821895000,0.646,8174000,4564000,607000000,590969250,0,0,0,0,300079000,130479000,169600000,1370551118,4208000,0,7623000,-10740000,0,-3117000,-94845000,0,102170000,0,51991000,51991000,51991000,0,0,0.041,736202000,85693000,42388000,0.0,3.735,26.361,26.113,483640000,0,55.36,1.077,1.066,128367000,145357000,1272321000,1272321000,0,0.078,0.153,0.145,0.067,4166000,639633000,1.0,24757065,24505000,25463000,51.921,658811000,18335000,29237000,58946000,26.754,39697000
SAIA,MRY,2015-12-31,2015-12-31,2015-12-31,2018-04-28,0,729193000,744010500,158989000,570204000,1.642,17.134,-85681000,124000,124000,369001000,55016000,1.125,0.704,68972000,12432000,56540000,68972000,0,65020000,0,0.0,0.0,90070000,155090000,0.127,155090000,90070000,85963000,2.21,2.16,2.21,427889000,405490500,427889000,635940591,7,4.1,60152000,2.414,1.0,852310000,0.698,26986000,4107000,629675000,656813000,0,0,0,0,301304000,141380000,159924000,559286591,-4243000,-22238000,2533000,-41117000,0,-42157000,-107919000,0,145833000,0,55016000,55016000,55016000,0,0,0.045,762335000,89975000,54754000,0.0,1.307,10.166,10.068,539179000,0,22.25,0.458,0.454,124222000,200373000,1221311000,1221311000,0,0.074,0.136,0.137,0.074,3878000,670173000,1.0,25136476,24919000,25471000,49.011,702207000,15745000,30947000,67417000,28.119,17609000
SAIA,MRY,2016-12-31,2016-12-31,2016-12-31,2018-04-28,0,800370000,808398500,166479000,633891000,1.507,19.257,-117683000,1539000,1539000,326718000,48024000,1.149,0.657,73804000,16762000,57042000,73804000,0,76240000,0,0.0,0.0,79313000,155553000,0.128,155553000,79313000,74919000,1.92,1.87,1.92,483078000,461233000,483078000,1206354871,15,7.755,28743000,1.148,1.0,891763000,0.732,25398000,4394000,702293000,739160000,0,0,0,0,317292000,144944000,172348000,1112905871,1415000,0,3173000,-29851000,0,-27328000,-117683000,0,146426000,0,48024000,48024000,48024000,0,0,0.039,812627000,79136000,45149000,0.0,2.304,23.174,22.995,604119000,0,44.15,0.913,0.907,135083000,248397000,1218481000,1218481000,0,0.059,0.104,0.107,0.065,4599000,696046000,1.0,25207381,25038000,25680000,48.665,774972000,6989000,26895000,80199000,30.893,21535000
SAIA,MRY,2017-12-31,2017-12-31,2017-12-31,2018-04-28,0,967315000,946890000,203249000,764066000,1.456,22.763,-181524000,4720000,4720000,392902000,91156000,1.218,0.661,132916000,14083000,118833000,132916000,0,87102000,0,0.0,0.0,94829000,181931000,0.132,181931000,94829000,89778000,3.57,3.49,3.57,582494000,531178500,582494000,1930596455,20,10.612,-23678000,-0.928,1.0,985608000,0.715,24027000,5051000,904558000,889112000,0,0,0,0,384821000,166926000,217895000,1803444455,3181000,0,4480000,23629000,0,26859000,-181524000,0,157846000,0,91156000,91156000,91156000,0,0,0.066,890871000,94737000,57438000,0.0,3.096,19.784,19.818,735780000,0,70.75,1.308,1.31,170278000,339500000,1378510000,1378510000,0,0.096,0.172,0.107,0.069,5083000,766790000,1.0,25490381,25518000,26086000,54.021,943288000,0,-1378000,59423000,36.862,36323000
