ticker,dimension,calendardate,datekey,reportperiod,lastupdated,accoci,assets,assetsavg,assetsc,assetsnc,assetturnover,bvps,capex,cashneq,cashnequsd,cor,consolinc,currentratio,de,debt,debtc,debtnc,debtusd,deferredrev,depamor,deposits,divyield,dps,ebit,ebitda,ebitdamargin,ebitdausd,ebitusd,ebt,eps,epsdil,epsusd,equity,equityavg,equityusd,ev,evebit,evebitda,fcf,fcfps,fxusd,gp,grossmargin,intangibles,intexp,invcap,invcapavg,inventory,investments,investmentsc,investmentsnc,liabilities,liabilitiesc,liabilitiesnc,marketcap,ncf,ncfbus,ncfcommon,ncfdebt,ncfdiv,ncff,ncfi,ncfinv,ncfo,ncfx,netinc,netinccmn,netinccmnusd,netincdis,netincnci,netmargin,opex,opinc,payables,payoutratio,pb,pe,pe1,ppnenet,prefdivis,price,ps,ps1,receivables,retearn,revenue,revenueusd,rnd,roa,roe,roic,ros,sbcomp,sgna,sharefactor,sharesbas,shareswa,shareswadil,sps,tangibles,taxassets,taxexp,taxliabilities,tbvps,workingcapital
SAM,MRY,2011-12-31,2011-12-31,2011-12-31,2018-04-25,-838000,272488000,273830750,125723000,146765000,1.873,14.64,-19599000,49450000,49450000,228433000,66059000,1.875,0.475,0,0,0,0,0,18792000,0,0.0,0.0,103446000,122238000,0.238,122238000,103446000,103500000,5.08,4.81,5.08,184745000,177759000,184745000,1334585202,12,10.918,53161000,4.086,1.0,284567000,0.555,1377000,-54000,154612000,144594250,34072000,0,0,0,87743000,67049000,20694000,1382708202,481000,0,-58717000,0,0,-52680000,-19599000,0,72760000,0,66059000,66059000,66059000,0,0,0.129,180912000,103655000,18806000,0.0,7.484,20.931,21.37,143586000,0,108.56,2.695,2.754,23233000,47119000,513000000,513000000,0,0.241,0.372,0.715,0.202,832000,200746000,1.0,12736811,13012000,13741000,39.425,271111000,4363000,37441000,17349000,21.484,58674000
SAM,MRY,2012-12-31,2012-12-29,2012-12-29,2018-04-25,-883000,359484000,319646750,162342000,197142000,1.815,19.127,-65969000,74463000,74463000,265012000,59467000,1.826,0.467,628000,62000,566000,628000,0,20208000,0,0.0,0.0,95517000,115725000,0.199,115725000,95517000,95517000,4.6,4.39,4.6,245091000,220412000,245091000,1654162333,17,14.294,29361000,2.295,1.0,315210000,0.543,2538000,0,194217000,186760000,44361000,0,0,0,114393000,88894000,25499000,1716370333,25013000,-1726000,-12319000,628000,0,-2994000,-67323000,0,95330000,0,59467000,59467000,59467000,0,0,0.102,219626000,95584000,28303000,0.0,7.003,28.863,28.909,189948000,0,132.98,2.958,2.933,31479000,88541000,580222000,580222000,0,0.186,0.27,0.511,0.165,-1366000,219477000,1.0,12906981,12796000,13435000,45.344,356946000,5411000,36050000,20463000,27.856,73448000
SAM,MRY,2013-12-31,2013-12-28,2013-12-28,2018-04-25,-417000,444075000,399649000,164278000,279797000,1.849,23.702,-100637000,49524000,49524000,354131000,70392000,1.574,0.47,637000,53000,584000,637000,0,25903000,0,0.0,0.0,112541000,138444000,0.187,138444000,112541000,112541000,5.47,5.18,5.47,302085000,270659750,302085000,3062726438,27,22.122,-655000,-0.051,1.0,384922000,0.521,3683000,0,287128000,259074750,56397000,0,0,0,141990000,104377000,37613000,3105815438,-24939000,-2753000,-27044000,-787000,0,-21593000,-103328000,0,99982000,0,70392000,70392000,70392000,0,0,0.095,271829000,113093000,34424000,0.0,10.281,44.122,44.26,266558000,0,242.1,4.202,4.182,42001000,129349000,739053000,739053000,0,0.176,0.26,0.434,0.152,2036000,270262000,1.0,12828647,12766000,13504000,57.892,440392000,6750000,42149000,32394000,34.554,59901000
SAM,MRY,2014-12-31,2014-12-27,2014-12-27,2018-04-25,-1133000,605161000,547672750,207462000,397699000,1.649,33.485,-151884000,76402000,76402000,437996000,90743000,1.883,0.388,583000,55000,528000,583000,0,35138000,0,0.0,0.0,145594000,180732000,0.2,180732000,145594000,145594000,6.96,6.69,6.96,436140000,391088500,436140000,3806862750,26,21.064,-10673000,-0.823,1.0,465011000,0.515,3683000,0,415489000,382466000,51307000,0,0,0,169021000,110170000,58851000,3863457750,26878000,0,19413000,-53000,0,37498000,-151831000,0,141211000,0,90743000,90743000,90743000,0,0,0.1,318444000,146567000,35576000,0.0,8.858,42.576,42.491,381569000,0,295.74,4.278,4.247,36860000,212233000,903007000,903007000,0,0.166,0.232,0.381,0.161,-10496000,316667000,1.0,13063697,12968000,13484000,69.633,601478000,30006000,54851000,50717000,46.179,97292000
SAM,MRY,2015-12-31,2015-12-26,2015-12-26,2018-04-25,-951000,645400000,671113500,223603000,421797000,1.43,35.826,-74287000,94193000,94193000,458317000,98414000,2.012,0.399,529000,58000,471000,529000,0,42885000,0,0.0,0.0,155010000,197895000,0.206,197895000,155010000,155010000,7.46,7.25,7.46,461221000,491455500,461221000,2518913440,16,12.729,94396000,7.193,1.0,501617000,0.523,3683000,0,436893000,427350250,56462000,0,0,0,184179000,111160000,73019000,2653054440,17791000,0,-93366000,-54000,0,-76662000,-74230000,0,168683000,0,98414000,98414000,98414000,0,0,0.103,345443000,156174000,42718000,0.0,5.752,26.958,27.534,409926000,0,205.4,2.764,2.808,38984000,171948000,959934000,959934000,0,0.147,0.2,0.363,0.161,-8685000,345185000,1.0,12916526,13123000,13520000,73.149,641717000,21911000,56596000,56001000,49.846,112443000
SAM,MRY,2016-12-31,2016-12-31,2016-12-31,2018-04-25,-1103000,615946000,610461250,193887000,422059000,1.485,35.847,-46058000,91035000,91035000,446776000,87349000,1.91,0.379,0,0,0,0,0,49557000,0,0.0,0.0,137121000,186678000,0.206,186678000,137121000,137121000,6.93,6.79,6.93,446582000,436101000,446582000,2055695868,14,11.012,108131000,8.628,1.0,459670000,0.507,3683000,0,419709000,440262500,52499000,0,0,0,169364000,101519000,67845000,2132490868,-3158000,0,-124531000,-58000,0,-111329000,-46018000,0,154189000,0,87349000,87349000,87349000,0,0,0.096,322011000,137659000,40585000,0.0,4.775,24.413,24.509,408411000,0,169.85,2.353,2.348,36694000,97648000,906446000,906446000,0,0.143,0.2,0.311,0.151,-6376000,322246000,1.0,12555142,12533000,12796000,72.325,612263000,4928000,49772000,57261000,49.146,92368000
SAM,MRY,2017-12-31,2017-12-30,2017-12-30,2018-04-25,-1288000,569624000,586300000,168348000,401276000,1.472,36.313,-32962000,65637000,65637000,413091000,99049000,1.654,0.345,0,0,0,0,0,51256000,0,0.0,0.0,116142000,167398000,0.194,167398000,116142000,116142000,8.18,8.09,8.18,423523000,423721750,423523000,2177537710,18,13.008,103020000,8.56,1.0,449901000,0.521,3683000,0,398546000,413701750,50651000,0,0,0,146101000,101758000,44343000,2247582710,-25398000,0,-129187000,-60000,0,-128451000,-32929000,0,135982000,0,99049000,99049000,99049000,0,0,0.115,334226000,115675000,38141000,0.0,5.307,22.692,23.362,384280000,0,191.1,2.604,2.665,33749000,52105000,862992000,862992000,0,0.169,0.234,0.281,0.135,6316000,331775000,1.0,11761291,12035000,12180000,71.707,565941000,7616000,17093000,34819000,48.524,66590000
