ticker,dimension,calendardate,datekey,reportperiod,lastupdated,accoci,assets,assetsavg,assetsc,assetsnc,assetturnover,bvps,capex,cashneq,cashnequsd,cor,consolinc,currentratio,de,debt,debtc,debtnc,debtusd,deferredrev,depamor,deposits,divyield,dps,ebit,ebitda,ebitdamargin,ebitdausd,ebitusd,ebt,eps,epsdil,epsusd,equity,equityavg,equityusd,ev,evebit,evebitda,fcf,fcfps,fxusd,gp,grossmargin,intangibles,intexp,invcap,invcapavg,inventory,investments,investmentsc,investmentsnc,liabilities,liabilitiesc,liabilitiesnc,marketcap,ncf,ncfbus,ncfcommon,ncfdebt,ncfdiv,ncff,ncfi,ncfinv,ncfo,ncfx,netinc,netinccmn,netinccmnusd,netincdis,netincnci,netmargin,opex,opinc,payables,payoutratio,pb,pe,pe1,ppnenet,prefdivis,price,ps,ps1,receivables,retearn,revenue,revenueusd,rnd,roa,roe,roic,ros,sbcomp,sgna,sharefactor,sharesbas,shareswa,shareswadil,sps,tangibles,taxassets,taxexp,taxliabilities,tbvps,workingcapital
SANM,MRY,2011-12-31,2011-10-01,2011-10-01,2018-05-02,70738000,3353973000,3291614500,2629246000,724727000,2.006,9.547,-83508000,640288000,640288000,6092060000,68917000,2.077,3.353,1242508000,60200000,1182308000,1242508000,0,104571000,0,0.0,0.0,198652000,303223000,0.046,303223000,198652000,99538000,0.86,0.83,0.86,770517000,737753750,770517000,1168259367,5,3.853,151400000,1.884,1.0,510351000,0.077,0,99114000,2690308000,2736600750,891325000,0,0,0,2583456000,1265885000,1317571000,538792367,47476000,-14656000,4582000,-106393000,0,-88954000,-98105000,59000,234908000,-373000,68917000,68917000,68917000,0,0,0.01,298354000,211997000,984014000,0.0,0.699,7.818,7.767,588097000,0,6.68,0.082,0.081,1014121000,-5141140000,6602411000,6602411000,20802000,0.021,0.093,0.073,0.03,18896000,247127000,1.0,80657540,80345000,83158000,82.176,3353973000,0,30621000,0,41.555,1363361000
SANM,MRY,2012-12-31,2012-09-29,2012-09-29,2018-05-02,63479000,3167786000,3117646000,2326299000,841487000,1.954,11.826,-73803000,409618000,409618000,5657552000,180234000,1.908,2.287,897359000,59995000,837364000,897359000,0,99477000,0,0.0,0.0,121687000,221164000,0.036,221164000,121687000,49943000,2.22,2.16,2.22,963781000,836708500,963781000,1269358101,10,5.739,141610000,1.742,1.0,435782000,0.072,0,71744000,2435980000,2546127000,826539000,0,0,0,2204005000,1219547000,984458000,694204101,-230670000,-5023000,2290000,-374203000,0,-366813000,-78027000,799000,215413000,-1243000,180234000,180234000,180234000,0,0,0.03,298292000,137490000,937737000,0.0,0.72,3.852,3.833,569365000,0,8.51,0.114,0.114,1001543000,-4960906000,6093334000,6093334000,21899000,0.058,0.215,0.048,0.02,17999000,240863000,1.0,81575100,81284000,83495000,74.964,3167786000,0,-130291000,0,38.87,1106752000
SANM,MRY,2013-12-31,2013-09-28,2013-09-28,2018-05-02,84301000,2995848000,3004768500,2204588000,791260000,1.969,13.027,-42870000,402875000,402875000,5490307000,79351000,1.827,1.745,584813000,22301000,562512000,584813000,0,96021000,0,0.0,0.0,144410000,240431000,0.041,240431000,144410000,103406000,0.96,0.93,0.96,1091564000,1032899000,1091564000,1725513652,11,7.177,275019000,3.32,1.0,426817000,0.072,0,41004000,1971062000,2074444250,781560000,0,0,0,1904284000,1206724000,697560000,1466887652,-6743000,0,10086000,-295105000,0,-279259000,-42870000,0,317889000,-2503000,79351000,79351000,79351000,0,0,0.013,269188000,157629000,956488000,0.0,1.344,18.486,18.271,540151000,0,17.54,0.248,0.246,944816000,-4881555000,5917124000,5917124000,25571000,0.026,0.077,0.07,0.024,17524000,238072000,1.0,83630995,82834000,85403000,71.434,2995848000,0,24055000,0,35.754,997864000
SANM,MRY,2014-12-31,2014-09-27,2014-09-27,2018-05-02,82916000,3313089000,3163401250,2450974000,862115000,1.965,15.108,-63486000,466607000,466607000,5726823000,197165000,1.598,1.657,544075000,157394000,386681000,544075000,0,97677000,0,0.0,0.0,199682000,297359000,0.048,297359000,199682000,161739000,2.38,2.27,2.38,1246755000,1143911750,1246755000,1933457677,9,6.502,243896000,2.943,1.0,488283000,0.079,0,37943000,1856420000,1970202000,893178000,0,0,0,2066334000,1534137000,532197000,1785016677,63732000,-79508000,-59378000,-64521000,0,-103027000,-141890000,1104000,307382000,1267000,197165000,197165000,197165000,0,0,0.032,288601000,199682000,1139845000,0.0,1.432,9.053,9.076,563016000,0,21.6,0.287,0.288,979475000,-4684390000,6215106000,6215106000,32495000,0.062,0.172,0.101,0.032,18789000,242288000,1.0,82639661,82872000,86731000,74.996,3313089000,217645000,-35426000,0,40.147,916837000
SANM,MRY,2015-12-31,2015-10-03,2015-10-03,2018-05-02,66571000,3493264000,3248073500,2322980000,1170284000,1.963,18.958,-88536000,412253000,412253000,5890685000,377261000,1.683,1.297,537365000,113416000,423949000,537365000,0,100567000,0,0.0,0.0,203101000,303668000,0.048,303668000,203101000,176193000,4.61,4.41,4.61,1520471000,1334546250,1520471000,1735079941,8,5.714,86360000,1.056,1.0,483856000,0.076,0,26908000,2237819000,1985074250,918728000,0,0,0,1972793000,1380557000,592236000,1719336941,-54354000,-13887000,-104038000,-24215000,0,-126761000,-102423000,0,174896000,-66000,377261000,377261000,377261000,0,0,0.059,280755000,203101000,1035323000,0.0,1.131,4.557,4.636,590844000,0,21.37,0.27,0.274,936952000,-4307129000,6374541000,6374541000,33083000,0.116,0.283,0.102,0.032,20653000,239288000,1.0,80455636,81818000,85641000,77.911,3493264000,497605000,-201068000,0,43.556,942423000
SANM,MRY,2016-12-31,2016-10-01,2016-10-01,2018-05-02,65381000,3625222000,3558292000,2375652000,1249570000,1.821,21.887,-115660000,398288000,398288000,5966899000,187838000,1.695,1.252,462475000,28416000,434059000,462475000,0,111910000,0,0.0,0.0,224785000,336695000,0.052,336695000,224785000,204617000,2.5,2.38,2.5,1609803000,1540692000,1609803000,2212016577,9,6.57,274456000,3.655,1.0,514282000,0.079,0,20168000,2288146000,2257677500,946239000,0,0,0,2015419000,1401263000,614156000,2104091577,-13965000,-58878000,-124025000,-107396000,0,-231421000,-174538000,0,390116000,1878000,187838000,187838000,187838000,0,0,0.029,289497000,224785000,1121135000,0.0,1.307,11.202,11.388,617524000,0,28.47,0.325,0.33,973680000,-4119291000,6481181000,6481181000,37746000,0.053,0.122,0.1,0.035,26907000,244604000,1.0,73905570,75094000,78787000,86.308,3625222000,514314000,16779000,0,49.29,974389000
SANM,MRY,2017-12-31,2017-09-30,2017-09-30,2018-05-02,0,3847363000,3761078500,2616250000,1231113000,1.826,22.182,-107898000,406661000,406661000,6348708000,138833000,1.619,1.335,479863000,88416000,391447000,479863000,0,118751000,0,0.0,0.0,226467000,345218000,0.05,345218000,226467000,213480000,1.86,1.78,1.86,1647684000,1691675000,1647684000,2758945140,12,7.992,143063000,1.921,1.0,519911000,0.076,0,12987000,2304522000,2274591750,1051669000,0,0,0,2199679000,1616043000,583636000,2800072140,8373000,0,-149815000,16584000,0,-135493000,-107898000,0,250961000,803000,138833000,138833000,138833000,0,0,0.02,293444000,226467000,1280106000,0.0,1.699,20.169,19.973,640275000,0,37.15,0.408,0.403,1110334000,-3980458000,6868619000,6868619000,33716000,0.037,0.082,0.1,0.033,37920000,251568000,1.0,75372063,74481000,78128000,92.22,3847363000,476554000,74647000,0,51.795,1000207000
