ticker,dimension,calendardate,datekey,reportperiod,lastupdated,accoci,assets,assetsavg,assetsc,assetsnc,assetturnover,bvps,capex,cashneq,cashnequsd,cor,consolinc,currentratio,de,debt,debtc,debtnc,debtusd,deferredrev,depamor,deposits,divyield,dps,ebit,ebitda,ebitdamargin,ebitdausd,ebitusd,ebt,eps,epsdil,epsusd,equity,equityavg,equityusd,ev,evebit,evebitda,fcf,fcfps,fxusd,gp,grossmargin,intangibles,intexp,invcap,invcapavg,inventory,investments,investmentsc,investmentsnc,liabilities,liabilitiesc,liabilitiesnc,marketcap,ncf,ncfbus,ncfcommon,ncfdebt,ncfdiv,ncff,ncfi,ncfinv,ncfo,ncfx,netinc,netinccmn,netinccmnusd,netincdis,netincnci,netmargin,opex,opinc,payables,payoutratio,pb,pe,pe1,ppnenet,prefdivis,price,ps,ps1,receivables,retearn,revenue,revenueusd,rnd,roa,roe,roic,ros,sbcomp,sgna,sharefactor,sharesbas,shareswa,shareswadil,sps,tangibles,taxassets,taxexp,taxliabilities,tbvps,workingcapital
SBH,MRY,2011-12-31,2011-09-30,2011-09-30,2018-05-03,-22671000,1728600000,1707881750,879148000,849452000,1.914,-1.193,-59571000,63481000,63481000,1674526000,213725000,1.911,-8.894,1413115000,3004000,1410111000,1413115000,0,59722000,0,0.0,0.0,448469000,508191000,0.155,508191000,448469000,335939000,1.17,1.14,1.17,-218982000,-307073250,-218982000,4485337414,10,8.826,232270000,1.269,1.0,1594605000,0.488,635531000,112530000,1982697000,2084933000,665246000,0,0,0,1947582000,460006000,1487576000,3053458414,3987000,-87164000,10942000,-154703000,0,-140049000,-146735000,0,291841000,-1070000,213725000,213725000,213725000,0,0,0.065,1146136000,448469000,262114000,0.0,-13.944,14.287,14.188,182489000,0,16.6,0.934,0.929,95526000,-879305000,3269131000,3269131000,0,0.125,-0.696,0.215,0.137,11848000,1086414000,1.0,183943278,183020000,188093000,17.862,1093069000,28535000,122214000,60690000,5.953,419142000
SBH,MRY,2012-12-31,2012-09-30,2012-09-30,2018-05-03,-10653000,2065800000,1865482750,1163907000,901893000,1.889,-0.64,-68978000,240220000,240220000,1780385000,233064000,2.438,-18.95,1617230000,1908000,1615322000,1617230000,0,64698000,0,0.0,0.0,499355000,564053000,0.16,564053000,499355000,360943000,1.27,1.24,1.27,-115085000,-138696000,-115085000,5975530643,11,10.594,228604000,1.246,1.0,1743259000,0.495,660768000,138412000,2304654000,2127832750,735356000,0,0,0,2180885000,477388000,1703497000,4518156643,176739000,-43535000,-171980000,148908000,0,-8682000,-112513000,0,297582000,352000,233064000,233064000,233064000,0,0,0.066,1243904000,499355000,262209000,0.0,-39.259,19.386,19.756,202661000,0,25.09,1.282,1.306,101756000,-646241000,3523644000,3523644000,0,0.125,-1.68,0.235,0.142,2462000,1179206000,1.0,180077985,183420000,188610000,19.211,1405032000,57199000,127879000,76947000,7.811,686519000
SBH,MRY,2013-12-31,2013-09-30,2013-09-30,2018-05-03,-9818000,1950086000,1934483250,1015817000,934269000,1.872,-1.827,-84759000,47115000,47115000,1826953000,261151000,1.872,-7.426,1690703000,78018000,1612685000,1690703000,0,72192000,0,0.0,0.0,520362000,592554000,0.164,592554000,520362000,412667000,1.52,1.48,1.52,-303479000,-258890750,-303479000,6025319771,11,10.168,225695000,1.315,1.0,1795263000,0.496,668375000,107695000,2382646000,2372568250,808313000,0,0,0,2253565000,542653000,1710912000,4388002771,-193105000,-22218000,-484211000,72051000,0,-396775000,-106977000,0,310454000,193000,261151000,261151000,261151000,0,0,0.072,1274901000,520362000,273456000,0.0,-14.459,16.803,17.211,229540000,0,26.16,1.211,1.24,96245000,-385090000,3622216000,3622216000,0,0.135,-1.009,0.219,0.144,3816000,1202709000,1.0,167737109,171682000,176159000,21.098,1281711000,32486000,151516000,80358000,7.714,473164000
SBH,MRY,2014-12-31,2014-09-30,2014-09-30,2018-05-03,-28548000,2004319000,2038522250,1104149000,900170000,1.841,-2.244,-76556000,106575000,106575000,1893326000,245993000,2.382,-6.775,1785987000,974000,1785013000,1785987000,0,79663000,0,0.0,0.0,506996000,586659000,0.156,586659000,506996000,390679000,1.54,1.51,1.54,-347053000,-317463250,-347053000,6022015217,11,10.265,239416000,1.497,1.0,1860172000,0.496,651085000,116317000,2569109000,2609733500,828429000,0,0,0,2351372000,463537000,1887835000,4246629217,59460000,-5198000,-306628000,118248000,0,-173734000,-81754000,0,315972000,-1024000,245993000,245993000,245993000,0,0,0.066,1353176000,506996000,259463000,0.0,-12.236,17.263,17.773,238111000,0,27.37,1.131,1.166,98500000,-320052000,3753498000,3753498000,0,0.121,-0.775,0.194,0.135,7461000,1273513000,1.0,155156347,159933000,163419000,23.469,1353234000,31650000,144686000,79305000,8.751,640612000
SBH,MRY,2015-12-31,2015-09-30,2015-09-30,2018-05-03,-77705000,2094351000,2128958250,1187102000,907249000,1.801,-1.925,-106350000,140038000,140038000,1936492000,235087000,2.414,-8.032,1787594000,755000,1786839000,1787594000,0,89391000,0,0.0,0.0,495326000,584717000,0.152,584717000,495326000,378484000,1.5,1.49,1.5,-297821000,-251136250,-297821000,5305909203,10,9.074,194437000,1.244,1.0,1897851000,0.495,623217000,116842000,2626991000,2636019500,885214000,0,0,0,2392172000,491699000,1900473000,3735252203,33463000,-6468000,-173208000,-831000,0,-151955000,-112818000,0,300787000,-2551000,235087000,235087000,235087000,0,0,0.061,1402525000,495326000,275917000,0.0,-12.542,15.889,15.833,270847000,0,23.75,0.974,0.968,91092000,-218670000,3834343000,3834343000,0,0.11,-0.936,0.188,0.129,-5306000,1313134000,1.0,157273777,156353000,158226000,24.524,1471134000,33709000,143397000,92210000,9.509,695403000
SBH,MRY,2016-12-31,2016-09-30,2016-09-30,2018-05-03,-100051000,2132063000,2083908750,1172827000,959236000,1.897,-1.898,-148689000,86622000,86622000,1988678000,222942000,2.4,-8.72,1784010000,716000,1783294000,1784010000,0,99657000,0,0.0,0.0,498297000,597954000,0.151,597954000,498297000,354060000,1.51,1.5,1.51,-276166000,-305542250,-276166000,5453313598,10,9.12,202316000,1.375,1.0,1963940000,0.497,625677000,144237000,2715109000,2688209000,907337000,0,0,0,2408229000,488665000,1919564000,3760706598,-53416000,-26141000,-191092000,-39285000,0,-229030000,-174830000,0,351005000,-561000,222942000,222942000,222942000,0,0,0.056,1465643000,498297000,271376000,0.0,-13.618,16.869,17.007,319558000,0,25.68,0.951,0.956,83983000,-177561000,3952618000,3952618000,0,0.107,-0.73,0.185,0.126,11233000,1365986000,1.0,146444961,147179000,148803000,26.856,1506386000,40024000,131118000,116645000,10.354,684162000
SBH,MRY,2017-12-31,2017-09-30,2017-09-30,2018-05-03,-81836000,2099007000,2100033000,1142078000,956929000,1.875,-2.787,-89625000,63759000,63759000,1973422000,215076000,1.995,-6.773,1867935000,96082000,1771853000,1867935000,0,112323000,0,0.0,0.0,478597000,590920000,0.15,590920000,478597000,345698000,1.56,1.56,1.56,-363616000,-331364750,-363616000,4384923300,9,7.421,254753000,1.852,1.0,1964895000,0.499,618096000,132899000,2712493000,2731052000,930855000,0,0,0,2462623000,572594000,1890029000,2572297300,-22863000,0,-328712000,52231000,0,-278395000,-89625000,0,344378000,779000,215076000,215076000,215076000,0,0,0.055,1486298000,478597000,307752000,0.0,-7.074,11.96,12.551,313717000,0,19.58,0.653,0.684,92241000,-283076000,3938317000,3938317000,0,0.102,-0.649,0.175,0.122,12421000,1351296000,1.0,131373713,137533000,138176000,28.635,1480911000,0,130622000,100269000,11.351,569484000
