ticker,dimension,calendardate,datekey,reportperiod,lastupdated,accoci,assets,assetsavg,assetsc,assetsnc,assetturnover,bvps,capex,cashneq,cashnequsd,cor,consolinc,currentratio,de,debt,debtc,debtnc,debtusd,deferredrev,depamor,deposits,divyield,dps,ebit,ebitda,ebitdamargin,ebitdausd,ebitusd,ebt,eps,epsdil,epsusd,equity,equityavg,equityusd,ev,evebit,evebitda,fcf,fcfps,fxusd,gp,grossmargin,intangibles,intexp,invcap,invcapavg,inventory,investments,investmentsc,investmentsnc,liabilities,liabilitiesc,liabilitiesnc,marketcap,ncf,ncfbus,ncfcommon,ncfdebt,ncfdiv,ncff,ncfi,ncfinv,ncfo,ncfx,netinc,netinccmn,netinccmnusd,netincdis,netincnci,netmargin,opex,opinc,payables,payoutratio,pb,pe,pe1,ppnenet,prefdivis,price,ps,ps1,receivables,retearn,revenue,revenueusd,rnd,roa,roe,roic,ros,sbcomp,sgna,sharefactor,sharesbas,shareswa,shareswadil,sps,tangibles,taxassets,taxexp,taxliabilities,tbvps,workingcapital
SBS,MRY,2011-12-31,2011-12-31,2011-12-31,2018-04-28,-953000,24983233000,,3704694000,21278539000,,,-11995000,2241812000,1201868037,6018732000,1380946000,0.936,1.369,8423332000,1629184000,6794148000,4515870867,0,768704000,0,0.0,0.0,2512022000,3280726000,0.33,1758844951,1346731550,1879004000,2.02,2.02,1.083,10544943000,,5653297399,,,,4011443000,,1.865,3908713000,0.394,20125721000,633018000,7082886000,,44576000,74571000,0,74571000,14438290000,3956146000,10482144000,,154075000,0,0,-238356000,0,-661279000,-1883218000,-17308000,4023438000,0,1380946000,1380946000,740345247,0,0,0.139,1393107000,2515606000,244658000,0.0,,,1.427,181585000,0,1.546,,,1839448000,4217953000,9927445000,5322247735,0,,,,0.253,0,1302854000,,,,,,4857512000,260496000,498058000,199157000,,-251452000
SBS,MRY,2012-12-31,2012-12-31,2012-12-31,2018-04-28,-458815000,26476097000,25729665000,3330598000,23145499000,0.417,,-17377000,1980951000,966982184,6449951000,1911900000,0.886,1.352,8875255000,1342594000,7532661000,4332370395,0,738525000,0,0.0,0.0,3125902000,3864427000,0.36,1886382884,1525879006,2547672000,2.8,2.8,1.367,11256762000,10900852500,5494880139,,,,3476211000,,2.049,4287680000,0.399,21967526000,578230000,7644686000,7363786000,53028000,74872000,0,74872000,15219335000,3758189000,11461146000,,-226105000,0,0,102612000,0,-572650000,-1996696000,-5372000,3493588000,0,1911900000,1911900000,933275602,0,0,0.178,1437804000,2849876000,295392000,0.0,,,1.698,196710000,0,2.321,,,1778030000,5387634000,10737631000,5241471333,0,0.074,0.175,0.424,0.291,0,1414629000,1.0,,,,,4508571000,263723000,635772000,152710000,,-427591000
SBS,MRY,2013-12-31,2013-12-31,2013-12-31,2018-04-28,-133531000,28274294000,27375195500,3254087000,25020207000,0.413,18.918,-30743000,1792334000,759180475,6816263000,1923559000,1.095,1.187,9450074000,640940000,8809134000,4002776083,0,871073000,0,0.0,0.0,3258509000,4129582000,0.365,1749170648,1380209498,2655599000,2.81,2.81,1.19,12930801000,12093781500,5477110653,,,,3946684000,5.774,2.361,4499304000,0.398,23846231000,602910000,9113422000,8379054000,58401000,77699000,0,77699000,15343493000,2972381000,12371112000,7751001914,-133973000,0,0,-1144000,0,-629656000,-2281499000,-369000,3977427000,0,1923559000,1923559000,814763562,0,0,0.17,1362924000,3136380000,275051000,0.0,1.415,9.513,9.528,199496000,0,11.34,1.617,1.617,1936868000,6736389000,11315567000,4792944579,0,0.07,0.159,0.389,0.288,0,1366220000,1.0,683509869,683509869,,7.012,4428063000,201435000,732040000,115382000,6.478,281706000
SBS,MRY,2014-12-31,2014-12-31,2014-12-31,2018-04-28,-389748000,30355440000,29314867000,3215445000,27139995000,0.383,19.465,-89451000,1742741000,654483502,7635599000,902983000,0.924,1.282,10785767000,1207126000,9578641000,4050576973,0,1004471000,0,0.0,0.0,1987136000,2991607000,0.267,1123493065,746265641,1274843000,1.32,1.32,0.496,13304403000,13117602000,4996446561,7719437862,10,6.871,3429976000,5.018,2.663,3577617000,0.319,25979526000,712293000,9938364000,9525893000,66487000,75262000,0,75262000,17051037000,3480576000,13570461000,4299277076,-59010000,0,0,728566000,0,218479000,-2757741000,-16000,3519427000,0,902983000,902983000,339113773,0,0,0.081,1664455000,1913162000,323513000,0.0,0.86,12.678,12.689,304845000,0,6.29,1.021,1.021,1636211000,3694151000,11213216000,4211104739,0,0.031,0.069,0.209,0.177,0,1660967000,1.0,683509869,683509869,,6.161,4375914000,358246000,371860000,74138000,6.402,-265131000
SBS,MRY,2015-12-31,2015-12-31,2015-12-31,2018-04-28,-353382000,33706614000,32031027000,3450333000,30256281000,0.366,20.068,-54794000,1668370000,422554759,8260763000,536279000,0.922,1.457,13121600000,1526262000,11595338000,3323360247,0,1074032000,0,0.0,0.0,1447261000,2521293000,0.215,638577988,366553596,587529000,0.78,0.78,0.198,13716606000,13510504500,3474059802,6142297376,16,9.619,3315037000,4.85,3.948,3450806000,0.295,28513626000,859732000,12905902000,11422133000,64066000,85062000,0,85062000,19990008000,3740316000,16249692000,3144145397,-83777000,0,0,10974000,0,-265697000,-2459480000,2072000,3369831000,0,536279000,536279000,135825532,0,0,0.046,409412000,3041394000,248158000,0.0,0.905,23.148,23.285,325076000,0,4.6,1.06,1.06,2679313000,4069988000,11711569000,2966236041,0,0.017,0.04,0.127,0.124,0,553167000,1.0,683509869,683509869,,4.34,5192988000,206070000,51250000,107295000,7.598,-289983000
SBS,MRY,2016-12-31,2016-12-31,2016-12-31,2018-04-28,-825648000,36745034000,35225824000,3823635000,32921399000,0.4,22.559,-27631000,1910299000,586791276,9013120000,2947098000,0.889,1.383,11964143000,1246567000,10717576000,3675055444,0,1146626000,0,0.0,0.0,4968945000,6115571000,0.434,1878535094,1526323145,4129054000,4.31,4.31,1.324,15419211000,14567908500,4736357241,9265877914,6,4.933,4745642000,6.943,3.256,5085088000,0.361,31246788000,839891000,11249582000,12077742000,58002000,89064000,0,89064000,21325823000,4302508000,17023315000,5932865662,247007000,0,0,-284788000,0,-625865000,-2130720000,0,4773273000,0,2947098000,2947098000,905267393,0,0,0.209,1660221000,3424867000,311960000,0.0,1.253,6.554,6.556,302383000,0,8.68,1.37,1.37,2750384000,6244859000,14098208000,4330581477,0,0.084,0.202,0.411,0.352,0,1664943000,1.0,683509869,683509869,,6.336,5498246000,228978000,1181956000,168757000,8.044,-478873000
SBS,MRY,2017-12-31,2017-12-31,2017-12-31,2018-04-28,-538101000,39546444000,38145739000,4574085000,34972359000,0.383,25.622,-18920000,2301869000,695176673,8778963000,2519310000,0.959,1.258,12100966000,1746755000,10354211000,3654556052,0,1301897000,0,0.0,0.0,4191894000,5493791000,0.376,1659154083,1265974269,3503614000,3.69,3.69,1.114,17513009000,16466110000,5289021804,10214711620,8,6.157,4891159000,7.156,3.311,5829270000,0.399,33466132000,688280000,11107529000,11178555500,85671000,94584000,0,94584000,22033435000,4771880000,17261555000,7142678131,396826000,0,0,-90986000,0,-933612000,-1971444000,0,4910079000,0,2519310000,2519310000,760845010,0,0,0.172,1873362000,3955908000,344947000,0.0,1.35,9.388,9.377,255050000,0,10.45,1.619,1.619,2873380000,8051110000,14608233000,4411764013,0,0.066,0.153,0.375,0.287,0,1867683000,1.0,683509869,683509869,,6.455,6080312000,276585000,984304000,220719000,8.896,-197795000
