ticker,dimension,calendardate,datekey,reportperiod,lastupdated,accoci,assets,assetsavg,assetsc,assetsnc,assetturnover,bvps,capex,cashneq,cashnequsd,cor,consolinc,currentratio,de,debt,debtc,debtnc,debtusd,deferredrev,depamor,deposits,divyield,dps,ebit,ebitda,ebitdamargin,ebitdausd,ebitusd,ebt,eps,epsdil,epsusd,equity,equityavg,equityusd,ev,evebit,evebitda,fcf,fcfps,fxusd,gp,grossmargin,intangibles,intexp,invcap,invcapavg,inventory,investments,investmentsc,investmentsnc,liabilities,liabilitiesc,liabilitiesnc,marketcap,ncf,ncfbus,ncfcommon,ncfdebt,ncfdiv,ncff,ncfi,ncfinv,ncfo,ncfx,netinc,netinccmn,netinccmnusd,netincdis,netincnci,netmargin,opex,opinc,payables,payoutratio,pb,pe,pe1,ppnenet,prefdivis,price,ps,ps1,receivables,retearn,revenue,revenueusd,rnd,roa,roe,roic,ros,sbcomp,sgna,sharefactor,sharesbas,shareswa,shareswadil,sps,tangibles,taxassets,taxexp,taxliabilities,tbvps,workingcapital
SCHL,MRY,2011-12-31,2011-05-31,2011-05-31,2018-03-23,-53900000,1487000000,1567225000,758100000,728900000,1.198,23.926,-132200000,105300000,105300000,869000000,39400000,1.793,1.009,258900000,44000000,214900000,258900000,49100000,60100000,0,0.013,0.35,95300000,155400000,0.083,155400000,95300000,78200000,1.18,1.16,1.18,740000000,738625000,740000000,1027110699,10,6.609,96200000,3.11,1.0,1008600000,0.537,174000000,17100000,1043900000,1094850000,308700000,0,0,0,747000000,422700000,324300000,842510699,-138800000,-10100000,-164000000,-54400000,-10800000,-230500000,-141100000,0,228400000,4400000,39400000,39400000,39400000,5900000,0,0.021,904900000,103700000,120100000,0.297,1.139,21.384,23.085,339000000,0,27.24,0.449,0.449,220300000,635800000,1877600000,1877600000,0,0.025,0.053,0.087,0.051,13700000,834700000,1.0,30929174,30929174,,60.706,1313000000,76400000,38800000,0,42.452,335400000
SCHL,MRY,2012-12-31,2012-05-31,2012-05-31,2018-03-23,-74200000,1670300000,1621625000,930000000,740300000,1.319,26.702,-112500000,194900000,194900000,984600000,102400000,1.851,1.012,216700000,7500000,209200000,216700000,47100000,68800000,0,0.017,0.45,180500000,249300000,0.117,249300000,180500000,164000000,3.27,3.21,3.27,830300000,780550000,830300000,948704186,5,3.805,147700000,4.75,1.0,1154500000,0.54,174400000,16500000,1015200000,1040225000,295300000,0,0,0,840000000,502500000,337500000,838004186,89600000,-9500000,9300000,-42300000,-13200000,-47400000,-121300000,0,260200000,-1900000,102400000,102400000,102400000,5700000,0,0.048,969200000,185300000,119600000,0.138,1.009,8.184,8.242,327200000,0,26.95,0.392,0.392,313900000,723900000,2139100000,2139100000,0,0.063,0.131,0.174,0.084,12200000,878500000,1.0,31094775,31094775,,68.793,1495900000,113700000,61600000,0,48.108,427500000
SCHL,MRY,2013-12-31,2013-05-31,2013-05-31,2018-03-23,-65400000,1441000000,1646575000,721200000,719800000,0.941,27.101,-87500000,87400000,87400000,715400000,31100000,1.71,0.667,59700000,2200000,57500000,59700000,48100000,67500000,0,0.012,0.375,48500000,116000000,0.075,116000000,48500000,32800000,0.97,0.95,0.97,864400000,848150000,864400000,980224607,20,8.45,101600000,3.185,1.0,834400000,0.538,172500000,15700000,819100000,949425000,278100000,0,0,0,576600000,421700000,154900000,964524607,-107500000,-300000,2100000,-158300000,-15900000,-172700000,-124000000,0,189100000,100000,31100000,31100000,31100000,-26200000,0,0.02,813300000,21100000,156200000,0.387,1.116,31.014,31.175,311600000,0,30.24,0.622,0.622,214900000,738900000,1549800000,1549800000,0,0.019,0.037,0.051,0.031,5500000,734800000,1.0,31895655,31895655,,48.59,1268500000,94100000,1700000,0,39.77,299500000
SCHL,MRY,2014-12-31,2014-05-31,2014-05-31,2018-03-23,-55200000,1528500000,1550675000,663000000,865500000,1.007,28.431,-316300000,20900000,20900000,725000000,44400000,1.543,0.67,135800000,15800000,120000000,135800000,19900000,61600000,0,0.018,0.575,36300000,97900000,0.063,97900000,36300000,28800000,1.39,1.36,1.39,915400000,875675000,915400000,1184144855,32,12.095,-159500000,-4.954,1.0,836500000,0.536,129800000,7500000,1083800000,977675000,256400000,0,0,0,613100000,429800000,183300000,1026444855,-66500000,-1000000,5000000,133700000,-17800000,122500000,-345700000,0,156800000,-100000,44400000,44400000,44400000,-31100000,0,0.028,826100000,10400000,137500000,0.414,1.121,23.118,22.935,465700000,0,31.88,0.657,0.657,212100000,765100000,1561500000,1561500000,0,0.029,0.051,0.037,0.023,8400000,727300000,1.0,32197141,32197141,,48.498,1398700000,85100000,-15600000,4800000,43.442,233200000
SCHL,MRY,2015-12-31,2015-05-31,2015-05-31,2018-03-23,-77000000,1822300000,1676425000,1110500000,711800000,0.976,36.764,-59300000,541300000,541300000,758500000,294600000,2.028,0.512,6000000,6000000,0,6000000,21500000,48300000,0,0.013,0.6,312800000,361100000,0.221,361100000,312800000,309000000,9.0,8.8,9.0,1204900000,990900000,1204900000,1527715234,4,4.231,107600000,3.283,1.0,877300000,0.536,123100000,3800000,616300000,957925000,257600000,0,0,0,617400000,547600000,69800000,1456815234,485900000,569400000,22500000,-129200000,-19700000,-124500000,445300000,1800000,166900000,-1800000,294600000,294600000,294600000,-279100000,0,0.18,844400000,32900000,146800000,0.067,1.209,4.945,4.939,439700000,0,44.45,0.891,0.891,193800000,1039900000,1635800000,1635800000,0,0.176,0.297,0.327,0.191,8800000,771100000,1.0,32774246,32774246,,49.911,1699200000,87500000,14400000,158800000,51.846,562900000
SCHL,MRY,2016-12-31,2016-05-31,2016-05-31,2018-03-23,-86700000,1713100000,1751000000,950100000,763000000,0.955,36.835,-60800000,409600000,409600000,762300000,40500000,2.511,0.362,6300000,6300000,0,6300000,23500000,39300000,0,0.015,0.6,67400000,106700000,0.064,106700000,67400000,65200000,1.18,1.16,1.18,1257600000,1227850000,1257600000,981040062,14,9.194,-139700000,-4.092,1.0,910500000,0.544,116200000,2200000,815300000,828525000,271200000,0,0,0,455500000,378300000,77200000,1333240062,-107100000,-6600000,30900000,1700000,-20500000,12000000,-39500000,0,-78900000,-700000,40500000,40500000,40500000,3500000,0,0.024,842900000,67600000,138200000,0.508,1.06,32.92,33.093,437600000,0,39.05,0.797,0.797,196300000,1059800000,1672800000,1672800000,0,0.023,0.033,0.081,0.04,9700000,777700000,1.0,34141871,34141871,,48.996,1596900000,68500000,24700000,1600000,46.772,571800000
SCHL,MRY,2017-12-31,2017-05-31,2017-05-31,2018-03-23,-94200000,1760400000,1822675000,970500000,789900000,0.956,37.555,-92600000,444100000,444100000,814500000,52300000,2.507,0.346,6200000,6200000,0,6200000,24200000,39100000,0,0.014,0.6,90100000,129200000,0.074,129200000,90100000,87700000,1.51,1.47,1.51,1307900000,1267675000,1307900000,1025157818,11,7.935,48800000,1.401,1.0,927100000,0.532,118900000,2400000,816500000,819350000,282500000,0,0,0,452500000,387100000,65400000,1481157818,44400000,-10100000,18500000,-1300000,-20800000,-4100000,-92800000,0,141400000,-100000,52300000,52300000,52300000,200000,0,0.03,838200000,88900000,141200000,0.397,1.132,28.32,28.166,475300000,0,42.53,0.85,0.85,199200000,1091200000,1741600000,1741600000,0,0.029,0.041,0.11,0.052,10100000,777800000,1.0,34826189,34826189,,50.008,1641500000,53700000,35400000,2800000,47.134,583400000
