ticker,dimension,calendardate,datekey,reportperiod,lastupdated,accoci,assets,assetsavg,assetsc,assetsnc,assetturnover,bvps,capex,cashneq,cashnequsd,cor,consolinc,currentratio,de,debt,debtc,debtnc,debtusd,deferredrev,depamor,deposits,divyield,dps,ebit,ebitda,ebitdamargin,ebitdausd,ebitusd,ebt,eps,epsdil,epsusd,equity,equityavg,equityusd,ev,evebit,evebitda,fcf,fcfps,fxusd,gp,grossmargin,intangibles,intexp,invcap,invcapavg,inventory,investments,investmentsc,investmentsnc,liabilities,liabilitiesc,liabilitiesnc,marketcap,ncf,ncfbus,ncfcommon,ncfdebt,ncfdiv,ncff,ncfi,ncfinv,ncfo,ncfx,netinc,netinccmn,netinccmnusd,netincdis,netincnci,netmargin,opex,opinc,payables,payoutratio,pb,pe,pe1,ppnenet,prefdivis,price,ps,ps1,receivables,retearn,revenue,revenueusd,rnd,roa,roe,roic,ros,sbcomp,sgna,sharefactor,sharesbas,shareswa,shareswadil,sps,tangibles,taxassets,taxexp,taxliabilities,tbvps,workingcapital
SCHN,MRY,2011-12-31,2011-08-31,2011-08-31,2018-04-05,1540000,1890169000,1713722250,653999000,1236170000,2.019,39.478,-104964000,49462000,49462000,3072165000,123536000,2.803,0.703,403930000,643000,403287000,403930000,0,74866000,0,0.001,0.068,183959000,258825000,0.075,258825000,183959000,175523000,4.28,4.23,4.28,1094712000,1047284500,1094712000,1693936047,9,6.545,35499000,1.284,1.0,387029000,0.112,648711000,8436000,1362613000,1263842250,335120000,17208000,0,17208000,769880000,233313000,536567000,1254846047,19120000,-295467000,-9736000,302856000,-1885000,279951000,-399901000,0,140463000,-1393000,118355000,118355000,118355000,101000,5181000,0.034,202410000,184619000,141011000,0.016,1.146,10.602,10.64,555284000,0,45.54,0.363,0.364,229975000,1065109000,3459194000,3459194000,0,0.069,0.113,0.146,0.053,12966000,205687000,1.0,27554810,27649000,27959000,125.111,1241458000,15325000,57168000,99211000,44.769,420686000
SCHN,MRY,2012-12-31,2012-08-31,2012-08-31,2018-04-05,-2589000,1763573000,1844206000,516819000,1246754000,1.812,40.364,-78560000,89863000,89863000,3079716000,28917000,2.89,0.607,335312000,683000,334629000,335312000,0,82256000,0,0.015,0.409,53323000,135579000,0.041,135579000,53323000,41443000,1.0,0.99,1.0,1080583000,1096969750,1080583000,1041830989,19,7.684,166230000,6.085,1.0,261222000,0.078,651269000,11880000,1178911000,1356268250,246992000,17126000,0,17126000,655629000,178842000,476787000,740567989,40401000,-6659000,-32586000,-68675000,-11455000,-120052000,-84266000,0,244790000,-71000,27404000,27404000,27404000,0,1513000,0.008,209022000,52200000,115007000,0.409,0.685,27.024,27.62,564185000,0,27.62,0.222,0.226,137313000,1056024000,3340938000,3340938000,0,0.015,0.025,0.039,0.016,7976000,205178000,1.0,26812744,27317000,27553000,122.303,1112304000,14033000,14039000,85485000,41.549,337977000
SCHN,MRY,2013-12-31,2013-08-31,2013-08-31,2018-04-05,-9361000,1405512000,1692479750,467230000,938282000,1.546,29.044,-90381000,13481000,13481000,2409446000,-280023000,2.812,0.804,381837000,9174000,372663000,381837000,0,83070000,0,0.03,0.75,-328762000,-245692000,-0.094,-245692000,-328762000,-338385000,-10.56,-10.56,-10.56,776558000,998866500,776558000,1047110524,-3,-4.262,-51092000,-1.917,1.0,207346000,0.079,340528000,9623000,1267206000,1311476000,236049000,14808000,0,14808000,624313000,166134000,458179000,670094524,-76382000,-27560000,316000,43435000,-20010000,-4147000,-112450000,0,39289000,926000,-281442000,-281442000,-281442000,4242000,1419000,-0.108,531630000,-324284000,96348000,-0.071,0.863,-2.381,-2.391,564426000,0,25.25,0.256,0.257,188270000,751879000,2616792000,2616792000,0,-0.166,-0.282,-0.251,-0.126,11132000,189748000,1.0,26538397,26656000,26656000,98.169,1064984000,7271000,-56943000,23317000,39.832,301096000
SCHN,MRY,2014-12-31,2014-08-31,2014-08-31,2018-04-05,-12641000,1355210000,1379735000,463932000,891278000,1.837,28.65,-39147000,25672000,25672000,2315955000,9591000,2.617,0.751,319365000,523000,318842000,319365000,0,79209000,0,0.027,0.75,19103000,98312000,0.039,98312000,19103000,8506000,0.22,0.22,0.22,770784000,766299250,770784000,1086007475,56,11.047,102105000,3.805,1.0,218971000,0.086,335738000,10597000,1135895000,1226858500,216172000,14624000,0,14624000,579233000,177270000,401963000,738971475,12191000,-5925000,240000,-63789000,-20126000,-88174000,-41231000,0,141252000,344000,5924000,5924000,5924000,2809000,3667000,0.002,194588000,24383000,103453000,3.409,0.959,124.742,125.864,523433000,0,27.69,0.292,0.293,189359000,737571000,2534926000,2534926000,0,0.004,0.008,0.016,0.008,14312000,187513000,1.0,26687305,26834000,27000000,94.467,1019472000,8621000,2582000,25948000,37.894,286662000
SCHN,MRY,2015-12-31,2015-08-31,2015-08-31,2018-04-05,-38522000,962299000,1091345000,322365000,639934000,1.755,19.775,-32297000,22755000,22755000,1742678000,-195076000,2.676,0.793,228156000,584000,227572000,228156000,0,67936000,0,0.043,0.752,-200433000,-132497000,-0.069,-132497000,-200433000,-209624000,-7.29,-7.29,-7.29,534535000,590905500,534535000,718887739,-3,-5.426,112331000,4.159,1.0,172721000,0.09,182029000,9191000,865225000,1015594000,156532000,15320000,0,15320000,423748000,120446000,303302000,464433739,-2917000,-151000,-1347000,-91545000,-20336000,-118751000,-28178000,0,144628000,-616000,-197009000,-197009000,-197009000,7227000,1933000,-0.103,365484000,-192763000,57105000,-0.103,0.869,-2.357,-2.374,427554000,0,17.31,0.242,0.244,111492000,520066000,1915399000,1915399000,0,-0.181,-0.333,-0.197,-0.105,10138000,170592000,1.0,26830372,27010000,27010000,70.914,780270000,10055000,-12615000,19286000,28.866,201919000
SCHN,MRY,2016-12-31,2016-08-31,2016-08-31,2018-04-05,-40115000,891429000,880183750,299806000,591623000,1.537,18.211,-34571000,26819000,26819000,1175988000,-17588000,2.243,0.784,192518000,8374000,184144000,192518000,0,54630000,0,0.04,0.75,-9785000,44845000,0.033,44845000,-9785000,-18674000,-0.71,-0.71,-0.71,497721000,494218250,497721000,698700252,-71,15.58,64669000,2.375,1.0,176555000,0.131,171778000,8889000,751696000,776362500,132972000,13616000,0,13616000,389997000,133654000,256343000,503000252,4064000,-11000,-3479000,-36651000,-20444000,-64913000,-30476000,0,99240000,213000,-19409000,-19409000,-19409000,1348000,1821000,-0.014,183990000,-7435000,58439000,-1.056,1.011,-25.916,-26.451,392820000,0,18.78,0.372,0.378,113952000,480100000,1352543000,1352543000,0,-0.022,-0.039,-0.013,-0.007,10437000,148908000,1.0,26783826,27229000,27229000,49.673,719651000,1254000,735000,16682000,26.331,166152000
SCHN,MRY,2017-12-31,2017-08-31,2017-08-31,2018-04-05,-35293000,933755000,913581000,337950000,595805000,1.847,19.297,-44940000,7287000,7287000,1464508000,46978000,1.917,0.743,145124000,721000,144403000,145124000,0,49840000,0,0.028,0.75,53914000,103754000,0.061,103754000,53914000,45833000,1.62,1.58,1.62,533586000,508862000,533586000,897081422,16,8.646,55430000,2.013,1.0,223083000,0.132,172259000,8081000,723073000,768189250,166942000,11204000,0,11204000,396262000,176260000,220002000,727847422,-19532000,405000,0,-48533000,-20396000,-74674000,-45394000,-6017000,100370000,166000,44511000,44511000,44511000,390000,2467000,0.026,169986000,53097000,94674000,0.463,1.364,16.352,16.605,390629000,0,26.9,0.431,0.439,138998000,503770000,1687591000,1687591000,0,0.049,0.087,0.07,0.032,10847000,171570000,1.0,27057525,27537000,28141000,61.284,761496000,2366000,1322000,19156000,27.54,161690000
