ticker,dimension,calendardate,datekey,reportperiod,lastupdated,accoci,assets,assetsavg,assetsc,assetsnc,assetturnover,bvps,capex,cashneq,cashnequsd,cor,consolinc,currentratio,de,debt,debtc,debtnc,debtusd,deferredrev,depamor,deposits,divyield,dps,ebit,ebitda,ebitdamargin,ebitdausd,ebitusd,ebt,eps,epsdil,epsusd,equity,equityavg,equityusd,ev,evebit,evebitda,fcf,fcfps,fxusd,gp,grossmargin,intangibles,intexp,invcap,invcapavg,inventory,investments,investmentsc,investmentsnc,liabilities,liabilitiesc,liabilitiesnc,marketcap,ncf,ncfbus,ncfcommon,ncfdebt,ncfdiv,ncff,ncfi,ncfinv,ncfo,ncfx,netinc,netinccmn,netinccmnusd,netincdis,netincnci,netmargin,opex,opinc,payables,payoutratio,pb,pe,pe1,ppnenet,prefdivis,price,ps,ps1,receivables,retearn,revenue,revenueusd,rnd,roa,roe,roic,ros,sbcomp,sgna,sharefactor,sharesbas,shareswa,shareswadil,sps,tangibles,taxassets,taxexp,taxliabilities,tbvps,workingcapital
SCS,MRY,2011-12-31,2011-02-25,2011-02-25,2018-04-10,600000,1996500000,1760350000,1012300000,984200000,1.384,5.399,-1100000,142200000,142200000,1719600000,20400000,1.374,1.779,546800000,255500000,291300000,546800000,0,64400000,18000000,0.016,0.16,70700000,135100000,0.055,135100000,70700000,51400000,0.15,0.15,0.15,718400000,694600000,718400000,1476996298,20,10.933,71600000,0.538,1.0,717500000,0.294,196500000,19300000,1467800000,1169725000,127100000,396000000,350800000,45200000,1278100000,736800000,541300000,1297396298,31100000,29800000,-10800000,243100000,-21600000,211100000,-254300000,-276400000,72700000,1600000,20400000,20400000,20400000,0,0,0.008,666000000,51500000,195000000,1.067,1.806,63.598,65.0,345800000,0,9.75,0.532,0.532,271000000,649100000,2437100000,2437100000,0,0.012,0.029,0.06,0.029,7400000,661200000,1.0,133066287,133066287,,18.315,1800000000,190200000,31000000,0,13.527,275500000
SCS,MRY,2012-12-31,2012-02-24,2012-02-24,2018-04-10,800000,1678900000,1785375000,702100000,976800000,1.54,5.422,-53200000,112100000,112100000,1939800000,56700000,1.52,1.446,291500000,2600000,288900000,291500000,0,56400000,15000000,0.026,0.24,107600000,164000000,0.06,164000000,107600000,82000000,0.43,0.43,0.43,686500000,699950000,686500000,1344519453,12,8.198,48500000,0.383,1.0,809700000,0.294,195400000,25600000,1201000000,1287400000,139500000,126800000,79100000,47700000,992400000,461900000,530500000,1167319453,-30100000,-20900000,-47700000,-256000000,-31700000,-334300000,203200000,270300000,101700000,-700000,56700000,56700000,56700000,0,0,0.021,712600000,97100000,191300000,0.558,1.7,20.588,21.442,346900000,0,9.22,0.425,0.425,271400000,652000000,2749500000,2749500000,0,0.032,0.081,0.084,0.039,11600000,708300000,1.0,126607316,126607316,,21.717,1483500000,152800000,25300000,0,11.717,240200000
SCS,MRY,2013-12-31,2013-02-22,2013-02-22,2018-04-10,-4200000,1689600000,1704700000,778600000,911000000,1.683,5.337,-58500000,150400000,150400000,2002700000,38800000,1.606,1.529,289000000,2600000,286400000,289000000,0,58300000,13500000,0.026,0.36,72700000,131000000,0.046,131000000,72700000,54900000,0.3,0.3,0.3,668000000,687975000,668000000,1879819654,25,14.35,128800000,1.029,1.0,866000000,0.302,140600000,17800000,1202800000,1209750000,137500000,153800000,100500000,53300000,1021600000,484800000,536800000,1726019654,38300000,-6200000,-19900000,-2300000,-45800000,-64200000,-85500000,-16000000,187300000,700000,38800000,38800000,38800000,0,0,0.014,806700000,59300000,198600000,1.2,2.584,44.485,45.967,353200000,0,13.79,0.602,0.602,287300000,645000000,2868700000,2868700000,0,0.023,0.056,0.06,0.025,9600000,727000000,1.0,125164587,125164587,,22.919,1549000000,157900000,16100000,0,12.376,293800000
SCS,MRY,2014-12-31,2014-02-28,2014-02-28,2018-04-10,800000,1726700000,1702100000,889900000,836800000,1.756,5.459,-77300000,201800000,201800000,2043700000,87700000,1.653,1.55,287000000,2600000,284400000,287000000,0,60000000,16000000,0.027,0.4,165000000,225000000,0.075,225000000,165000000,147200000,0.7,0.69,0.7,677100000,663925000,677100000,1982462680,12,8.811,101500000,0.818,1.0,945200000,0.316,124700000,17800000,1149000000,1190550000,151500000,172500000,119500000,53000000,1049600000,538200000,511400000,1844462680,51400000,0,-49900000,-2000000,-50200000,-101600000,-25200000,-24400000,178800000,-600000,87700000,87700000,87700000,0,0,0.029,779300000,165900000,212500000,0.571,2.724,21.032,21.243,377000000,0,14.87,0.617,0.617,306800000,676300000,2988900000,2988900000,0,0.052,0.132,0.139,0.055,16800000,757000000,1.0,124039185,124039185,,24.096,1602000000,141100000,59500000,0,12.915,351700000
SCS,MRY,2015-12-31,2015-02-27,2015-02-27,2018-04-10,-29400000,1719600000,1703600000,808600000,911000000,1.796,5.465,-77800000,176500000,176500000,2143700000,86100000,1.487,1.591,282100000,2500000,279600000,282100000,0,59900000,25100000,0.023,0.43,154700000,214600000,0.07,214600000,154700000,137000000,0.69,0.68,0.69,663800000,673750000,663800000,2430071356,15,11.324,6400000,0.053,1.0,916000000,0.299,121900000,17700000,1159600000,1180875000,166200000,127400000,68300000,59100000,1055800000,543700000,512100000,2273871356,-25300000,0,-36300000,-2600000,-52500000,-89800000,-14300000,57700000,84200000,-5400000,86100000,86100000,86100000,0,0,0.028,771100000,144900000,215000000,0.623,3.426,26.41,27.13,389500000,0,18.72,0.743,0.743,325600000,688200000,3059700000,3059700000,0,0.051,0.128,0.131,0.051,18400000,768000000,1.0,121467487,121467487,,25.189,1597700000,146500000,50900000,0,13.153,264900000
SCS,MRY,2016-12-31,2016-02-26,2016-02-26,2018-04-10,-39600000,1808600000,1745600000,823900000,984700000,1.753,6.022,-93400000,181900000,181900000,2088800000,170300000,1.478,1.454,299100000,2500000,296600000,299100000,0,65700000,18600000,0.036,0.449,192400000,258100000,0.084,258100000,192400000,174800000,1.37,1.36,1.37,736900000,699075000,736900000,1684221812,8,6.525,93000000,0.76,1.0,971200000,0.317,120100000,17600000,1248200000,1222625000,159400000,135100000,84100000,51000000,1071700000,557500000,514200000,1534421812,5400000,11100000,-56400000,16300000,-57000000,-90100000,-87800000,-10600000,186400000,-3100000,170300000,170300000,170300000,0,0,0.056,796600000,174600000,209600000,0.328,2.082,9.01,9.153,411600000,0,12.54,0.501,0.501,322700000,776500000,3060000000,3060000000,0,0.098,0.244,0.157,0.063,21000000,790000000,1.0,122362186,122362186,,25.008,1688500000,211600000,4500000,0,13.799,266400000
SCS,MRY,2017-12-31,2017-02-24,2017-02-24,2018-04-10,-50600000,1792000000,1743650000,819200000,972800000,1.739,6.533,-61100000,197100000,197100000,2022000000,124600000,1.565,1.338,297400000,2800000,294600000,297400000,0,60300000,15900000,0.03,0.48,213500000,273800000,0.09,273800000,213500000,196300000,1.03,1.03,1.03,766500000,748325000,766500000,2029436837,9,7.412,109600000,0.934,1.0,1010400000,0.333,123500000,17200000,1245400000,1276375000,163100000,123900000,73400000,50500000,1025500000,523400000,502100000,1871236837,15200000,-4000000,-48400000,-2300000,-58500000,-105900000,-48400000,14000000,170700000,-1200000,124600000,124600000,124600000,0,0,0.041,810200000,200200000,216800000,0.466,2.441,15.018,15.485,408100000,0,15.95,0.617,0.617,307600000,817100000,3032400000,3032400000,0,0.071,0.167,0.167,0.07,19800000,809300000,1.0,117318924,117318924,,25.847,1668500000,179600000,71700000,0,14.222,295800000
SCS,MRY,2018-12-31,2018-02-23,2018-02-23,2018-04-10,-10300000,1859200000,1803950000,853900000,1005300000,1.694,7.003,-87900000,283100000,283100000,2049400000,80700000,1.539,1.286,295000000,2800000,292200000,295000000,0,65900000,28200000,0.035,0.508,179000000,244900000,0.08,244900000,179000000,161500000,0.68,0.68,0.68,813300000,802725000,813300000,1752900369,9,7.158,139100000,1.198,1.0,1006100000,0.329,183800000,17500000,1132600000,1252125000,184600000,48400000,0,48400000,1045900000,554700000,491200000,1701400369,86000000,-49300000,-33800000,-2700000,-61000000,-97500000,-47500000,73500000,227000000,4000000,80700000,80700000,80700000,0,0,0.026,850100000,156000000,223100000,0.747,2.092,21.083,21.544,435100000,0,14.65,0.557,0.557,300300000,819000000,3055500000,3055500000,0,0.045,0.101,0.143,0.059,19100000,850100000,1.0,116136544,116136544,,26.31,1675400000,135400000,80800000,0,14.426,299200000
