ticker,dimension,calendardate,datekey,reportperiod,lastupdated,accoci,assets,assetsavg,assetsc,assetsnc,assetturnover,bvps,capex,cashneq,cashnequsd,cor,consolinc,currentratio,de,debt,debtc,debtnc,debtusd,deferredrev,depamor,deposits,divyield,dps,ebit,ebitda,ebitdamargin,ebitdausd,ebitusd,ebt,eps,epsdil,epsusd,equity,equityavg,equityusd,ev,evebit,evebitda,fcf,fcfps,fxusd,gp,grossmargin,intangibles,intexp,invcap,invcapavg,inventory,investments,investmentsc,investmentsnc,liabilities,liabilitiesc,liabilitiesnc,marketcap,ncf,ncfbus,ncfcommon,ncfdebt,ncfdiv,ncff,ncfi,ncfinv,ncfo,ncfx,netinc,netinccmn,netinccmnusd,netincdis,netincnci,netmargin,opex,opinc,payables,payoutratio,pb,pe,pe1,ppnenet,prefdivis,price,ps,ps1,receivables,retearn,revenue,revenueusd,rnd,roa,roe,roic,ros,sbcomp,sgna,sharefactor,sharesbas,shareswa,shareswadil,sps,tangibles,taxassets,taxexp,taxliabilities,tbvps,workingcapital
SEAC,MRY,2011-12-31,2012-01-31,2012-01-31,2018-04-16,-9774000,298852000,301326500,169519000,129333000,0.547,6.549,-1512000,81785000,81785000,71507000,-4014000,2.548,0.417,0,0,0,0,35735000,11706000,3067000,0.0,0.0,-2133000,9573000,0.058,9573000,-2133000,-2133000,-0.13,-0.13,-0.13,210938000,215879750,210938000,160510278,-75,16.767,12867000,0.401,1.0,93285000,0.566,66846000,0,83693000,69554000,10218000,15008000,7855000,7153000,87914000,66528000,21386000,232368278,7440000,-4935000,1787000,0,0,1787000,-8627000,-421000,14379000,-99000,-4014000,-4014000,-4014000,611000,0,-0.024,89052000,4233000,8214000,0.0,1.102,-57.889,-55.231,20162000,0,7.18,1.41,1.398,46774000,6507000,164792000,164792000,39210000,-0.013,-0.019,-0.031,-0.013,2988000,39723000,1.0,32363270,32093000,32093000,5.135,232006000,2065000,1881000,7545000,7.204,102991000
SEAC,MRY,2012-12-31,2013-01-31,2013-01-31,2018-04-16,-1826000,264676000,259995500,171582000,93094000,0.605,6.257,-3972000,107659000,107659000,73897000,-19165000,3.139,0.309,0,0,0,0,30603000,11066000,4268000,0.0,0.0,-20720000,-9654000,-0.061,-9654000,-20720000,-20720000,-0.59,-0.59,-0.59,202201000,195265750,202201000,272864519,-13,-28.264,13385000,0.412,1.0,83291000,0.53,62617000,0,39740000,52197750,7372000,16170000,6050000,10120000,62475000,54660000,7815000,360045519,26136000,-8175000,-4009000,0,0,-4009000,12994000,-543000,17357000,-206000,-19165000,-19165000,-19165000,16366000,0,-0.122,80430000,2861000,7846000,0.0,1.781,-18.787,-18.898,18399000,0,11.15,2.291,2.305,40157000,-12658000,157188000,157188000,38667000,-0.074,-0.098,-0.397,-0.132,5929000,33072000,1.0,32291078,32494000,32494000,4.837,202059000,324000,-1555000,5038000,6.253,116922000
SEAC,MRY,2013-12-31,2014-01-31,2014-01-31,2018-04-16,-2132000,254113000,255625000,168877000,85236000,0.572,6.202,-2315000,115734000,115734000,67120000,-3030000,3.927,0.243,0,0,0,0,25628000,9019000,0,0.0,0.0,-2975000,6044000,0.041,6044000,-2975000,-2975000,-0.09,-0.09,-0.09,204441000,203127750,204441000,277749749,-93,45.955,5049000,0.154,1.0,79199000,0.541,58005000,0,37372000,36735500,6632000,13420000,5555000,7865000,49672000,43002000,6670000,392795749,9013000,-4009000,1058000,0,0,1058000,520000,1886000,7364000,71000,-3030000,-3030000,-3030000,803000,0,-0.021,78179000,1020000,6640000,0.0,1.921,-129.636,-132.889,18530000,0,11.96,2.685,2.674,35714000,-15688000,146319000,146319000,39657000,-0.012,-0.015,-0.081,-0.02,2959000,32636000,1.0,32842454,32718000,32718000,4.472,196108000,0,55000,4136000,5.949,125875000
SEAC,MRY,2014-12-31,2015-01-31,2015-01-31,2018-04-16,-5754000,212351000,225563000,136048000,76303000,0.512,5.235,-1873000,91092000,91092000,58328000,-27484000,3.883,0.241,0,0,0,0,17398000,8837000,0,0.0,0.0,-28590000,-19753000,-0.171,-19753000,-28590000,-28590000,-0.84,-0.84,-0.84,171051000,181863250,171051000,135542127,-4,-6.862,-15212000,-0.464,1.0,57107000,0.495,48322000,0,37903000,38443000,2864000,17360000,7516000,9844000,41300000,35034000,6266000,230114127,-25715000,-2500000,-5504000,0,0,-5504000,-8156000,-4012000,-13339000,1284000,-27484000,-27484000,-27484000,-5000,0,-0.238,80481000,-23374000,5129000,0.0,1.345,-8.373,-8.405,15869000,0,7.06,1.993,2.004,31550000,-43172000,115435000,115435000,42169000,-0.122,-0.151,-0.744,-0.248,3220000,29934000,1.0,32594069,32772000,32772000,3.522,164029000,0,-1106000,4773000,5.02,101014000
SEAC,MRY,2015-12-31,2016-01-31,2016-01-31,2018-04-16,-6613000,177669000,198483750,102839000,74830000,0.539,3.887,-3837000,58815000,58815000,60153000,-47697000,2.394,0.356,0,0,0,0,16201000,8160000,0,0.0,0.0,-48726000,-40566000,-0.379,-40566000,-48726000,-48726000,-1.42,-1.42,-1.42,131018000,152284250,131018000,151549230,-3,-3.736,-22499000,-0.671,1.0,46839000,0.438,44301000,0,31601000,31882250,1682000,14768000,1504000,13264000,46651000,42952000,3699000,209579230,-31204000,-11686000,193000,0,0,192000,-13046000,2474000,-18662000,312000,-47697000,-47697000,-47697000,0,0,-0.446,91566000,-44727000,6132000,0.0,1.6,-4.394,-4.38,14129000,0,6.22,1.959,1.948,37011000,-90869000,106992000,106992000,33696000,-0.24,-0.313,-1.528,-0.455,3552000,30667000,1.0,33694410,33506000,33506000,3.193,133368000,0,-1029000,2598000,3.957,59887000
SEAC,MRY,2016-12-31,2017-01-31,2017-01-31,2018-04-16,-5371000,116067000,144202500,69365000,46702000,0.581,1.975,-683000,28411000,28411000,39490000,-71249000,2.529,0.669,0,0,0,0,12517000,6255000,0,0.0,0.0,-56618000,-50363000,-0.601,-50363000,-56618000,-56618000,-2.04,-2.04,-2.04,69536000,98098750,69536000,57609077,-1,-1.144,-29021000,-0.83,1.0,44305000,0.529,25890000,0,34343000,33579750,770000,12244000,5253000,6991000,46531000,27423000,19108000,85201077,-30404000,-5243000,60000,0,0,-123000,-3872000,1997000,-28338000,1929000,-71249000,-71249000,-71249000,0,0,-0.85,95713000,-51408000,4978000,0.0,1.225,-1.196,-1.186,11485000,0,2.42,1.017,1.01,32538000,-162118000,83795000,83795000,30093000,-0.494,-0.726,-1.686,-0.676,2621000,32331000,1.0,35207057,34970000,34970000,2.396,90177000,0,14631000,18578000,2.561,41942000
SEAC,MRY,2017-12-31,2018-01-31,2018-01-31,2018-04-16,-5434000,119330000,110453000,77513000,41817000,0.727,2.414,-526000,43661000,43661000,26323000,13498000,2.636,0.392,0,0,0,0,11598000,4696000,0,0.0,0.0,1226000,5922000,0.074,5922000,1226000,1226000,0.38,0.38,0.38,85720000,69873500,85720000,91064890,74,15.377,12421000,0.351,1.0,53944000,0.672,26882000,0,19379000,28902250,666000,8440000,3991000,4449000,33610000,29408000,4202000,118227890,15250000,0,54000,0,0,-87000,6011000,6301000,12947000,-3621000,13498000,13498000,13498000,0,0,0.168,56661000,-2717000,2431000,0.0,1.379,8.759,8.763,9471000,0,3.33,1.473,1.469,25638000,-148620000,80267000,80267000,23162000,0.122,0.193,0.042,0.015,2696000,27285000,1.0,35503871,35412000,35685000,2.267,92448000,0,-12272000,4202000,2.604,48105000
