ticker,dimension,calendardate,datekey,reportperiod,lastupdated,accoci,assets,assetsavg,assetsc,assetsnc,assetturnover,bvps,capex,cashneq,cashnequsd,cor,consolinc,currentratio,de,debt,debtc,debtnc,debtusd,deferredrev,depamor,deposits,divyield,dps,ebit,ebitda,ebitdamargin,ebitdausd,ebitusd,ebt,eps,epsdil,epsusd,equity,equityavg,equityusd,ev,evebit,evebitda,fcf,fcfps,fxusd,gp,grossmargin,intangibles,intexp,invcap,invcapavg,inventory,investments,investmentsc,investmentsnc,liabilities,liabilitiesc,liabilitiesnc,marketcap,ncf,ncfbus,ncfcommon,ncfdebt,ncfdiv,ncff,ncfi,ncfinv,ncfo,ncfx,netinc,netinccmn,netinccmnusd,netincdis,netincnci,netmargin,opex,opinc,payables,payoutratio,pb,pe,pe1,ppnenet,prefdivis,price,ps,ps1,receivables,retearn,revenue,revenueusd,rnd,roa,roe,roic,ros,sbcomp,sgna,sharefactor,sharesbas,shareswa,shareswadil,sps,tangibles,taxassets,taxexp,taxliabilities,tbvps,workingcapital
SENEA,MRY,2011-12-31,2011-03-31,2011-03-31,2018-01-25,-13981000,744708000,831048750,556267000,188441000,1.431,30.15,-19473000,4762000,4762000,1096360000,17671000,2.127,1.105,232619000,142559000,90060000,232619000,0,22581000,0,0.0,0.0,32294000,54875000,0.046,54875000,32294000,23467000,1.45,1.45,1.45,353832000,347820750,353832000,625259297,19,11.394,-2509000,-0.214,1.0,93225000,0.078,0,8827000,711010000,746954750,455236000,0,0,0,390876000,261555000,129321000,350543297,-2659000,-20348000,0,18507000,0,18953000,-38576000,0,16964000,0,17671000,17671000,17671000,0,0,0.015,60931000,32294000,64369000,0.0,0.991,19.837,20.6,188012000,0,29.87,0.295,0.295,78536000,266849000,1189585000,1189585000,0,0.021,0.051,0.043,0.027,0,60421000,1.0,11735631,11735631,,101.365,744708000,7623000,5796000,3666000,63.457,294712000
SENEA,MRY,2012-12-31,2012-03-31,2012-03-31,2018-01-25,-23319000,738036000,837542750,543250000,194786000,1.502,30.274,-27425000,9420000,9420000,1164986000,11256000,4.597,1.081,234209000,7336000,226873000,234209000,0,22691000,0,0.0,0.0,25623000,48314000,0.038,48314000,25623000,17521000,0.93,0.92,0.93,354673000,353995250,354673000,599083553,23,12.4,14457000,1.234,1.0,92819000,0.074,0,8102000,844657000,908789750,432433000,10000000,10000000,0,383363000,118168000,265195000,308579553,4658000,0,-1178000,1590000,0,-841000,-36383000,-10000000,41882000,0,11256000,11256000,11256000,0,0,0.009,67196000,25623000,61074000,0.0,0.87,27.415,28.323,192825000,0,26.34,0.245,0.245,77105000,278082000,1257805000,1257805000,0,0.013,0.032,0.028,0.02,0,67971000,1.0,11715245,11715245,,107.365,738036000,9356000,6265000,0,62.998,425082000
SENEA,MRY,2013-12-31,2013-03-31,2013-03-31,2018-01-25,-22548000,798456000,851851250,606773000,191683000,1.498,33.988,-17047000,14104000,14104000,1134985000,41413000,3.795,1.175,270186000,40170000,230016000,270186000,0,23251000,0,0.0,0.0,70934000,94185000,0.074,94185000,70934000,63448000,3.59,3.57,3.59,367166000,360764500,367166000,614122739,8,6.52,13283000,1.23,1.0,141312000,0.111,0,7486000,894664000,878146500,479730000,0,0,0,431290000,159874000,271416000,356713739,4684000,-5016000,-28447000,14241000,0,-13953000,-11693000,10000000,30330000,0,41413000,41413000,41413000,0,0,0.032,70378000,70934000,72128000,0.0,0.972,8.614,9.198,188407000,0,33.02,0.279,0.279,78240000,319472000,1276297000,1276297000,0,0.049,0.115,0.081,0.056,0,68852000,1.0,10802960,10802960,,118.143,798456000,11497000,22035000,4100000,73.911,446899000
SENEA,MRY,2014-12-31,2014-03-31,2014-03-31,2018-01-25,-11252000,768853000,880620500,584059000,184794000,1.522,36.645,-17027000,13839000,13839000,1247943000,13779000,4.449,0.953,230771000,14532000,216239000,230771000,0,23281000,0,0.0,0.0,24906000,48187000,0.036,48187000,24906000,17342000,1.24,1.23,1.24,393632000,379458000,393632000,593211142,23,12.311,38601000,3.594,1.0,92265000,0.069,0,7564000,854497000,921443250,451250000,0,0,0,375221000,131288000,243933000,338147142,-265000,0,-674000,-39415000,0,-39864000,-16029000,0,55628000,0,13779000,13779000,13779000,0,0,0.01,67359000,24906000,71219000,0.0,0.859,24.541,25.387,183917000,0,31.48,0.252,0.252,76964000,333228000,1340208000,1340208000,0,0.016,0.036,0.027,0.019,0,70129000,1.0,10741650,10741650,,124.767,768853000,8412000,3563000,1252000,71.577,452771000
SENEA,MRY,2015-12-31,2015-03-31,2015-03-31,2018-01-25,-31804000,806448000,881570250,588047000,218401000,1.459,32.771,-26213000,10608000,10608000,1201987000,9899000,4.723,1.293,284067000,12433000,271634000,284067000,0,21834000,0,0.0,0.0,20982000,42816000,0.033,42816000,20982000,14120000,0.91,0.9,0.91,351730000,378423500,351730000,599724098,28,14.007,-6781000,-0.632,1.0,84363000,0.066,0,6862000,955405000,974419000,472412000,0,0,0,454718000,124502000,330216000,319954098,-3231000,0,-33506000,53296000,0,19455000,-42118000,-16242000,19432000,0,9899000,9899000,9899000,0,0,0.008,64009000,20354000,68859000,0.0,0.91,32.322,32.758,185557000,0,29.81,0.249,0.249,70591000,343104000,1286350000,1286350000,0,0.011,0.026,0.022,0.016,0,67381000,1.0,10733113,10733113,,119.849,806448000,21826000,4221000,1787000,75.136,463545000
SENEA,MRY,2016-12-31,2016-03-31,2016-03-31,2018-01-25,-28396000,895327000,930609000,673887000,221440000,1.37,41.036,-9864000,8602000,8602000,1127965000,54458000,1.687,1.21,321172000,280217000,40955000,321172000,0,21737000,0,0.0,0.0,88501000,110238000,0.086,110238000,88501000,80457000,5.46,5.42,5.46,405174000,377264750,405174000,672899338,7,6.104,29294000,2.967,1.0,147395000,0.116,0,8044000,808439000,823327500,567707000,0,0,0,490153000,399458000,90695000,343012338,-2006000,-38795000,-6252000,13049000,0,6469000,-47633000,0,39158000,0,54458000,54458000,54458000,0,0,0.043,58846000,88549000,67410000,0.0,0.847,6.299,6.363,188837000,0,34.74,0.269,0.269,76788000,397539000,1275360000,1275360000,0,0.059,0.144,0.107,0.069,0,73515000,1.0,9873700,9873700,,129.167,895327000,12897000,25999000,2974000,90.678,274429000
SENEA,MRY,2017-12-31,2017-03-31,2017-03-31,2018-01-25,-11175000,946019000,1004856250,688270000,257749000,1.24,44.499,-32139000,11992000,11992000,1139298000,12613000,5.203,1.178,371832000,8500000,363332000,371832000,0,24824000,0,0.0,0.0,29699000,54523000,0.044,54523000,29699000,20027000,1.27,1.27,1.27,434261000,416689250,434261000,724026936,24,13.279,-7815000,-0.801,1.0,106383000,0.085,0,9672000,1173582000,1156087500,598056000,0,0,0,511758000,132277000,379481000,352299936,3390000,0,-2807000,15101000,0,10778000,-31712000,0,24324000,0,12613000,12613000,12613000,0,0,0.01,77262000,29121000,72824000,0.0,0.811,27.931,28.425,237476000,0,36.1,0.283,0.283,72080000,410129000,1245681000,1245681000,0,0.013,0.03,0.026,0.024,0,72996000,1.0,9759001,9759001,,127.644,946019000,2471000,7414000,4181000,96.938,555993000
