ticker,dimension,calendardate,datekey,reportperiod,lastupdated,accoci,assets,assetsavg,assetsc,assetsnc,assetturnover,bvps,capex,cashneq,cashnequsd,cor,consolinc,currentratio,de,debt,debtc,debtnc,debtusd,deferredrev,depamor,deposits,divyield,dps,ebit,ebitda,ebitdamargin,ebitdausd,ebitusd,ebt,eps,epsdil,epsusd,equity,equityavg,equityusd,ev,evebit,evebitda,fcf,fcfps,fxusd,gp,grossmargin,intangibles,intexp,invcap,invcapavg,inventory,investments,investmentsc,investmentsnc,liabilities,liabilitiesc,liabilitiesnc,marketcap,ncf,ncfbus,ncfcommon,ncfdebt,ncfdiv,ncff,ncfi,ncfinv,ncfo,ncfx,netinc,netinccmn,netinccmnusd,netincdis,netincnci,netmargin,opex,opinc,payables,payoutratio,pb,pe,pe1,ppnenet,prefdivis,price,ps,ps1,receivables,retearn,revenue,revenueusd,rnd,roa,roe,roic,ros,sbcomp,sgna,sharefactor,sharesbas,shareswa,shareswadil,sps,tangibles,taxassets,taxexp,taxliabilities,tbvps,workingcapital
SIGM,MRY,2011-12-31,2012-01-28,2012-01-28,2018-04-24,603000,297224000,375602000,143469000,153755000,0.486,7.678,-14239000,46052000,46052000,105241000,-168045000,4.412,0.196,0,0,0,0,0,28952000,0,0.0,0.0,-173011000,-144059000,-0.789,-144059000,-173011000,-173011000,-5.25,-5.25,-5.25,248475000,321907750,248475000,136369055,0,-0.947,-26385000,-0.824,1.0,77376000,0.424,45656000,0,172997000,191495750,22037000,113599000,42134000,71465000,48749000,32519000,16230000,190789055,-28449000,-5000000,5377000,0,0,7315000,-23441000,-4049000,-12146000,-177000,-168045000,-168045000,-168045000,0,0,-0.92,253091000,-175715000,8438000,0.0,0.768,-1.135,-1.128,19609000,0,5.92,1.045,1.039,21180000,-126433000,182617000,182617000,86517000,-0.447,-0.522,-0.903,-0.947,11682000,55296000,1.0,32227881,32036000,32036000,5.7,251568000,21427000,-4966000,14671000,7.774,110950000
SIGM,MRY,2012-12-31,2013-02-02,2013-02-02,2018-04-24,1090000,220831000,269032500,136465000,84366000,0.805,4.804,-17629000,52987000,52987000,125588000,-101768000,3.426,0.363,0,0,0,0,0,23870000,0,0.0,0.0,-81021000,-57151000,-0.264,-57151000,-81021000,-81021000,-3.06,-3.06,-3.06,162018000,205436000,162018000,125230727,-1,-2.191,-32274000,-0.972,1.0,91025000,0.42,36573000,0,91434000,118800000,24929000,40651000,17455000,23196000,58813000,39837000,18976000,176330727,6935000,-38210000,4574000,0,0,4229000,17100000,72939000,-14645000,251000,-101768000,-101768000,-101768000,0,0,-0.47,174371000,-83346000,11046000,0.0,1.088,-1.733,-1.722,17106000,0,5.27,0.814,0.808,21648000,-228201000,216613000,216613000,103478000,-0.378,-0.495,-0.682,-0.374,10595000,62449000,1.0,33459341,33205000,33205000,6.524,184258000,8549000,20747000,18527000,5.464,96628000
SIGM,MRY,2013-12-31,2014-02-01,2014-02-01,2018-04-24,651000,215775000,218656000,134155000,81620000,0.911,4.599,-19886000,66101000,66101000,91052000,-11049000,3.173,0.362,0,0,0,0,0,20154000,0,0.0,0.0,-8099000,12055000,0.061,12055000,-8099000,-8099000,-0.32,-0.32,-0.32,158391000,157770750,158391000,110188945,-13,9.141,-41320000,-1.208,1.0,108141000,0.543,29780000,0,77609000,85623250,20403000,27169000,7791000,19378000,57384000,42285000,15099000,162285945,13108000,0,2622000,0,0,1047000,-9140000,10746000,-21434000,-233000,-11049000,-11049000,-11049000,0,0,-0.055,116634000,-8493000,16184000,0.0,1.025,-14.688,-14.656,27089000,0,4.69,0.815,0.805,27647000,-239250000,199193000,199193000,73162000,-0.051,-0.07,-0.095,-0.041,6814000,41277000,1.0,34602547,34206000,34206000,5.823,185995000,4583000,2950000,8041000,5.401,91870000
SIGM,MRY,2014-12-31,2015-01-31,2015-01-31,2018-04-24,-1111000,205333000,202580500,149233000,56100000,0.93,4.09,-12334000,83902000,83902000,92967000,-21701000,2.931,0.433,0,0,0,0,0,21708000,0,0.0,0.0,-16708000,5000000,0.027,5000000,-16708000,-16708000,-0.63,-0.63,-0.63,143290000,146380500,143290000,139398861,-8,27.88,3342000,0.096,1.0,95346000,0.506,24642000,0,45882000,57809750,20445000,13863000,6347000,7516000,62043000,50907000,11136000,222194861,19176000,0,2314000,0,0,2083000,1795000,12754000,15676000,-378000,-21701000,-21701000,-21701000,0,0,-0.115,113223000,-17877000,21207000,0.0,1.551,-10.239,-10.095,21594000,0,6.36,1.18,1.172,26415000,-260951000,188313000,188313000,67482000,-0.107,-0.148,-0.289,-0.089,6279000,41931000,1.0,34936299,34693000,34693000,5.428,180691000,4006000,4993000,8314000,5.157,98326000
SIGM,MRY,2015-12-31,2016-01-30,2016-01-30,2018-04-24,-1875000,216669000,213485000,140651000,76018000,0.589,4.181,-6504000,64690000,64690000,71228000,158000,2.92,0.418,0,0,0,0,0,21972000,0,0.0,0.0,7349000,29321000,0.233,29321000,7349000,7349000,0.0,0.0,0.0,152805000,150897250,152805000,174112276,23,5.938,-5722000,-0.159,1.0,54523000,0.434,48118000,0,55688000,68538750,26709000,11216000,4805000,6411000,63864000,48173000,15691000,241676276,-19712000,-19310000,3781000,0,0,3562000,-23713000,2601000,782000,-343000,158000,158000,158000,-21241000,0,0.001,72896000,-18373000,26181000,,1.582,1529.597,,14086000,0,6.63,1.922,1.892,30362000,-260793000,125751000,125751000,53943000,0.001,0.001,0.107,0.058,6559000,26077000,1.0,36451927,35890000,36669000,3.504,168551000,911000,7191000,11668000,4.612,92478000
SIGM,MRY,2016-12-31,2017-01-28,2017-01-28,2018-04-24,-2178000,201807000,213449750,133533000,68274000,0.63,3.778,-18991000,64425000,64425000,78936000,-18315000,3.713,0.406,0,0,0,0,0,20739000,0,0.0,0.0,-11668000,9071000,0.067,9071000,-11668000,-11668000,-0.49,-0.49,-0.49,143546000,147156500,143546000,176908964,-15,19.503,-7273000,-0.194,1.0,55471000,0.413,38899000,0,62519000,60914500,9463000,6781000,4781000,2000000,58261000,35964000,22297000,242057964,2635000,289000,3489000,0,0,2854000,-11513000,3584000,11718000,-424000,-18315000,-18315000,-18315000,-15132000,0,-0.136,82566000,-27095000,8312000,0.0,1.686,-13.216,-13.061,11258000,0,6.4,1.801,1.782,19986000,-222735000,134407000,134407000,57277000,-0.086,-0.124,-0.192,-0.087,6505000,24141000,1.0,37821557,37429000,37429000,3.591,162908000,0,6647000,14437000,4.288,97569000
SIGM,MRY,2017-12-31,2018-02-03,2018-02-03,2018-04-24,18000,96097000,159972000,80045000,16052000,0.412,1.028,-19308000,38628000,38628000,41446000,-120041000,2.16,1.395,0,0,0,0,0,13699000,0,0.0,0.0,-115163000,-101464000,-1.54,-101464000,-115163000,-115163000,-3.12,-3.12,-3.12,40120000,102166500,40120000,145468738,-1,-1.434,-39700000,-1.03,1.0,24459000,0.371,2551000,0,17863000,30803000,3038000,0,0,0,55977000,37055000,18922000,215012738,-25798000,0,4811000,0,0,4398000,-9853000,6987000,-20392000,49000,-120041000,-120041000,-120041000,937000,0,-1.821,141807000,-117348000,9333000,0.0,5.359,-1.791,-1.779,4339000,0,5.55,3.262,3.244,9715000,-337860000,65905000,65905000,52656000,-0.75,-1.175,-3.739,-1.747,5419000,29473000,1.0,38741034,38527000,38527000,1.711,93546000,0,4878000,11625000,2.397,42990000
