ticker,dimension,calendardate,datekey,reportperiod,lastupdated,accoci,assets,assetsavg,assetsc,assetsnc,assetturnover,bvps,capex,cashneq,cashnequsd,cor,consolinc,currentratio,de,debt,debtc,debtnc,debtusd,deferredrev,depamor,deposits,divyield,dps,ebit,ebitda,ebitdamargin,ebitdausd,ebitusd,ebt,eps,epsdil,epsusd,equity,equityavg,equityusd,ev,evebit,evebitda,fcf,fcfps,fxusd,gp,grossmargin,intangibles,intexp,invcap,invcapavg,inventory,investments,investmentsc,investmentsnc,liabilities,liabilitiesc,liabilitiesnc,marketcap,ncf,ncfbus,ncfcommon,ncfdebt,ncfdiv,ncff,ncfi,ncfinv,ncfo,ncfx,netinc,netinccmn,netinccmnusd,netincdis,netincnci,netmargin,opex,opinc,payables,payoutratio,pb,pe,pe1,ppnenet,prefdivis,price,ps,ps1,receivables,retearn,revenue,revenueusd,rnd,roa,roe,roic,ros,sbcomp,sgna,sharefactor,sharesbas,shareswa,shareswadil,sps,tangibles,taxassets,taxexp,taxliabilities,tbvps,workingcapital
SMED,MRY,2011-12-31,2011-06-30,2011-06-30,2018-05-04,0,30598000,31236500,24175000,6423000,0.621,1.729,-851000,18280000,18280000,13171000,-2975000,6.122,0.183,0,0,0,0,2125000,1003000,0,0.0,0.0,-4491000,-3488000,-0.18,-3488000,-4491000,-4491000,-0.2,-0.2,-0.2,25865000,26337250,25865000,46011607,-10,-13.191,-816000,-0.055,1.0,6224000,0.321,325000,0,8044000,8708750,1770000,0,0,0,4733000,3949000,784000,62847607,212000,0,49000,0,0,1028000,-851000,0,35000,0,-2975000,-2975000,-2975000,0,0,-0.153,10760000,-4536000,965000,0.0,2.43,-21.125,-21.0,5350000,0,4.2,3.24,3.24,3065000,4112000,19395000,19395000,0,-0.095,-0.113,-0.516,-0.232,-108000,9837000,1.0,14963716,14963716,,1.296,30273000,951000,-1516000,0,2.023,20226000
SMED,MRY,2012-12-31,2012-06-30,2012-06-30,2018-05-04,0,27638000,29984000,22542000,5096000,0.727,1.534,-621000,17498000,17498000,15246000,-3621000,5.729,0.192,0,0,0,0,2239000,1117000,0,0.0,0.0,-2498000,-1381000,-0.063,-1381000,-2498000,-2498000,-0.24,-0.24,-0.24,23180000,25142000,23180000,34723652,-13,-25.144,-932000,-0.062,1.0,6541000,0.3,464000,0,5741000,7615750,2219000,0,0,0,4458000,3935000,523000,51305652,-782000,0,65000,0,0,150000,-621000,0,-311000,0,-3621000,-3621000,-3621000,0,0,-0.166,9062000,-2521000,752000,0.0,2.213,-14.169,-14.083,4632000,0,3.38,2.355,2.344,2215000,491000,21787000,21787000,0,-0.121,-0.144,-0.328,-0.115,701000,8609000,1.0,15179187,15109000,15109000,1.442,27174000,0,1123000,0,1.799,18607000
SMED,MRY,2013-12-31,2013-06-30,2013-06-30,2018-05-04,0,25532000,26728500,20424000,5108000,0.806,1.381,-1131000,15614000,15614000,15183000,-2712000,5.402,0.212,0,0,0,0,1930000,1103000,0,0.0,0.0,-2697000,-1594000,-0.074,-1594000,-2697000,-2697000,-0.18,-0.18,-0.18,21070000,21945250,21070000,24084179,-8,-15.109,-2083000,-0.137,1.0,6347000,0.295,668000,0,5469000,5696750,1632000,0,0,0,4462000,3781000,681000,40163179,-1995000,0,88000,0,0,88000,-1131000,0,-952000,0,-2712000,-2712000,-2712000,0,0,-0.126,9056000,-2709000,1085000,0.0,1.906,-14.809,-14.556,4440000,0,2.62,1.865,1.856,2595000,-2221000,21530000,21530000,0,-0.101,-0.124,-0.473,-0.125,514000,8619000,1.0,15329458,15255000,15255000,1.411,24864000,0,15000,0,1.63,16643000
SMED,MRY,2014-12-31,2014-06-30,2014-06-30,2018-05-04,0,26461000,25694750,21888000,4573000,1.034,1.433,-570000,13828000,13828000,17581000,956000,5.472,0.208,0,0,0,0,1861000,1105000,0,0.0,0.0,989000,2094000,0.079,2094000,989000,989000,0.06,0.06,0.06,21904000,21042250,21904000,52638820,53,25.138,-1226000,-0.08,1.0,8989000,0.338,715000,0,7918000,6045250,1320000,0,0,0,4557000,4000000,557000,67179820,-1786000,0,-560000,0,0,-560000,-570000,0,-656000,0,956000,956000,956000,0,0,0.036,8024000,965000,1617000,0.0,3.067,70.272,73.333,3858000,0,4.4,2.528,2.532,6266000,-1265000,26570000,26570000,0,0.037,0.045,0.164,0.037,438000,9100000,1.0,15268141,15289000,15401000,1.738,25746000,0,33000,0,1.684,17888000
SMED,MRY,2015-12-31,2015-06-30,2015-06-30,2018-05-04,0,29751000,27966000,25222000,4529000,1.105,1.539,-733000,15157000,15157000,19907000,1160000,4.505,0.261,0,0,0,0,2360000,830000,0,0.0,0.0,1272000,2102000,0.068,2102000,1272000,1272000,0.08,0.07,0.08,23586000,22570750,23586000,90730597,71,43.164,1429000,0.093,1.0,10995000,0.356,666000,0,8329000,6490250,2738000,0,0,0,6165000,5599000,566000,106882597,1440000,0,11000,0,0,11000,-733000,0,2162000,0,1160000,1160000,1160000,0,0,0.038,9759000,1236000,1770000,0.0,4.532,92.14,86.875,3810000,0,6.95,3.459,3.447,6647000,-105000,30902000,30902000,0,0.041,0.051,0.196,0.041,511000,9496000,1.0,15378791,15327000,15564000,2.016,29085000,0,112000,0,1.898,19623000
SMED,MRY,2016-12-31,2016-06-30,2016-06-30,2018-05-04,0,30147000,30311500,22863000,7284000,1.101,1.543,-1926000,12435000,12435000,22272000,13000,4.06,0.264,0,0,0,0,2960000,816000,0,0.0,0.0,37000,853000,0.026,853000,37000,37000,0.0,0.0,0.0,23843000,24016750,23843000,54356860,1469,63.724,-738000,-0.048,1.0,11111000,0.333,2168000,0,9913000,8671000,3919000,0,0,0,6304000,5631000,673000,67802860,-2722000,-1552000,-432000,0,0,-432000,-3478000,0,1188000,0,13000,13000,13000,0,0,0.0,11106000,5000,1620000,,2.844,5215.605,,5032000,0,4.39,2.031,2.031,5814000,-92000,33383000,33383000,0,0.0,0.001,0.004,0.001,676000,10812000,1.0,15444843,15448000,15838000,2.161,27979000,0,24000,0,1.811,17232000
SMED,MRY,2017-12-31,2017-06-30,2017-06-30,2018-05-04,0,34464000,35190500,17020000,17444000,1.085,1.585,-2626000,4675000,4675000,26351000,-1293000,2.606,0.363,2603000,601000,2002000,2603000,2899000,1485000,0,0.0,0.0,-1174000,311000,0.008,311000,-1174000,-1289000,-0.08,-0.08,-0.08,25287000,25000750,25287000,64739044,-55,208.164,-3204000,-0.201,1.0,11837000,0.31,10781000,115000,15079000,13663750,4098000,0,0,0,9177000,6532000,2645000,67706044,-7760000,-7314000,342000,2416000,0,2758000,-9940000,0,-578000,0,-1293000,-1293000,-1293000,0,0,-0.034,13024000,-1187000,1710000,0.0,2.678,-52.364,-52.875,6543000,0,4.23,1.773,1.767,7553000,-1385000,38188000,38188000,0,-0.037,-0.052,-0.086,-0.031,496000,12223000,1.0,16006157,15949000,15949000,2.394,23683000,0,4000,0,1.485,10488000
