ticker,dimension,calendardate,datekey,reportperiod,lastupdated,accoci,assets,assetsavg,assetsc,assetsnc,assetturnover,bvps,capex,cashneq,cashnequsd,cor,consolinc,currentratio,de,debt,debtc,debtnc,debtusd,deferredrev,depamor,deposits,divyield,dps,ebit,ebitda,ebitdamargin,ebitdausd,ebitusd,ebt,eps,epsdil,epsusd,equity,equityavg,equityusd,ev,evebit,evebitda,fcf,fcfps,fxusd,gp,grossmargin,intangibles,intexp,invcap,invcapavg,inventory,investments,investmentsc,investmentsnc,liabilities,liabilitiesc,liabilitiesnc,marketcap,ncf,ncfbus,ncfcommon,ncfdebt,ncfdiv,ncff,ncfi,ncfinv,ncfo,ncfx,netinc,netinccmn,netinccmnusd,netincdis,netincnci,netmargin,opex,opinc,payables,payoutratio,pb,pe,pe1,ppnenet,prefdivis,price,ps,ps1,receivables,retearn,revenue,revenueusd,rnd,roa,roe,roic,ros,sbcomp,sgna,sharefactor,sharesbas,shareswa,shareswadil,sps,tangibles,taxassets,taxexp,taxliabilities,tbvps,workingcapital
SMG,MRY,2011-12-31,2011-09-30,2011-09-30,2018-05-09,-78000000,2052200000,2477300000,992500000,1059700000,1.13,8.906,-72500000,130900000,130900000,1790500000,167900000,2.118,2.666,795000000,3200000,791800000,795000000,0,61700000,0,0.024,1.05,301600000,363300000,0.13,363300000,301600000,250600000,2.6,2.54,2.6,559800000,698825000,559800000,3423252534,11,9.423,49600000,0.789,1.0,1009200000,0.36,628700000,51000000,1619000000,1733725000,387000000,0,0,0,1492400000,468600000,1023800000,2803352534,42800000,226000000,-327200000,177700000,-67900000,-230700000,153500000,0,122100000,-2100000,167900000,167900000,167900000,-28000000,0,0.06,734400000,274800000,150000000,0.404,5.008,16.697,17.154,394700000,0,44.6,1.001,1.001,323500000,599200000,2799700000,2799700000,0,0.068,0.24,0.174,0.108,16000000,686300000,1.0,62855438,62855438,,44.542,1423500000,0,82700000,0,22.647,523900000
SMG,MRY,2012-12-31,2012-09-30,2012-09-30,2018-05-09,-87300000,2074400000,2423125000,1000000000,1074400000,1.143,9.842,-68700000,131900000,131900000,1813900000,106500000,2.306,2.446,782600000,1500000,781100000,782600000,0,62400000,0,0.028,1.23,236100000,298500000,0.108,298500000,236100000,174300000,1.75,1.71,1.75,601900000,582450000,601900000,3297381140,13,11.047,84700000,1.385,1.0,956600000,0.345,616500000,61800000,1675000000,2012325000,414900000,0,0,0,1472500000,433600000,1038900000,2658481140,1000000,-7000000,100000,-10600000,-75400000,-79300000,-75700000,0,153400000,2600000,106500000,106500000,106500000,5100000,0,0.038,715400000,241200000,152300000,0.703,4.417,24.962,24.84,427400000,0,43.47,0.96,0.96,330900000,630200000,2770500000,2770500000,0,0.044,0.183,0.117,0.085,12500000,703300000,1.0,61156686,61156686,,45.302,1457900000,0,67800000,0,23.839,566400000
SMG,MRY,2013-12-31,2013-09-30,2013-09-30,2018-05-09,-77800000,1937200000,2331125000,881000000,1056200000,1.19,11.482,-56500000,129800000,129800000,1795500000,161100000,1.728,1.727,570500000,92400000,478100000,570500000,0,66100000,0,0.032,1.755,312200000,378300000,0.136,378300000,312200000,253000000,2.61,2.57,2.61,710500000,643250000,710500000,4013442752,12,10.609,285500000,4.614,1.0,978200000,0.353,599500000,59200000,1268600000,1862850000,324900000,0,0,0,1226700000,509800000,716900000,3405242752,-2100000,-7700000,13300000,-208100000,-87800000,-280600000,-64200000,0,342000000,700000,161100000,161100000,161100000,-1700000,0,0.058,667700000,310500000,137700000,0.672,4.793,21.137,21.084,422300000,0,55.03,1.228,1.228,313300000,703400000,2773700000,2773700000,0,0.069,0.25,0.168,0.113,10300000,659600000,1.0,61879752,61879752,,44.824,1337700000,0,91900000,0,21.618,371200000
SMG,MRY,2014-12-31,2014-09-30,2014-09-30,2018-05-09,-86200000,2058300000,2448825000,935000000,1123300000,1.053,9.046,-83900000,89300000,89300000,1688200000,166200000,1.717,2.693,784300000,91900000,692400000,784300000,0,64400000,0,0.069,3.77,294000000,358400000,0.139,358400000,294000000,246700000,2.7,2.65,2.7,553700000,651475000,553700000,4048632225,13,11.296,157000000,2.565,1.0,890100000,0.345,653600000,47300000,1555000000,1876450000,385100000,0,0,0,1491100000,544700000,946400000,3366632225,-40500000,-106800000,-100000000,206700000,-230800000,-124300000,-155600000,35100000,240900000,-1500000,166500000,166500000,166500000,-20700000,-300000,0.065,606400000,283700000,193300000,1.396,6.08,20.22,20.37,437000000,0,55.0,1.306,1.306,337700000,636900000,2578300000,2578300000,0,0.068,0.256,0.157,0.114,11100000,567100000,1.0,61211495,61211495,,42.121,1404700000,0,80200000,0,22.948,390300000
SMG,MRY,2015-12-31,2015-09-30,2015-09-30,2018-05-09,-106800000,2527200000,2705075000,1119200000,1408000000,0.877,10.131,-56200000,71400000,71400000,1560300000,158700000,1.809,3.052,1157600000,132600000,1025000000,1157600000,0,69000000,0,0.03,1.82,284900000,353900000,0.149,353900000,284900000,236100000,2.62,2.57,2.62,620700000,575900000,620700000,4701002024,16,13.283,190700000,3.113,1.0,810800000,0.342,938900000,48800000,2055900000,2231650000,395800000,0,0,0,1894100000,618600000,1275500000,3726102024,-17900000,-180200000,9500000,376500000,-111300000,278900000,-536400000,0,246900000,-7300000,159800000,159800000,159800000,-30000000,-1100000,0.067,557000000,253800000,193100000,0.695,6.003,23.317,23.214,444100000,0,60.82,1.571,1.571,310600000,684200000,2371100000,2371100000,0,0.059,0.277,0.128,0.12,13200000,488800000,1.0,61264420,61264420,,38.703,1588300000,0,76300000,0,25.925,500600000
SMG,MRY,2016-12-31,2016-09-30,2016-09-30,2018-05-09,-116900000,2755800000,3102375000,1032900000,1722900000,0.808,11.801,-55900000,28600000,28600000,1605900000,314800000,1.461,2.826,1215900000,185000000,1030900000,1215900000,0,73500000,0,0.023,1.91,515800000,589300000,0.235,589300000,515800000,452900000,5.16,5.09,5.16,715200000,679325000,715200000,6482336729,12,11.0,181500000,2.995,1.0,900300000,0.359,1061900000,62900000,2174100000,2810700000,394700000,101000000,0,101000000,2021500000,707100000,1314400000,5046736729,-21300000,11500000,-116100000,115900000,-116600000,-122200000,-134400000,-90000000,237400000,-2100000,315300000,315300000,315300000,-68700000,-500000,0.126,452700000,447600000,131200000,0.37,7.056,16.006,16.138,444900000,0,83.27,2.014,2.014,301700000,881800000,2506200000,2506200000,0,0.102,0.464,0.184,0.206,15600000,518000000,1.0,60606902,60606902,,41.352,1693900000,0,137600000,0,27.949,325800000
SMG,MRY,2017-12-31,2017-09-30,2017-09-30,2018-05-09,-69200000,2747000000,3224675000,881700000,1865300000,0.819,11.107,-63900000,120500000,120500000,1669500000,218800000,1.619,3.214,1401100000,143100000,1258000000,1401100000,0,80100000,0,0.021,2.03,411000000,491100000,0.186,491100000,411000000,334900000,3.68,3.63,3.68,648800000,659475000,648800000,7275452437,17,14.815,290100000,4.967,1.0,972600000,0.368,1190500000,76100000,2292600000,3022375000,407500000,31100000,0,31100000,2085300000,544500000,1540800000,5685752437,70400000,116000000,-235000000,52300000,-120300000,-307600000,22400000,-29700000,354000000,1600000,218300000,218300000,218300000,-20500000,500000,0.083,539200000,433400000,153100000,0.552,8.763,26.046,26.451,467700000,0,97.34,2.152,2.152,286600000,978200000,2642100000,2642100000,0,0.068,0.331,0.136,0.156,25200000,550900000,1.0,58411264,58411264,,45.233,1556500000,0,116600000,0,26.647,337200000
