ticker,dimension,calendardate,datekey,reportperiod,lastupdated,accoci,assets,assetsavg,assetsc,assetsnc,assetturnover,bvps,capex,cashneq,cashnequsd,cor,consolinc,currentratio,de,debt,debtc,debtnc,debtusd,deferredrev,depamor,deposits,divyield,dps,ebit,ebitda,ebitdamargin,ebitdausd,ebitusd,ebt,eps,epsdil,epsusd,equity,equityavg,equityusd,ev,evebit,evebitda,fcf,fcfps,fxusd,gp,grossmargin,intangibles,intexp,invcap,invcapavg,inventory,investments,investmentsc,investmentsnc,liabilities,liabilitiesc,liabilitiesnc,marketcap,ncf,ncfbus,ncfcommon,ncfdebt,ncfdiv,ncff,ncfi,ncfinv,ncfo,ncfx,netinc,netinccmn,netinccmnusd,netincdis,netincnci,netmargin,opex,opinc,payables,payoutratio,pb,pe,pe1,ppnenet,prefdivis,price,ps,ps1,receivables,retearn,revenue,revenueusd,rnd,roa,roe,roic,ros,sbcomp,sgna,sharefactor,sharesbas,shareswa,shareswadil,sps,tangibles,taxassets,taxexp,taxliabilities,tbvps,workingcapital
SMI,MRY,2011-12-31,2011-12-31,2011-12-31,2018-04-28,0,3727929000,3815310500,861513000,2866416000,0.346,0.818,-958338000,398522000,398522000,1217525000,-246880000,0.688,0.66,930760000,829839000,100921000,930760000,0,518840000,0,0.0,0.0,-164377000,354463000,0.269,354463000,-164377000,-164377000,-0.5,-0.5,-0.5,2244816000,2207176500,2244816000,1577354364,-9,4.45,-541736000,-0.197,1.0,101941000,0.077,179279000,0,2829564000,2727447500,207308000,17829000,1973000,15856000,1481931000,1251324000,230607000,1284700996,-255418000,-35329000,3525000,-42967000,0,268855000,-903641000,3743000,416602000,1225000,-246880000,-246880000,-246880000,-14741000,0,-0.187,292657000,-190716000,375748000,0.0,0.572,-5.204,-4.7,2516578000,0,2.35,0.974,4.886,200905000,-1889807000,1319466000,1319466000,191473000,-0.065,-0.112,-0.06,-0.125,5336000,89994000,0.2,2733406374,2743585392,2743585392,0.481,3548650000,31787000,82503000,1396000,1.293,-389811000
SMI,MRY,2012-12-31,2012-12-31,2012-12-31,2018-04-28,0,4073160000,3900544500,1269987000,2803173000,0.436,0.828,-439369000,576093000,576093000,1352835000,22541000,1.146,0.79,1125814000,597202000,528612000,1125814000,0,531823000,0,0.0,0.0,13439000,545262000,0.32,545262000,13439000,13439000,0.0,0.0,0.0,2275500000,2260158000,2275500000,1932425591,143,3.544,39064000,0.014,1.0,348763000,0.205,235378000,0,3279417000,3054490500,295728000,40366000,18730000,21636000,1796708000,1108086000,688622000,1401871479,96990000,0,669000,183432000,0,184101000,-522277000,-17619000,478433000,-115000,22541000,22541000,22541000,0,0,0.013,313250000,35513000,423952000,,0.616,62.192,,2385435000,0,2.55,0.824,4.119,328211000,-1867036000,1701598000,1701598000,193569000,0.006,0.01,0.004,0.008,7174000,138798000,0.2,2748767606,2748767606,,0.619,3837782000,43380000,-9102000,2761000,1.396,161901000
SMI,MRY,2013-12-31,2013-12-31,2013-12-31,2018-04-28,0,4523392000,4298276000,1563241000,2960151000,0.481,0.776,-771617000,610108000,610108000,1630528000,174467000,1.666,0.777,1172085000,390547000,781538000,1172085000,0,501923000,0,0.0,0.0,178597000,680520000,0.329,680520000,178597000,178597000,0.05,0.05,0.05,2483772000,2379636000,2483772000,3045731890,17,4.476,3928000,0.001,1.0,438436000,0.212,351990000,0,3794842000,3537129500,286251000,269511000,240311000,29200000,1930210000,938537000,991673000,2496010890,104007000,50944000,3229000,62229000,0,173458000,-807467000,-219419000,775545000,-14000,174467000,174467000,174467000,0,0,0.084,251349000,187087000,393890000,0.0,1.005,14.306,78.0,2528834000,0,3.9,1.206,6.032,379361000,-1693859000,2068964000,2068964000,145314000,0.041,0.073,0.05,0.086,16402000,173905000,0.2,3200013962,3200013962,,0.647,4171402000,43890000,4130000,325000,1.304,624704000
SMI,MRY,2014-12-31,2014-12-31,2014-12-31,2018-04-28,0,5769379000,5146385500,2298259000,3471120000,0.383,0.918,-650631000,841087000,841087000,1486514000,126261000,1.998,0.835,1289227000,162054000,1127173000,1289227000,0,506366000,0,0.0,0.0,138050000,644416000,0.327,644416000,138050000,138050000,0.25,0.2,0.25,2948415000,2716093500,2948415000,3464929561,25,5.377,-39291000,-0.012,1.0,483452000,0.245,343153000,0,4724125000,4259483500,316041000,701702000,644071000,57631000,2461657000,1150241000,1311416000,2902952561,140662000,-936000,279663000,120249000,0,676683000,-1144123000,-444145000,611340000,-109000,126261000,126261000,126261000,0,0,0.064,353207000,130245000,794361000,0.0,0.985,22.992,18.08,2995086000,0,4.52,1.474,7.368,456388000,-1540890000,1969966000,1969966000,189733000,0.025,0.046,0.032,0.07,18388000,177680000,0.2,3211230710,3211230710,,0.613,5426226000,44383000,11789000,172000,1.69,1148018000
SMI,MRY,2015-12-31,2015-12-31,2015-12-31,2018-04-28,0,7115347000,6442363000,2590050000,4525297000,0.347,1.04,-1181571000,1307617000,1307617000,1553795000,222323000,1.466,0.784,1416402000,507159000,909243000,1416402000,0,473008000,0,0.0,0.0,230864000,703872000,0.315,703872000,230864000,230864000,0.35,0.3,0.35,3729856000,3339135500,3729856000,4069605712,17,5.782,-491376000,-0.137,1.0,682620000,0.305,315309000,0,5141632000,4932878500,387326000,481857000,282880000,198977000,2925092000,1767191000,1157901000,3621465712,416719000,907000,517550000,-112554000,0,537078000,-789556000,209145000,690195000,-14554000,222323000,222323000,222323000,0,0,0.099,460616000,222004000,1047766000,0.0,0.971,16.289,14.429,3903818000,0,5.05,1.619,8.097,499846000,-1287479000,2236415000,2236415000,237157000,0.035,0.067,0.047,0.103,18329000,255053000,0.2,3585609616,3585609616,,0.624,6800038000,44942000,8541000,7648000,1.896,822859000
SMI,MRY,2016-12-31,2016-12-31,2016-12-31,2018-04-28,0,10115278000,8615312500,3683753000,6431525000,0.338,0.987,-2583132000,2463710000,2463710000,2064499000,316434000,1.86,1.135,3105801000,693416000,2412385000,3105801000,0,673161000,0,0.0,0.0,309882000,983043000,0.337,983043000,309882000,309882000,0.45,0.4,0.45,4150674000,3940265000,4150674000,6520824341,21,6.633,-1589222000,-0.378,1.0,849681000,0.292,347848000,0,8428621000,6785126500,464216000,306118000,31543000,274575000,4712051000,1980900000,2731151000,6412039341,1148647000,-65666000,17610000,1765914000,0,2614778000,-2443333000,170851000,993910000,-27837000,316434000,316434000,316434000,0,0,0.109,510475000,339206000,940553000,0.0,1.545,20.263,16.933,5687357000,0,7.62,2.2,11.001,645822000,-910849000,2914180000,2914180000,318247000,0.037,0.08,0.046,0.106,14210000,192405000,0.2,4207374896,4207374896,,0.693,9767430000,45981000,-6552000,15842000,2.322,1702853000
SMI,MRY,2017-12-31,2017-12-31,2017-12-31,2018-04-28,0,11918451000,11016864500,4168984000,7749467000,0.281,1.215,-1642768000,2174343000,2174343000,2360431000,126423000,2.186,1.005,3315711000,441352000,2874359000,3315711000,0,906034000,0,0.0,0.0,128269000,1034303000,0.334,1034303000,128269000,128269000,0.2,0.2,0.2,5168960000,4659817000,5168960000,7923093907,61,7.66,-546984000,-0.129,1.0,740744000,0.239,317421000,0,10835619000,9632120000,622679000,1504770000,683812000,820958000,5197116000,1906779000,3290337000,7281002907,-309862000,1283000,343456000,569785000,0,1271591000,-2662139000,-1110747000,1095784000,22151000,126423000,126423000,126423000,0,0,0.041,615849000,124895000,1050460000,0.0,1.409,57.592,42.8,6523403000,0,8.56,2.348,11.739,616308000,187008000,3101175000,3101175000,427111000,0.011,0.027,0.013,0.041,18214000,233695000,0.2,4252922259,4252922259,,0.729,11601030000,44875000,1846000,16682000,2.728,2262205000
