ticker,dimension,calendardate,datekey,reportperiod,lastupdated,accoci,assets,assetsavg,assetsc,assetsnc,assetturnover,bvps,capex,cashneq,cashnequsd,cor,consolinc,currentratio,de,debt,debtc,debtnc,debtusd,deferredrev,depamor,deposits,divyield,dps,ebit,ebitda,ebitdamargin,ebitdausd,ebitusd,ebt,eps,epsdil,epsusd,equity,equityavg,equityusd,ev,evebit,evebitda,fcf,fcfps,fxusd,gp,grossmargin,intangibles,intexp,invcap,invcapavg,inventory,investments,investmentsc,investmentsnc,liabilities,liabilitiesc,liabilitiesnc,marketcap,ncf,ncfbus,ncfcommon,ncfdebt,ncfdiv,ncff,ncfi,ncfinv,ncfo,ncfx,netinc,netinccmn,netinccmnusd,netincdis,netincnci,netmargin,opex,opinc,payables,payoutratio,pb,pe,pe1,ppnenet,prefdivis,price,ps,ps1,receivables,retearn,revenue,revenueusd,rnd,roa,roe,roic,ros,sbcomp,sgna,sharefactor,sharesbas,shareswa,shareswadil,sps,tangibles,taxassets,taxexp,taxliabilities,tbvps,workingcapital
SMRT,MRY,2011-12-31,2012-01-28,2012-01-28,2018-05-04,-1419000,479583000,489527000,347024000,132559000,2.406,5.842,-38012000,94053000,94053000,858335000,19931000,1.993,0.921,0,0,0,0,0,18614000,0,0.0,0.0,32432000,51046000,0.043,51046000,32432000,32146000,0.45,0.44,0.45,249671000,251322750,249671000,216980033,6,4.251,26572000,0.611,1.0,319616000,0.271,0,286000,211404000,202224500,218832000,0,0,0,229912000,174126000,55786000,319475033,14335000,0,-9250000,-3362000,0,-12237000,-38012000,0,64584000,0,19931000,19931000,19931000,0,0,0.017,287184000,32432000,106063000,0.0,1.28,16.029,16.333,109990000,0,7.35,0.271,0.271,0,235386000,1177951000,1177951000,0,0.041,0.079,0.16,0.028,3009000,287184000,1.0,43465991,43482000,43721000,27.091,479583000,0,12215000,0,11.222,172898000
SMRT,MRY,2012-12-31,2013-02-02,2013-02-02,2018-05-04,-469000,491709000,524809500,333433000,158276000,2.348,5.482,-45426000,67233000,67233000,889736000,25027000,1.692,1.101,0,0,0,0,0,23911000,0,0.113,1.0,36223000,60134000,0.049,60134000,36223000,35998000,0.57,0.57,0.57,234034000,253998500,234034000,268994452,7,4.473,25913000,0.608,1.0,342630000,0.278,0,225000,227395000,217453500,243345000,0,0,0,257675000,197081000,60594000,385717452,-26820000,0,-3468000,-6066000,-43839000,-52733000,-45426000,0,71339000,0,25027000,25027000,25027000,0,0,0.02,306407000,36223000,130972000,1.754,1.648,15.412,15.509,131570000,0,8.84,0.313,0.306,0,216574000,1232366000,1232366000,0,0.048,0.099,0.167,0.029,5053000,306407000,1.0,43633196,42639000,42828000,28.902,491709000,0,10971000,0,11.518,136352000
SMRT,MRY,2013-12-31,2014-02-01,2014-02-01,2018-05-04,-261000,524258000,531908500,357171000,167087000,2.376,6.097,-36266000,66854000,66854000,896218000,25555000,1.82,0.983,0,0,0,0,0,27752000,0,0.016,0.2,40833000,68585000,0.054,68585000,40833000,40568000,0.58,0.57,0.58,264401000,256158250,264401000,491780271,12,7.17,3800000,0.088,1.0,367353000,0.291,0,265000,261191000,251825250,261517000,0,0,0,259857000,196213000,63644000,551297271,-379000,0,3542000,-2197000,-6658000,-4179000,-36266000,0,40066000,0,25555000,25555000,25555000,0,0,0.02,326520000,40833000,131338000,0.345,2.085,21.573,21.345,139673000,0,12.38,0.436,0.422,0,235471000,1263571000,1263571000,0,0.048,0.1,0.162,0.032,6586000,326520000,1.0,44531282,43053000,43778000,29.349,524258000,0,15013000,0,12.089,160958000
SMRT,MRY,2014-12-31,2015-01-31,2015-01-31,2018-05-04,-432000,549827000,568284250,370277000,179550000,2.319,6.49,-40231000,65314000,65314000,930941000,26906000,1.859,0.93,0,0,0,0,0,29116000,0,0.02,0.275,44709000,73825000,0.056,73825000,44709000,44443000,0.6,0.59,0.6,284938000,276910000,284938000,553497105,12,7.497,12200000,0.278,1.0,386736000,0.293,0,266000,285376000,276473750,285623000,0,0,0,264889000,199137000,65752000,618379105,-1540000,0,-3276000,0,-12295000,-13629000,-40342000,0,52431000,0,26906000,26906000,26906000,0,0,0.02,342027000,44709000,129924000,0.458,2.17,22.983,22.933,148782000,0,13.76,0.469,0.458,0,250046000,1317677000,1317677000,0,0.047,0.097,0.162,0.034,7467000,342027000,1.0,44940342,43850000,44749000,30.05,549827000,0,17537000,0,12.524,171140000
SMRT,MRY,2015-12-31,2016-01-30,2016-01-30,2018-05-04,-279000,516225000,539611000,324024000,192201000,2.52,1.7,-44365000,11830000,11830000,974614000,23711000,1.731,5.764,190150000,10000000,180150000,190150000,0,29873000,0,0.72,5.3,41563000,71436000,0.053,71436000,41563000,38280000,0.52,0.51,0.52,76317000,73326000,76317000,513902342,12,7.194,-6463000,-0.144,1.0,385287000,0.283,0,3283000,507405000,476580500,293608000,0,0,0,439908000,187140000,252768000,336195342,-53484000,0,-2227000,189853000,-239089000,-47531000,-43855000,0,37902000,0,23711000,23711000,23711000,0,0,0.017,343724000,41563000,105569000,10.192,4.405,14.179,14.154,162954000,0,7.36,0.247,0.242,0,33337000,1359901000,1359901000,0,0.044,0.323,0.087,0.031,6230000,343724000,1.0,45678715,44754000,45953000,30.386,516225000,0,14569000,0,11.496,136884000
SMRT,MRY,2016-12-31,2017-01-28,2017-01-28,2018-05-04,-304000,527849000,555623250,331963000,195886000,2.449,1.528,-42378000,10604000,10604000,1001539000,401000,1.683,6.513,181792000,10000000,171792000,181792000,0,32600000,0,0.082,0.3,3566000,36166000,0.027,36166000,3566000,-318000,0.01,0.01,0.01,70260000,81340000,70260000,336887904,94,9.315,17819000,0.389,1.0,358979000,0.264,0,3884000,501846000,485106750,291110000,0,0,0,457589000,197191000,260398000,171174904,-1226000,0,403000,-8400000,-14700000,-22611000,-38812000,0,60197000,0,401000,401000,401000,0,0,0.0,355413000,3566000,114419000,30.0,2.436,426.87,365.0,165542000,0,3.65,0.126,0.123,0,19853000,1360518000,1360518000,0,0.001,0.005,0.007,0.003,6963000,355413000,1.0,46897234,45785000,46597000,29.715,527849000,0,-719000,0,11.48,134772000
SMRT,MRY,2017-12-31,2018-02-03,2018-02-03,2018-05-04,-246000,480932000,514885750,304831000,176101000,2.561,1.039,-21244000,10400000,10400000,987692000,-24324000,1.457,8.96,156125000,13738000,142387000,156125000,0,32333000,0,0.116,0.075,-31234000,1099000,0.001,1099000,-31234000,-36022000,-0.52,-0.52,-0.52,48287000,57052250,48287000,168552224,-5,153.369,26468000,0.571,1.0,330941000,0.251,0,4788000,417473000,442321250,270237000,0,0,0,432645000,209184000,223461000,30977224,-204000,0,80000,-25873000,-3639000,-29432000,-18484000,0,47712000,0,-24324000,-24324000,-24324000,0,0,-0.018,362175000,-31234000,119388000,-0.144,0.642,-1.274,-1.242,151128000,0,0.646,0.023,0.023,0,-7949000,1318633000,1318633000,0,-0.047,-0.426,-0.071,-0.024,5691000,362175000,1.0,47952360,46342000,46342000,28.454,480932000,0,-11698000,0,10.344,95647000
