ticker,dimension,calendardate,datekey,reportperiod,lastupdated,accoci,assets,assetsavg,assetsc,assetsnc,assetturnover,bvps,capex,cashneq,cashnequsd,cor,consolinc,currentratio,de,debt,debtc,debtnc,debtusd,deferredrev,depamor,deposits,divyield,dps,ebit,ebitda,ebitdamargin,ebitdausd,ebitusd,ebt,eps,epsdil,epsusd,equity,equityavg,equityusd,ev,evebit,evebitda,fcf,fcfps,fxusd,gp,grossmargin,intangibles,intexp,invcap,invcapavg,inventory,investments,investmentsc,investmentsnc,liabilities,liabilitiesc,liabilitiesnc,marketcap,ncf,ncfbus,ncfcommon,ncfdebt,ncfdiv,ncff,ncfi,ncfinv,ncfo,ncfx,netinc,netinccmn,netinccmnusd,netincdis,netincnci,netmargin,opex,opinc,payables,payoutratio,pb,pe,pe1,ppnenet,prefdivis,price,ps,ps1,receivables,retearn,revenue,revenueusd,rnd,roa,roe,roic,ros,sbcomp,sgna,sharefactor,sharesbas,shareswa,shareswadil,sps,tangibles,taxassets,taxexp,taxliabilities,tbvps,workingcapital
SMTC,MRY,2011-12-31,2012-01-29,2012-01-29,2018-03-22,535000,726321000,720466750,427312000,299009000,0.667,9.717,-21518000,227022000,227022000,194956000,89087000,6.38,0.153,0,0,0,0,3853000,21013000,0,0.0,0.0,94179000,115192000,0.24,115192000,94179000,94179000,1.37,1.32,1.37,630188000,612141000,630188000,1702545545,18,14.78,78314000,1.203,1.0,285645000,0.594,196371000,0,235946000,280186000,46995000,100643000,83121000,17522000,96133000,66982000,29151000,1885685545,108003000,0,-8004000,0,0,-5725000,13900000,38418000,99832000,-4000,89087000,89087000,89087000,0,0,0.185,192059000,93586000,26699000,0.0,2.992,21.167,21.146,69713000,0,28.97,3.924,3.924,49644000,496363000,480601000,480601000,80577000,0.124,0.146,0.336,0.196,21741000,100629000,1.0,65090975,65099000,67350000,7.383,529950000,14919000,5092000,5041000,8.171,360330000
SMTC,MRY,2012-12-31,2013-01-27,2013-01-27,2018-03-22,353000,1171013000,1179362000,405993000,765020000,0.491,10.469,-23266000,223192000,223192000,264215000,41939000,2.575,0.685,330735000,48449000,282286000,330735000,3745000,49192000,0,0.0,0.0,14612000,63804000,0.11,63804000,14612000,249000,0.64,0.62,0.64,694826000,668740500,694826000,2107021766,144,33.023,78702000,1.196,1.0,314612000,0.544,599642000,14363000,521232000,587843750,74878000,12880000,4973000,7907000,476187000,157682000,318505000,1975807766,-3830000,-491717000,11980000,330125000,0,325149000,-431012000,85222000,101968000,65000,41939000,41939000,41939000,0,0,0.072,299023000,15589000,51991000,0.0,2.844,47.111,46.625,101837000,0,29.84,3.413,3.393,69160000,538302000,578827000,578827000,120009000,0.036,0.063,0.025,0.025,24528000,149070000,1.0,66213397,65809000,67472000,8.796,571371000,48830000,-41690000,6263000,8.609,248311000
SMTC,MRY,2013-12-31,2014-01-26,2014-01-26,2018-03-22,253000,948940000,1124848750,393596000,555344000,0.529,7.936,-37104000,243194000,243194000,259766000,-164466000,3.549,0.771,291822000,18529000,273293000,291822000,7267000,94073000,0,0.0,0.0,-110307000,-16234000,-0.027,-16234000,-110307000,-128481000,-2.44,-2.44,-2.44,535843000,689676750,535843000,1652879798,-14,-101.816,80877000,1.199,1.0,335211000,0.563,417842000,18174000,468836000,533555750,60267000,3674000,0,3674000,413097000,110890000,302207000,1593821798,20002000,0,-13602000,-41157000,0,-64041000,-33938000,6699000,117981000,0,-164466000,-164466000,-164466000,0,0,-0.276,444128000,-108917000,40016000,0.0,2.974,-9.691,-9.516,110121000,0,23.22,2.679,2.633,66333000,373836000,594977000,594977000,137437000,-0.146,-0.238,-0.207,-0.185,20369000,126033000,1.0,68640043,67471000,67471000,8.818,531098000,8287000,35985000,4556000,7.866,282706000
SMTC,MRY,2014-12-31,2015-01-25,2015-01-25,2018-03-22,163000,929431000,935225000,396688000,532743000,0.597,8.258,-31666000,230328000,230328000,229093000,27947000,3.672,0.686,253293000,18547000,234746000,253293000,5848000,54548000,0,0.0,0.0,42422000,96970000,0.174,96970000,42422000,36495000,0.42,0.41,0.42,551358000,551446000,551358000,1827420995,43,18.845,74494000,1.11,1.0,328792000,0.589,381919000,5927000,462436000,458108500,73668000,0,0,0,378073000,108041000,270032000,1806978995,-12866000,-4852000,-32026000,-38749000,0,-77934000,-41092000,-3474000,106160000,0,27947000,27947000,27947000,0,0,0.05,286535000,42257000,32448000,0.0,3.277,64.657,64.452,115471000,0,27.07,3.239,3.256,69301000,401783000,557885000,557885000,119371000,0.03,0.051,0.093,0.076,29616000,127134000,1.0,66752087,67108000,67685000,8.313,547512000,4128000,8548000,3921000,8.201,288647000
SMTC,MRY,2015-12-31,2016-01-31,2016-01-31,2018-03-22,653000,911517000,937286000,341221000,570296000,0.523,8.14,-13026000,211810000,211810000,197109000,11497000,3.285,0.726,257746000,18569000,239177000,257746000,8628000,48932000,0,0.0,0.0,28198000,77130000,0.157,77130000,28198000,20379000,0.18,0.17,0.18,528051000,523324250,528051000,1374528436,48,17.821,89050000,1.356,1.0,293110000,0.598,418133000,7819000,435433000,458801500,63875000,0,0,0,383466000,103887000,279579000,1304505436,-18518000,-39171000,-51504000,4250000,0,-53767000,-66827000,-14630000,102076000,0,11497000,11497000,11497000,0,0,0.023,263111000,29999000,35486000,0.0,2.47,113.465,111.667,101006000,0,20.1,2.661,2.692,44132000,413280000,490219000,490219000,113737000,0.012,0.022,0.061,0.058,20468000,140677000,1.0,64900768,65657000,65961000,7.466,493384000,12590000,8882000,6802000,7.606,237334000
SMTC,MRY,2016-12-31,2017-01-29,2017-01-29,2018-03-22,-1294000,1011542000,971502250,438428000,573114000,0.56,9.21,-32872000,297134000,297134000,219410000,54661000,3.565,0.671,240956000,14432000,226524000,240956000,12059000,47057000,0,0.0,0.0,82360000,129417000,0.238,129417000,82360000,73060000,0.84,0.83,0.84,605263000,570775750,605263000,2161911272,26,16.705,84740000,1.295,1.0,324862000,0.597,391476000,9300000,440913000,441499500,65872000,0,0,0,406279000,122975000,283304000,2211961272,85324000,32000000,4774000,-14875000,0,-18773000,-13515000,-12643000,117612000,0,54661000,54661000,54661000,0,0,0.1,240781000,84081000,41960000,0.0,3.655,40.467,40.119,108910000,0,33.7,4.064,4.051,51441000,467941000,544272000,544272000,102500000,0.056,0.096,0.187,0.151,30828000,138708000,1.0,65636833,65427000,66109000,8.319,620066000,11056000,18399000,6881000,9.436,315453000
SMTC,MRY,2017-12-31,2018-01-28,2018-01-28,2018-03-22,-1200000,1085776000,1056341750,461232000,624544000,0.556,10.029,-35272000,307923000,307923000,235876000,36426000,3.655,0.633,226524000,15410000,211114000,226524000,12758000,48999000,0,0.0,0.0,67580000,116579000,0.198,116579000,67580000,59617000,0.55,0.54,0.55,665013000,646672750,665013000,2357775336,34,20.225,76213000,1.154,1.0,351971000,0.599,402104000,7963000,476065000,474454500,71067000,0,0,0,420763000,126208000,294555000,2418764336,10789000,-17619000,-8169000,-15000000,0,-34840000,-65856000,-12965000,111485000,0,36426000,36426000,36426000,0,0,0.062,283235000,68736000,37208000,0.0,3.637,66.402,66.273,124586000,0,36.45,4.115,4.094,53183000,502346000,587847000,587847000,104798000,0.034,0.056,0.142,0.115,47936000,146303000,1.0,66358418,66027000,67605000,8.903,683672000,16045000,23191000,14682000,10.31,335024000
