ticker,dimension,calendardate,datekey,reportperiod,lastupdated,accoci,assets,assetsavg,assetsc,assetsnc,assetturnover,bvps,capex,cashneq,cashnequsd,cor,consolinc,currentratio,de,debt,debtc,debtnc,debtusd,deferredrev,depamor,deposits,divyield,dps,ebit,ebitda,ebitdamargin,ebitdausd,ebitusd,ebt,eps,epsdil,epsusd,equity,equityavg,equityusd,ev,evebit,evebitda,fcf,fcfps,fxusd,gp,grossmargin,intangibles,intexp,invcap,invcapavg,inventory,investments,investmentsc,investmentsnc,liabilities,liabilitiesc,liabilitiesnc,marketcap,ncf,ncfbus,ncfcommon,ncfdebt,ncfdiv,ncff,ncfi,ncfinv,ncfo,ncfx,netinc,netinccmn,netinccmnusd,netincdis,netincnci,netmargin,opex,opinc,payables,payoutratio,pb,pe,pe1,ppnenet,prefdivis,price,ps,ps1,receivables,retearn,revenue,revenueusd,rnd,roa,roe,roic,ros,sbcomp,sgna,sharefactor,sharesbas,shareswa,shareswadil,sps,tangibles,taxassets,taxexp,taxliabilities,tbvps,workingcapital
SNA,MRY,2011-12-31,2011-12-31,2011-12-31,2018-04-19,-174600000,3672900000,3742375000,1530700000,2142200000,0.796,26.304,-57500000,185600000,185600000,1567700000,283800000,2.622,1.388,984100000,16200000,967900000,984100000,0,74600000,47300000,0.026,1.3,471200000,545800000,0.183,545800000,471200000,410000000,4.75,4.71,4.75,1530900000,1548400000,1530900000,3741074283,7,6.854,71000000,1.22,1.0,1410800000,0.474,984100000,61200000,2903500000,2787875000,386400000,0,0,0,2125600000,583800000,1541800000,2944874283,-386600000,0,-11700000,-199400000,-76700000,-293700000,-219600000,0,128500000,-1800000,276300000,276300000,276300000,0,7500000,0.093,935700000,475100000,124600000,0.274,1.924,10.658,10.657,352900000,0,50.62,0.989,0.989,1387300000,1843700000,2978500000,2978500000,0,0.074,0.178,0.169,0.158,17500000,953700000,1.0,58176102,58200000,58700000,51.177,2688800000,217800000,133700000,108100000,46.199,946900000
SNA,MRY,2012-12-31,2012-12-29,2012-12-29,2018-04-19,-124200000,3902300000,3806450000,1669000000,2233300000,0.814,30.964,-76800000,214500000,214500000,1602500000,314600000,2.833,1.156,975600000,5200000,970400000,975600000,0,76700000,54700000,0.018,1.4,510100000,586800000,0.189,586800000,510100000,454300000,5.26,5.2,5.26,1802100000,1702900000,1802100000,5317400930,10,9.062,252500000,4.338,1.0,1496700000,0.483,994600000,55800000,3079600000,3027275000,404200000,0,0,0,2083300000,589200000,1494100000,4503600930,28900000,0,-31300000,-11200000,-81500000,-127000000,-173100000,27000000,329300000,-300000,306100000,306100000,306100000,0,8500000,0.099,980300000,516400000,142500000,0.266,2.499,14.713,14.703,375200000,0,77.34,1.453,1.452,1572700000,2067000000,3099200000,3099200000,0,0.08,0.18,0.169,0.165,23900000,980300000,1.0,58231199,58200000,58900000,53.251,2907700000,192200000,148200000,127100000,49.96,1079800000
SNA,MRY,2013-12-31,2013-12-28,2013-12-28,2018-04-19,-44800000,4110000000,4018925000,1796200000,2313800000,0.806,36.309,-62200000,217600000,217600000,1638900000,359700000,2.511,0.937,972000000,113100000,858900000,972000000,0,76700000,59400000,0.015,1.58,573100000,649800000,0.201,649800000,573100000,517000000,6.02,5.93,6.02,2113200000,1952675000,2113200000,7092172349,12,10.914,330400000,5.677,1.0,1598600000,0.494,1029300000,56100000,3119700000,3081450000,434400000,0,0,0,1979600000,715400000,1264200000,6295872349,3100000,-38200000,-53400000,9000000,-92000000,-137800000,-250400000,0,392600000,-1300000,350300000,350300000,350300000,0,9400000,0.108,1012400000,586200000,155600000,0.262,2.979,17.973,17.985,392500000,0,108.27,1.945,1.946,1752300000,2324100000,3237500000,3237500000,0,0.087,0.179,0.186,0.177,28700000,1012400000,1.0,58149740,58200000,59100000,55.627,3080700000,142500000,166700000,143800000,52.933,1080800000
SNA,MRY,2014-12-31,2015-01-03,2015-01-03,2018-04-19,-248200000,4310100000,4227750000,1858600000,2451500000,0.826,38.0,-79800000,132900000,132900000,1759200000,432100000,2.586,0.944,919300000,56600000,862700000,919300000,0,79500000,65800000,0.014,1.85,674300000,753800000,0.216,753800000,674300000,621400000,7.26,7.14,7.26,2207800000,2231725000,2207800000,8713985076,12,11.56,323300000,5.565,1.0,1733400000,0.496,1014000000,52900000,3363800000,3277525000,475500000,0,0,0,2084800000,718700000,1366100000,7919485076,-84700000,-41300000,-46300000,-55000000,-107600000,-212100000,-273200000,0,403100000,-2500000,421900000,421900000,421900000,0,10200000,0.121,1048700000,684700000,145000000,0.255,3.587,18.771,18.773,404500000,0,136.29,2.268,2.267,1920200000,2637200000,3492600000,3492600000,0,0.1,0.189,0.206,0.193,24200000,1048700000,1.0,58107602,58100000,59100000,60.114,3296100000,194200000,199500000,159200000,56.731,1139900000
SNA,MRY,2015-12-31,2016-01-02,2016-01-02,2018-04-19,-364200000,4331100000,4368900000,1788800000,2542300000,0.822,41.527,-76900000,92800000,92800000,1774600000,490600000,2.669,0.788,880100000,18400000,861700000,880100000,0,82500000,64400000,0.013,2.2,751800000,834300000,0.232,834300000,751800000,699900000,8.24,8.1,8.24,2412700000,2310700000,2412700000,10774124791,14,12.914,419600000,7.222,1.0,1818500000,0.506,985100000,51900000,3463100000,3460975000,497800000,0,0,0,1900400000,670200000,1230200000,9955624791,-40100000,-11800000,-68800000,-34000000,-127900000,-226000000,-306400000,0,496500000,-4200000,478700000,478700000,478700000,0,11900000,0.133,1053700000,764800000,148300000,0.267,4.126,20.797,20.805,413500000,0,171.43,2.771,2.772,2131200000,2986900000,3593100000,3593100000,0,0.11,0.207,0.217,0.209,21500000,1053700000,1.0,58073994,58100000,59100000,61.843,3346000000,60400000,221200000,14300000,57.59,1118600000
SNA,MRY,2016-12-31,2016-12-31,2016-12-31,2018-04-19,-498500000,4723200000,4566200000,1884000000,2839200000,0.813,45.046,-72100000,77600000,77600000,1803500000,559600000,1.904,0.798,1010200000,301400000,708800000,1010200000,0,85600000,66700000,0.015,2.54,842900000,928500000,0.25,928500000,842900000,790700000,9.4,9.2,9.4,2617200000,2597125000,2617200000,10716459048,12,11.542,504000000,8.675,1.0,1908300000,0.514,1080100000,52200000,3586200000,3486250000,530500000,0,0,0,2088000000,989500000,1098500000,9937959048,-15200000,-160400000,-78600000,134200000,-147500000,-116000000,-473400000,0,576100000,-1900000,546400000,546400000,546400000,0,13200000,0.147,1054100000,854200000,170900000,0.27,3.797,18.188,18.22,425200000,0,171.27,2.677,2.681,2380600000,3384900000,3711800000,3711800000,0,0.12,0.21,0.242,0.227,31000000,1054100000,1.0,58025101,58100000,59400000,63.886,3643100000,72800000,244300000,13100000,62.704,894500000
SNA,MRY,2017-12-31,2017-12-30,2017-12-30,2018-04-19,-329000000,5249100000,5112550000,2119300000,3129800000,0.782,52.005,-80500000,92000000,92000000,1957900000,572200000,1.776,0.771,1186800000,433200000,753600000,1186800000,0,93200000,66500000,0.017,2.95,861000000,954200000,0.239,954200000,861000000,808600000,9.72,9.52,9.72,2953900000,2869575000,2953900000,11050652868,12,11.581,528000000,9.199,1.0,2042400000,0.511,1177800000,52400000,3972800000,3874625000,638800000,0,0,0,2276800000,1193300000,1083500000,9936352868,14400000,-82900000,-241700000,178400000,-169400000,-256100000,-341400000,0,608500000,3400000,557700000,557700000,557700000,0,14500000,0.139,1160900000,881500000,178200000,0.303,3.364,17.817,17.932,484400000,0,174.3,2.484,2.501,2639600000,3772300000,4000300000,4000300000,0,0.109,0.194,0.222,0.215,30300000,1160900000,1.0,57007188,57400000,58600000,69.692,4071300000,52000000,250900000,28400000,71.678,926000000
