ticker,dimension,calendardate,datekey,reportperiod,lastupdated,accoci,assets,assetsavg,assetsc,assetsnc,assetturnover,bvps,capex,cashneq,cashnequsd,cor,consolinc,currentratio,de,debt,debtc,debtnc,debtusd,deferredrev,depamor,deposits,divyield,dps,ebit,ebitda,ebitdamargin,ebitdausd,ebitusd,ebt,eps,epsdil,epsusd,equity,equityavg,equityusd,ev,evebit,evebitda,fcf,fcfps,fxusd,gp,grossmargin,intangibles,intexp,invcap,invcapavg,inventory,investments,investmentsc,investmentsnc,liabilities,liabilitiesc,liabilitiesnc,marketcap,ncf,ncfbus,ncfcommon,ncfdebt,ncfdiv,ncff,ncfi,ncfinv,ncfo,ncfx,netinc,netinccmn,netinccmnusd,netincdis,netincnci,netmargin,opex,opinc,payables,payoutratio,pb,pe,pe1,ppnenet,prefdivis,price,ps,ps1,receivables,retearn,revenue,revenueusd,rnd,roa,roe,roic,ros,sbcomp,sgna,sharefactor,sharesbas,shareswa,shareswadil,sps,tangibles,taxassets,taxexp,taxliabilities,tbvps,workingcapital
SNP,MRY,2011-12-31,2011-12-31,2011-12-31,2018-04-28,0,1144528000000,1070175000000,342755000000,801773000000,2.341,5.448,-141038000000,24647000000,3909650540,2027646000000,78445000000,0.772,1.349,234830000000,80373000000,154457000000,37250100886,0,63816000000,0,0.034,3.55,104630000000,168446000000,0.067,26719884571,16597019357,99345000000,65.0,63.0,10.311,472328000000,445966000000,74923415455,120583746698,7,4.513,9584000000,0.111,6.304,478037000000,0.191,8212000000,5285000000,902259000000,873136000000,203417000000,48063000000,550000000,47513000000,637184000000,444240000000,192944000000,91081005426,7657000000,-4449000000,0,25583000000,-19469000000,-2516000000,-140449000000,493000000,150622000000,-18000000,73225000000,73225000000,11615375537,0,5220000000,0.029,372507000000,105530000000,182935000000,0.344,1.216,7.841,10.188,677247000000,0,105.05,0.229,22.915,86682000000,,2505683000000,397466016005,13341000000,0.068,0.164,0.12,0.042,0,104388000000,0.01,86702527774,86702527774,,4.584,1136316000000,12706000000,26120000000,19235000000,13.106,-101485000000
SNP,MRY,2012-12-31,2012-12-31,2012-12-31,2018-04-28,0,1257944000000,1201236000000,365015000000,892929000000,2.319,5.893,-156741000000,10456000000,1676762360,2301199000000,66796000000,0.711,1.389,278098000000,115982000000,162116000000,44596811297,0,70456000000,0,0.041,4.744,97606000000,168062000000,0.06,26951036326,15652454758,87725000000,57.0,55.0,9.141,510914000000,491621000000,81932035638,132972066105,8,4.934,-14361000000,-0.166,6.236,484846000000,0.174,6257000000,9881000000,1005956000000,954107500000,218262000000,52609000000,408000000,52201000000,709908000000,513373000000,196535000000,99638584751,-14189000000,-8862000000,0,41750000000,-25486000000,5628000000,-162197000000,-277000000,142380000000,-2000000,63879000000,63879000000,10243869818,0,2917000000,0.023,386184000000,98662000000,222284000000,0.519,1.216,9.727,12.572,757946000000,0,114.92,0.223,22.301,101440000000,,2786045000000,446780354875,15533000000,0.053,0.13,0.102,0.035,0,112941000000,0.01,86702562436,86702562436,,5.153,1251687000000,5539000000,23846000000,13339000000,14.437,-148358000000
SNP,MRY,2013-12-31,2013-12-31,2013-12-31,2018-04-28,0,1382916000000,1320430000000,373010000000,1009906000000,2.181,6.551,-153396000000,15046000000,2480474465,2371858000000,70289000000,0.652,1.338,309460000000,163870000000,145590000000,51017388544,0,81265000000,0,0.306,25.151,95141000000,176406000000,0.061,29082186530,15684887751,90895000000,57.0,53.0,9.397,568803000000,539858500000,93772518763,114453318109,7,3.936,-1503000000,-0.017,6.066,508453000000,0.177,6255000000,4246000000,1099253000000,1052604500000,221906000000,79103000000,55000000,79048000000,761290000000,571822000000,189468000000,71340229734,4672000000,-29289000000,19406000000,37433000000,-28298000000,31519000000,-178740000000,353000000,151893000000,-82000000,66132000000,66132000000,10902481546,0,4157000000,0.023,411668000000,96785000000,207250000000,2.676,0.761,6.543,8.744,830225000000,0,82.17,0.15,15.024,97237000000,,2880311000000,474846330436,12573000000,0.05,0.122,0.09,0.033,0,125281000000,0.01,86820286886,86820286886,,5.469,1376661000000,4141000000,24763000000,11073000000,15.856,-198812000000
SNP,MRY,2014-12-31,2014-12-31,2014-12-31,2018-04-28,0,1451368000000,1417142000000,360144000000,1091224000000,1.995,5.088,-123383000000,9355000000,1510340382,2335530000000,48247000000,0.596,1.359,329080000000,178148000000,150932000000,53129108836,0,90196000000,0,0.048,3.881,78400000000,168596000000,0.06,27219385053,12657475789,64210000000,40.0,40.0,6.458,593041000000,580922000000,95744924739,141807545660,11,5.21,24636000000,0.211,6.194,492036000000,0.174,6281000000,14190000000,1160555000000,1129904000000,188223000000,82206000000,745000000,81461000000,805791000000,604257000000,201534000000,94429560698,-5826000000,-12535000000,0,13966000000,-28031000000,-21524000000,-132321000000,-690000000,148019000000,16000000,46639000000,46639000000,7529745068,0,1608000000,0.016,418597000000,73439000000,202943000000,0.601,0.986,12.541,12.544,881152000000,0,81.01,0.207,20.685,104794000000,,2827566000000,456503165661,10969000000,0.033,0.08,0.069,0.028,0,126068000000,0.01,116565313787,116565313787,,3.916,1445087000000,6979000000,17571000000,8911000000,12.397,-244113000000
SNP,MRY,2015-12-31,2015-12-31,2015-12-31,2018-04-28,0,1447268000000,1449318000000,333657000000,1113611000000,1.394,5.717,-102271000000,68933000000,10619241357,1494046000000,43798000000,0.721,0.975,255192000000,115446000000,139746000000,39312744845,0,108425000000,0,0.05,3.015,54364000000,162789000000,0.081,25077911614,8374863086,45125000000,27.0,27.0,4.159,676197000000,634619000000,104169253450,122618728312,14,4.89,63469000000,0.537,6.491,526329000000,0.261,6271000000,9239000000,1164424000000,1162489500000,145608000000,95990000000,733000000,95257000000,659107000000,462832000000,196275000000,70944581304,58114000000,-20087000000,0,-62596000000,-24214000000,9093000000,-116719000000,12000000,165740000000,293000000,32512000000,32512000000,5008526758,0,11286000000,0.016,469507000000,56822000000,134124000000,0.725,0.681,14.165,14.42,885774000000,0,59.98,0.228,22.794,67106000000,,2020375000000,311242072118,10459000000,0.022,0.051,0.047,0.027,0,126110000000,0.01,118280395640,118280395640,,2.631,1440997000000,7469000000,12613000000,9307000000,12.183,-129175000000
SNP,MRY,2016-12-31,2016-12-31,2016-12-31,2018-04-28,0,1498609000000,1472938500000,412261000000,1086348000000,1.311,5.873,-72407000000,124468000000,17922474369,1379691000000,59444000000,0.849,0.939,192265000000,74819000000,117446000000,27684742541,0,115310000000,0,0.03,2.111,73990000000,189300000000,0.098,27257804400,10654014514,67379000000,39.0,39.0,5.616,710994000000,693595500000,102377894252,114947062819,10,4.217,142136000000,1.174,6.945,551220000000,0.285,6353000000,6611000000,1074510000000,1119467000000,156511000000,146249000000,18029000000,128220000000,667374000000,485543000000,181831000000,85984773090,55279000000,17127000000,0,-62994000000,-16876000000,-93047000000,-66217000000,-17296000000,214543000000,256000000,46672000000,46672000000,6720423914,0,12772000000,0.024,474027000000,77193000000,180129000000,0.376,0.84,12.795,12.647,820175000000,0,71.02,0.309,30.926,63486000000,,1930911000000,278036948508,11035000000,0.032,0.067,0.066,0.038,0,128247000000,0.01,121071209646,121071209646,,2.296,1492256000000,7214000000,20707000000,13712000000,12.325,-73282000000
SNP,MRY,2017-12-31,2017-12-31,2017-12-31,2018-04-28,0,1595504000000,1547056500000,529049000000,1066455000000,1.526,5.997,-69635000000,113218000000,17113791644,1770651000000,70418000000,0.913,1.023,179773000000,80649000000,99124000000,27174103633,0,0,0,0.048,3.541,69083000000,69083000000,0.029,10442439083,10442439083,67523000000,42.0,42.0,6.349,726120000000,718557000000,109758752041,98678864976,9,9.45,121300000000,1.002,6.616,589542000000,0.25,8634000000,1560000000,1073979000000,1074244500000,186693000000,235745000000,102982000000,132763000000,742614000000,579446000000,163168000000,88829946517,-10897000000,-54106000000,0,-11692000000,-32689000000,-56509000000,-145323000000,-33757000000,190935000000,-353000000,51244000000,51244000000,7745933853,0,19174000000,0.022,518072000000,71470000000,206535000000,0.558,0.809,11.468,11.557,769419000000,0,73.37,0.249,24.899,84701000000,,2360193000000,356761744966,11089000000,0.033,0.071,0.064,0.029,0,139827000000,0.01,121071209646,121071209646,,2.947,1586870000000,15131000000,16279000000,19481000000,13.107,-50397000000
