ticker,dimension,calendardate,datekey,reportperiod,lastupdated,accoci,assets,assetsavg,assetsc,assetsnc,assetturnover,bvps,capex,cashneq,cashnequsd,cor,consolinc,currentratio,de,debt,debtc,debtnc,debtusd,deferredrev,depamor,deposits,divyield,dps,ebit,ebitda,ebitdamargin,ebitdausd,ebitusd,ebt,eps,epsdil,epsusd,equity,equityavg,equityusd,ev,evebit,evebitda,fcf,fcfps,fxusd,gp,grossmargin,intangibles,intexp,invcap,invcapavg,inventory,investments,investmentsc,investmentsnc,liabilities,liabilitiesc,liabilitiesnc,marketcap,ncf,ncfbus,ncfcommon,ncfdebt,ncfdiv,ncff,ncfi,ncfinv,ncfo,ncfx,netinc,netinccmn,netinccmnusd,netincdis,netincnci,netmargin,opex,opinc,payables,payoutratio,pb,pe,pe1,ppnenet,prefdivis,price,ps,ps1,receivables,retearn,revenue,revenueusd,rnd,roa,roe,roic,ros,sbcomp,sgna,sharefactor,sharesbas,shareswa,shareswadil,sps,tangibles,taxassets,taxexp,taxliabilities,tbvps,workingcapital
SOFO,MRY,2011-12-31,2011-09-30,2011-09-30,2018-05-15,0,21840000,19822750,12590000,9250000,1.272,2.423,-739000,5515000,5515000,7311000,-243000,1.324,1.358,1857000,986000,871000,1857000,6018000,912000,0,0.0,0.0,284000,1196000,0.047,1196000,284000,-32000,-0.06,-0.06,-0.06,9261000,8751000,9261000,30451899,107,25.461,675000,0.18,1.0,17911000,0.71,7614000,316000,1061000,1192000,536000,0,0,0,12579000,9507000,3072000,33092899,2157000,0,1703000,-200000,0,1482000,-739000,0,1414000,0,-243000,-243000,-243000,0,0,-0.01,17633000,278000,1373000,0.0,3.573,-136.185,-144.667,1636000,0,8.68,1.312,1.29,5773000,-178921000,25222000,25222000,3539000,-0.012,-0.028,0.238,0.011,707000,13566000,1.0,3812546,3748840,3748840,6.728,14226000,0,211000,0,3.722,3083000
SOFO,MRY,2012-12-31,2012-09-30,2012-09-30,2018-05-15,0,22821000,22189750,11866000,10955000,1.176,2.716,-1456000,4478000,4478000,7246000,157000,1.39,1.165,1693000,796000,897000,1693000,5633000,930000,0,0.0,0.0,549000,1479000,0.057,1479000,549000,397000,0.04,0.04,0.04,10539000,9918000,10539000,28622528,52,19.353,-1106000,-0.287,1.0,18844000,0.722,7591000,152000,3911000,3695000,1053000,420000,0,420000,12282000,8534000,3748000,30989528,-1037000,0,379000,-290000,0,69000,-1456000,0,350000,0,157000,157000,157000,0,0,0.006,18735000,109000,1604000,0.0,2.94,197.386,200.0,2944000,0,8.0,1.188,1.183,5552000,-178764000,26090000,26090000,4079000,0.007,0.016,0.149,0.021,742000,14656000,1.0,3873691,3857161,3857161,6.764,15230000,0,240000,0,3.926,3332000
SOFO,MRY,2013-12-31,2013-09-30,2013-09-30,2018-05-15,-238000,24333000,23649750,12619000,11714000,1.174,2.686,-1695000,3482000,3482000,7696000,-792000,1.256,1.273,1139000,857000,282000,1139000,7118000,1206000,0,0.0,0.0,-460000,746000,0.027,746000,-460000,-552000,-0.2,-0.2,-0.2,10704000,10854500,10704000,34854123,-75,46.721,-682000,-0.173,1.0,20060000,0.723,8049000,92000,3897000,4145000,1447000,385000,0,385000,13629000,10044000,3585000,36687123,-996000,0,523000,-839000,0,-314000,-1695000,0,1013000,0,-792000,-792000,-792000,0,0,-0.029,20698000,-638000,1513000,0.0,3.427,-46.322,-46.05,3280000,0,9.21,1.322,1.305,6859000,-179556000,27756000,27756000,4276000,-0.033,-0.073,-0.111,-0.017,656000,16422000,1.0,3983401,3932692,3932692,7.058,16284000,0,240000,0,4.087,2575000
SOFO,MRY,2014-12-31,2014-09-30,2014-09-30,2018-05-15,-421000,34623000,33474500,16058000,18565000,1.07,2.661,-862000,4344000,4344000,10275000,-2816000,1.001,2.06,4892000,3266000,1626000,4892000,10008000,1689000,0,0.0,0.0,-1481000,208000,0.006,208000,-1481000,-1712000,-0.67,-0.67,-0.67,11315000,11784750,11315000,43354723,-29,208.436,-949000,-0.227,1.0,25555000,0.713,14605000,231000,4526000,5438250,1960000,0,0,0,23308000,16040000,7268000,41900723,862000,1162000,384000,477000,0,861000,300000,0,-87000,-212000,-2816000,-2816000,-2816000,0,0,-0.079,28637000,-3082000,1183000,0.0,3.703,-14.88,-14.119,3396000,0,9.46,1.169,1.102,8423000,-182372000,35830000,35830000,5545000,-0.084,-0.239,-0.272,-0.041,921000,22174000,1.0,4429252,4174191,4174191,8.584,20018000,0,1104000,0,4.707,18000
SOFO,MRY,2015-12-31,2015-09-30,2015-09-30,2018-05-15,-1122000,34803000,32700250,17947000,16856000,1.115,1.836,-722000,1976000,1976000,10635000,-4525000,0.967,3.376,5882000,3514000,2368000,5882000,12684000,2268000,0,0.0,0.0,-4046000,-1778000,-0.049,-1778000,-4046000,-4418000,-1.04,-1.04,-1.04,7998000,9116000,7998000,39685416,-9,-22.32,-3848000,-0.888,1.0,25824000,0.708,13449000,372000,6695000,6245000,2385000,0,0,0,27000000,18565000,8435000,36655416,-2368000,0,751000,876000,0,1627000,-722000,0,-3126000,-147000,-4525000,-4525000,-4525000,0,0,-0.124,29916000,-4092000,2026000,0.0,4.583,-8.101,-8.077,2808000,0,8.4,1.005,0.998,12659000,-186897000,36459000,36459000,6265000,-0.138,-0.496,-0.648,-0.111,963000,23651000,1.0,4363740,4332576,4332576,8.415,21354000,0,107000,0,4.903,-618000
SOFO,MRY,2016-12-31,2016-09-30,2016-09-30,2018-05-15,-183000,33082000,32805250,15597000,17485000,1.158,1.477,-339000,1794000,1794000,9985000,-3317000,0.807,4.077,4741000,3639000,1102000,4741000,14091000,2205000,0,0.0,0.0,-2454000,-249000,-0.007,-249000,-2454000,-3048000,-0.76,-0.76,-0.76,6516000,6832750,6516000,28440598,-11,-114.219,1377000,0.314,1.0,27990000,0.737,13577000,594000,3135000,4679000,1904000,0,0,0,26566000,19317000,7249000,25631598,-182000,0,66000,-1620000,0,-1554000,-339000,0,1716000,-5000,-3317000,-3317000,-3317000,0,0,-0.087,30266000,-2276000,961000,0.0,3.934,-7.727,-7.645,2031000,0,5.81,0.675,0.672,11620000,-190214000,37975000,37975000,6837000,-0.101,-0.485,-0.524,-0.065,861000,23429000,1.0,4411559,4389421,4389421,8.651,19505000,0,269000,0,4.421,-3720000
SOFO,MRY,2017-12-31,2017-09-30,2017-09-30,2018-05-15,0,28356000,29446250,12258000,16098000,1.223,0.589,-839000,1211000,1211000,9867000,-5039000,0.717,9.604,3425000,3058000,367000,3425000,14302000,1977000,0,0.0,0.0,-4623000,-2646000,-0.073,-2646000,-4623000,-5118000,-1.17,-1.17,-1.17,2628000,3517250,2628000,16756840,-3,-6.333,-168000,-0.038,1.0,26133000,0.726,12221000,495000,1258000,2131500,986000,555000,148000,407000,25238000,17091000,8147000,14265840,-583000,0,1298000,-1772000,0,-474000,-839000,0,671000,59000,-5039000,-5208000,-5208000,0,0,-0.145,30691000,-4558000,1314000,0.0,5.428,-2.739,-2.735,1750000,169000,3.2,0.396,0.394,10138000,-195253000,36000000,36000000,7238000,-0.177,-1.481,-2.169,-0.128,622000,22853000,1.0,4458075,4436333,4436333,8.115,16135000,0,-79000,0,3.619,-4833000
