ticker,dimension,calendardate,datekey,reportperiod,lastupdated,accoci,assets,assetsavg,assetsc,assetsnc,assetturnover,bvps,capex,cashneq,cashnequsd,cor,consolinc,currentratio,de,debt,debtc,debtnc,debtusd,deferredrev,depamor,deposits,divyield,dps,ebit,ebitda,ebitdamargin,ebitdausd,ebitusd,ebt,eps,epsdil,epsusd,equity,equityavg,equityusd,ev,evebit,evebitda,fcf,fcfps,fxusd,gp,grossmargin,intangibles,intexp,invcap,invcapavg,inventory,investments,investmentsc,investmentsnc,liabilities,liabilitiesc,liabilitiesnc,marketcap,ncf,ncfbus,ncfcommon,ncfdebt,ncfdiv,ncff,ncfi,ncfinv,ncfo,ncfx,netinc,netinccmn,netinccmnusd,netincdis,netincnci,netmargin,opex,opinc,payables,payoutratio,pb,pe,pe1,ppnenet,prefdivis,price,ps,ps1,receivables,retearn,revenue,revenueusd,rnd,roa,roe,roic,ros,sbcomp,sgna,sharefactor,sharesbas,shareswa,shareswadil,sps,tangibles,taxassets,taxexp,taxliabilities,tbvps,workingcapital
SPLS,MRY,2011-12-31,2012-01-28,2012-01-28,2017-08-24,-319743000,13430622000,13625178000,6290820000,7139802000,1.81,10.03,-383654000,1264149000,1264149000,17974884000,983833000,1.544,0.914,2038180000,439143000,1599037000,2038180000,0,482056000,0,0.025,0.4,1635297000,2117353000,0.086,2117353000,1635297000,1461903000,1.42,1.4,1.42,7015151000,7141941750,7015151000,12124639882,7,5.726,1192821000,1.705,1.0,6689868000,0.271,4431911000,173394000,5698464000,6053856750,2431845000,0,0,0,6408409000,4074278000,2334131000,11197756882,-197108000,0,-555175000,-518788000,-277936000,-1360094000,-383654000,0,1576475000,-29835000,984656000,984656000,984656000,0,-823000,0.04,5056097000,1633771000,2220414000,0.282,1.596,11.372,11.275,2080361000,0,16.01,0.454,0.454,2033680000,7199060000,24664752000,24664752000,0,0.072,0.138,0.27,0.066,150017000,4991195000,1.0,699422666,699422666,,35.264,8998711000,305611000,477247000,0,12.866,2216542000
SPLS,MRY,2012-12-31,2013-02-02,2013-02-02,2017-08-24,-388773000,12280005000,12695835250,6200437000,6079568000,1.92,9.094,-340074000,1334302000,1334302000,17889249000,-210825000,1.403,1.003,1989104000,987161000,1001943000,1989104000,0,487313000,0,0.033,0.44,378041000,865354000,0.035,865354000,378041000,215564000,-0.31,-0.31,-0.31,6128153000,6544380000,6128153000,9744930037,25,11.261,879114000,1.305,1.0,6491261000,0.266,3605771000,162477000,4910411000,5516362250,2314058000,0,0,0,6143911000,4418625000,1725286000,9104141037,70153000,-1941000,-422942000,-87451000,-294147000,-812265000,-342015000,0,1219188000,5245000,-210706000,-210706000,-210706000,0,-119000,-0.009,5981196000,510065000,1896040000,-1.419,1.486,-43.208,-43.581,1963175000,0,13.51,0.373,0.373,1815586000,6694207000,24380510000,24380510000,0,-0.017,-0.032,0.069,0.016,117628000,4884284000,1.0,673881646,673881646,,36.179,8674234000,218899000,426270000,0,12.872,1781812000
SPLS,MRY,2013-12-31,2014-02-01,2014-02-01,2017-08-24,-507154000,11174876000,11902537000,5239558000,5935318000,1.942,9.381,-358000000,492532000,492532000,17082000000,620000000,1.555,0.821,1104187000,103982000,1000205000,1104187000,0,458000000,0,0.036,0.48,1095000000,1553000000,0.067,1553000000,1095000000,976000000,0.95,0.94,0.95,6132263000,6076035500,6132263000,9184690594,8,5.914,750000000,1.147,1.0,6032000000,0.261,3616297000,119000000,4801784000,4800031750,2328299000,0,0,0,5034041000,3368450000,1665591000,8602376594,-833000000,-122000000,-259000000,-872000000,-313000000,-1442000000,-479000000,0,1108000000,-20000000,620000000,620000000,620000000,87000000,0,0.027,4854000000,1178000000,1997494000,0.505,1.403,13.875,13.853,1870719000,0,13.16,0.372,0.372,1838714000,7001755000,23114000000,23114000000,0,0.052,0.102,0.228,0.047,79000000,4735000000,1.0,653676033,653676033,,35.36,7558579000,179566000,356000000,0,11.563,1871108000
SPLS,MRY,2014-12-31,2015-01-31,2015-01-31,2017-08-24,-1041000000,10308000000,11083471750,4951000000,5357000000,1.776,8.292,-356000000,627000000,627000000,14646000000,135000000,1.505,0.942,1110000000,92000000,1018000000,1110000000,0,467000000,0,0.028,0.48,311000000,778000000,0.04,778000000,311000000,263000000,0.21,0.21,0.21,5305000000,5888826500,5305000000,11256880201,36,14.469,687000000,1.074,1.0,5038000000,0.256,3015000000,48000000,4487000000,4618510250,2144000000,0,0,0,4995000000,3289000000,1706000000,10908621201,127000000,-19000000,-159000000,-27000000,-307000000,-493000000,-375000000,0,1043000000,-48000000,135000000,135000000,135000000,-10000000,0,0.007,4771000000,267000000,1867000000,2.286,2.056,80.805,81.19,1706000000,0,17.05,0.554,0.554,1928000000,6829000000,19684000000,19684000000,0,0.012,0.023,0.067,0.016,63000000,4096000000,1.0,639801830,639801830,,30.766,7293000000,0,128000000,0,11.399,1662000000
SPLS,MRY,2015-12-31,2016-01-30,2016-01-30,2017-08-24,-1116000000,10172000000,10313500000,5112000000,5060000000,1.819,8.353,-354000000,825000000,825000000,13857000000,379000000,1.566,0.891,1031000000,15000000,1016000000,1031000000,0,455000000,0,0.054,0.48,620000000,1075000000,0.057,1075000000,620000000,481000000,0.59,0.59,0.59,5376000000,5314500000,5376000000,5994115982,9,5.576,624000000,0.97,1.0,4907000000,0.262,2267000000,139000000,4846000000,4483500000,1791000000,0,0,0,4788000000,3265000000,1523000000,5741115982,198000000,-20000000,17000000,-92000000,-308000000,-378000000,-374000000,0,978000000,-28000000,379000000,379000000,379000000,83000000,0,0.02,4189000000,718000000,1685000000,0.814,1.068,15.148,15.119,1286000000,0,8.92,0.306,0.306,1543000000,6900000000,18764000000,18764000000,0,0.037,0.071,0.138,0.033,58000000,3993000000,1.0,643622868,643622868,,29.154,7905000000,0,102000000,0,12.282,1847000000
SPLS,MRY,2016-12-31,2017-01-28,2017-01-28,2017-08-24,-1053000000,8271000000,9989000000,5266000000,3005000000,1.827,5.669,-241000000,1137000000,1137000000,13489000000,-1497000000,1.44,1.241,1047000000,519000000,528000000,1047000000,0,436000000,0,0.052,0.48,-1309000000,-873000000,-0.048,-873000000,-1309000000,-1390000000,-2.31,-2.31,-2.31,3688000000,4595000000,3688000000,5930004080,-4,-6.793,693000000,1.065,1.0,4758000000,0.261,1471000000,81000000,3053000000,4463000000,1644000000,0,0,0,4575000000,3657000000,918000000,5959004080,312000000,11000000,17000000,-24000000,-311000000,-318000000,-311000000,-15000000,934000000,7000000,-1497000000,-1497000000,-1497000000,1038000000,0,-0.082,4967000000,-209000000,1528000000,-0.208,1.616,-3.981,-3.965,1121000000,0,9.16,0.327,0.327,1337000000,5092000000,18247000000,18247000000,0,-0.15,-0.326,-0.293,-0.072,61000000,3845000000,1.0,650546297,650546297,,28.049,6800000000,0,107000000,0,10.453,1609000000
