ticker,dimension,calendardate,datekey,reportperiod,lastupdated,accoci,assets,assetsavg,assetsc,assetsnc,assetturnover,bvps,capex,cashneq,cashnequsd,cor,consolinc,currentratio,de,debt,debtc,debtnc,debtusd,deferredrev,depamor,deposits,divyield,dps,ebit,ebitda,ebitdamargin,ebitdausd,ebitusd,ebt,eps,epsdil,epsusd,equity,equityavg,equityusd,ev,evebit,evebitda,fcf,fcfps,fxusd,gp,grossmargin,intangibles,intexp,invcap,invcapavg,inventory,investments,investmentsc,investmentsnc,liabilities,liabilitiesc,liabilitiesnc,marketcap,ncf,ncfbus,ncfcommon,ncfdebt,ncfdiv,ncff,ncfi,ncfinv,ncfo,ncfx,netinc,netinccmn,netinccmnusd,netincdis,netincnci,netmargin,opex,opinc,payables,payoutratio,pb,pe,pe1,ppnenet,prefdivis,price,ps,ps1,receivables,retearn,revenue,revenueusd,rnd,roa,roe,roic,ros,sbcomp,sgna,sharefactor,sharesbas,shareswa,shareswadil,sps,tangibles,taxassets,taxexp,taxliabilities,tbvps,workingcapital
SPTN,MRY,2011-12-31,2011-03-26,2011-03-26,2018-02-26,-13016000,751396000,761298500,212916000,538480000,3.327,13.502,-32988000,43824000,43824000,1976549000,32307000,1.286,1.46,174916000,4205000,170711000,174916000,0,35273000,0,0.013,0.2,67831000,103104000,0.041,103104000,67831000,52727000,1.43,1.42,1.43,305505000,292413000,305505000,491165217,7,4.764,56768000,2.511,1.0,556515000,0.22,241244000,15104000,475628000,486338500,103814000,0,0,0,445891000,165616000,280275000,341385217,34654000,-1250000,349000,-15405000,-4525000,-19369000,-33123000,0,89756000,0,32307000,32307000,32307000,232000,0,0.013,488549000,67966000,100919000,0.14,1.117,10.567,10.545,241448000,0,15.08,0.135,0.135,56344000,156435000,2533064000,2533064000,0,0.042,0.11,0.139,0.027,5160000,488017000,1.0,22638277,22606000,22688000,112.053,510152000,1526000,20420000,66241000,22.546,47300000
SPTN,MRY,2012-12-31,2012-03-31,2012-03-31,2018-02-26,-13793000,763473000,782795250,209637000,553836000,3.365,14.238,-41840000,26476000,26476000,2078116000,31758000,1.133,1.359,138014000,4449000,133565000,138014000,0,36767000,0,0.014,0.26,66481000,103248000,0.039,103248000,66481000,51444000,1.39,1.39,1.39,323608000,320724000,323608000,538633163,8,5.217,51894000,2.277,1.0,556110000,0.211,240194000,15037000,449864000,470915250,99778000,0,0,0,439865000,184953000,254912000,414463163,-17348000,-478000,-11199000,-50318000,-5926000,-67206000,-43800000,0,93734000,0,31758000,31758000,31758000,112000,0,0.012,489627000,66483000,107703000,0.187,1.281,13.051,13.036,256776000,0,18.12,0.157,0.157,58637000,182267000,2634226000,2634226000,0,0.041,0.099,0.141,0.025,4811000,489650000,1.0,22873243,22791000,22887000,115.582,523279000,1582000,19686000,96159000,23.024,24684000
SPTN,MRY,2013-12-31,2013-03-30,2013-03-30,2018-02-26,-13687000,789667000,788146750,206169000,583498000,3.309,15.431,-39572000,6097000,6097000,2062616000,27410000,1.068,1.353,149943000,4067000,145876000,149943000,0,38854000,0,0.018,0.32,56245000,95099000,0.036,95099000,56245000,42835000,1.26,1.25,1.26,335655000,327304000,335655000,543707836,9,5.717,19769000,0.908,1.0,545544000,0.209,246840000,13410000,493683000,511456750,124657000,0,0,0,454012000,192990000,261022000,381720836,-20379000,-13720000,-10983000,-5909000,-6899000,-26213000,-53056000,0,59341000,0,27410000,27410000,27410000,432000,0,0.011,484576000,60968000,120651000,0.254,1.137,13.926,13.929,272126000,0,17.55,0.146,0.147,60979000,202778000,2608160000,2608160000,0,0.035,0.084,0.11,0.022,3763000,482987000,1.0,21750475,21773000,21848000,119.789,542827000,2310000,15425000,80578000,24.955,13179000
SPTN,MRY,2014-12-31,2015-01-03,2015-01-03,2018-02-26,-11655000,1932282000,1971308000,913399000,1018883000,4.016,19.929,-79004000,6443000,6443000,6759988000,58596000,1.996,1.586,570268000,19758000,550510000,570268000,0,88475000,0,0.019,0.48,114339000,202814000,0.026,202814000,114339000,89925000,1.56,1.55,1.56,747253000,735976250,747253000,1516976687,13,7.48,60069000,1.602,1.0,1156074000,0.146,297280000,24414000,1741122000,1729731500,577197000,0,0,0,1185029000,457705000,727324000,968145687,-2773000,0,-3867000,-37834000,-18090000,-59962000,-81687000,-2776000,139073000,0,58596000,58596000,58596000,524000,0,0.007,1041228000,114846000,320037000,0.308,1.296,16.522,16.551,612330000,0,25.82,0.122,0.122,282697000,238117000,7916062000,7916062000,0,0.03,0.08,0.066,0.014,6240000,1022387000,1.0,37495960,37495960,,211.118,1635002000,0,31329000,113726000,43.605,455694000
SPTN,MRY,2015-12-31,2016-01-02,2016-01-02,2018-02-26,-11447000,1917263000,1933100750,883587000,1033676000,3.958,21.034,-58466000,22719000,22719000,6536291000,62710000,1.813,1.425,486796000,19003000,467793000,486796000,0,84905000,0,0.025,0.54,121623000,206528000,0.027,206528000,121623000,99803000,1.67,1.66,1.67,790779000,772947750,790779000,1352940935,11,6.551,161023000,4.283,1.0,1115682000,0.146,322902000,21820000,1571114000,1624127750,521164000,0,0,0,1126484000,487324000,639160000,813568935,16276000,-41517000,-5339000,-81353000,-20299000,-107696000,-95300000,283000,219489000,0,62710000,62710000,62710000,456000,0,0.008,992807000,122875000,353688000,0.323,1.029,12.974,12.958,583698000,0,21.64,0.106,0.106,317183000,280528000,7651973000,7651973000,0,0.032,0.081,0.075,0.016,5932000,975572000,1.0,37595607,37595607,,203.534,1594361000,0,37093000,116600000,42.408,396263000
SPTN,MRY,2016-12-31,2016-12-31,2016-12-31,2018-02-26,-11437000,1930336000,1942215500,893484000,1036852000,3.982,22.022,-67440000,24351000,24351000,6623106000,56828000,1.766,1.339,431099000,17424000,413675000,431099000,0,79183000,0,0.015,0.6,108817000,188000000,0.024,188000000,108817000,89735000,1.52,1.51,1.52,825407000,809084750,825407000,1949972557,17,10.372,87084000,2.323,1.0,1111494000,0.144,382888000,19082000,1448219000,1575584250,539857000,0,0,0,1104929000,505977000,598952000,1482007557,1632000,0,-6482000,-52889000,-22496000,-83927000,-68227000,221000,154524000,0,56828000,56828000,56828000,228000,0,0.007,1002727000,108767000,372432000,0.395,1.795,26.079,26.013,560243000,0,39.54,0.192,0.192,291568000,314860000,7734600000,7734600000,0,0.029,0.07,0.069,0.014,7498000,963652000,1.0,37481223,37481223,,206.359,1547448000,0,32907000,123243000,41.286,387507000
SPTN,MRY,2017-12-31,2017-12-30,2017-12-30,2018-02-26,-15136000,2055797000,2117180250,1004286000,1051511000,3.839,19.527,-66882000,15667000,15667000,6983173000,-52845000,2.031,1.848,749951000,9196000,740755000,749951000,0,84390000,0,0.025,0.66,-106529000,-22139000,-0.003,-22139000,-106529000,-131872000,-1.41,-1.41,-1.41,721950000,779606750,721950000,1644195783,-15,-74.267,-14039000,-0.38,1.0,1144909000,0.141,313078000,25343000,1982422000,1868228500,597162000,0,0,0,1333847000,494581000,839266000,986405783,-8684000,-226939000,-34992000,313955000,-24704000,254003000,-315393000,-6380000,52843000,0,-52845000,-52845000,-52845000,228000,0,-0.007,1251225000,-106316000,376977000,-0.468,1.366,-18.666,-18.922,600240000,0,26.68,0.121,0.121,344057000,239993000,8128082000,8128082000,0,-0.025,-0.068,-0.057,-0.013,9611000,1014665000,1.0,36971731,36971731,,219.846,1742719000,0,-79027000,42050000,47.137,509705000
