ticker,dimension,calendardate,datekey,reportperiod,lastupdated,accoci,assets,assetsavg,assetsc,assetsnc,assetturnover,bvps,capex,cashneq,cashnequsd,cor,consolinc,currentratio,de,debt,debtc,debtnc,debtusd,deferredrev,depamor,deposits,divyield,dps,ebit,ebitda,ebitdamargin,ebitdausd,ebitusd,ebt,eps,epsdil,epsusd,equity,equityavg,equityusd,ev,evebit,evebitda,fcf,fcfps,fxusd,gp,grossmargin,intangibles,intexp,invcap,invcapavg,inventory,investments,investmentsc,investmentsnc,liabilities,liabilitiesc,liabilitiesnc,marketcap,ncf,ncfbus,ncfcommon,ncfdebt,ncfdiv,ncff,ncfi,ncfinv,ncfo,ncfx,netinc,netinccmn,netinccmnusd,netincdis,netincnci,netmargin,opex,opinc,payables,payoutratio,pb,pe,pe1,ppnenet,prefdivis,price,ps,ps1,receivables,retearn,revenue,revenueusd,rnd,roa,roe,roic,ros,sbcomp,sgna,sharefactor,sharesbas,shareswa,shareswadil,sps,tangibles,taxassets,taxexp,taxliabilities,tbvps,workingcapital
SSL,MRY,2012-12-31,2012-06-30,2012-06-30,2017-11-30,0,197583000000,,61170000000,136413000000,,,-28539000000,16163000000,1970732975,78711000000,24202000000,2.231,0.556,13132000000,13132000000,0,1601167198,1053000000,0,0,0.046,1.95,36899000000,36899000000,0.232,4499045725,4499045725,35081000000,39.09,38.9,4.766,125196000000,,15264980856,,,,-1798000000,,8.202,80403000000,0.505,1482000000,1818000000,165647000000,,18920000000,13490000000,426000000,13064000000,69641000000,27423000000,42218000000,,-427000000,208000000,325000000,-1227000000,0,-1221000000,-26523000000,-38000000,26741000000,576000000,23580000000,23580000000,2875077866,0,622000000,0.148,41227000000,39176000000,21347000000,0.409,,,8.906,118326000000,0,42.45,,,25321000000,,159114000000,19400557238,1043000000,,,,0.232,0,4186000000,,,,,,196101000000,1836000000,11501000000,13674000000,,33747000000
SSL,MRY,2013-12-31,2013-06-30,2013-06-30,2017-11-30,0,246165000000,221874000000,86062000000,160103000000,0.766,,-30414000000,31303000000,3163363794,76617000000,27111000000,2.459,0.624,23862000000,23862000000,0,2411404238,1472000000,0,0,0.043,1.86,40677000000,40677000000,0.239,4110665082,4110665082,38869000000,43.38,43.3,4.384,149583000000,137389500000,15116297048,,,,5878000000,,9.895,93274000000,0.549,1992000000,1808000000,201738000000,183692500000,22619000000,13884000000,1526000000,12358000000,93272000000,34994000000,58278000000,,14558000000,-491000000,727000000,8049000000,0,8516000000,-30833000000,-39000000,36292000000,583000000,26274000000,26274000000,2655151913,0,837000000,0.155,49075000000,44199000000,25674000000,0.424,,,9.88,140854000000,0,43.31,,,28160000000,,169891000000,17168547374,1369000000,0.118,0.191,0.221,0.239,0,5102000000,1.0,,,,,244173000000,2498000000,12595000000,16974000000,,51068000000
SSL,MRY,2014-12-31,2014-06-30,2014-06-30,2017-11-30,0,280264000000,263214500000,97371000000,182893000000,0.77,261.677,-38779000000,38400000000,3622190444,89224000000,30417000000,2.497,0.617,26898000000,26898000000,0,2537231212,394000000,0,0,0.029,1.74,46201000000,46201000000,0.228,4358042206,4358042206,44276000000,48.57,48.27,4.582,170977000000,160280000000,16127897280,,,,5196000000,7.952,10.601,113459000000,0.56,2526000000,1925000000,227242000000,214490000000,26758000000,11466000000,420000000,11046000000,105495000000,38994000000,66501000000,38628341776,7526000000,2065000000,373000000,905000000,0,909000000,-37813000000,-579000000,43975000000,455000000,29580000000,29580000000,2790218576,0,837000000,0.146,64156000000,49303000000,27633000000,0.38,2.395,13.844,12.904,162769000000,0,59.12,2.02,2.02,29824000000,,202683000000,19118656922,604000000,0.112,0.185,0.215,0.228,0,5762000000,1.0,653388731,653388731,,29.261,277738000000,3693000000,14696000000,19343000000,425.073,58377000000
SSL,MRY,2015-12-31,2015-06-30,2015-06-30,2017-11-30,0,323599000000,301931500000,106678000000,216921000000,0.614,293.256,-42645000000,53351000000,4380842896,80169000000,31162000000,2.58,0.663,43125000000,43125000000,0,3541149179,822000000,0,0,0.047,1.73,46377000000,46377000000,0.25,3808182620,3808182620,44147000000,48.71,48.7,4.0,191610000000,181293500000,15733787695,23189868230,6,6.089,-1709000000,-2.616,12.178,105097000000,0.567,2293000000,2230000000,269738000000,248490000000,23141000000,12820000000,124000000,12696000000,127116000000,41342000000,85774000000,24214586370,15011000000,517000000,144000000,13286000000,0,13065000000,-42085000000,40000000,40936000000,3095000000,29716000000,29716000000,2440087861,0,1446000000,0.16,59798000000,45299000000,29855000000,0.433,1.539,9.924,9.266,197799000000,0,37.06,1.592,1.592,28410000000,,185266000000,15212858990,554000000,0.098,0.164,0.187,0.25,0,6041000000,1.0,653388731,653388731,,23.283,321306000000,3315000000,14431000000,23475000000,491.753,65336000000
SSL,MRY,2016-12-31,2016-06-30,2016-06-30,2017-11-30,0,390714000000,357156500000,108133000000,282581000000,0.484,316.541,-70497000000,52316000000,3540031397,71320000000,15027000000,2.599,0.861,83850000000,83850000000,0,5673821252,801000000,0,0,0.039,1.06,24256000000,24256000000,0.14,1641314350,1641314350,21916000000,21.66,21.66,1.466,206997000000,199303500000,14006726032,16968726839,10,10.338,-36562000000,-55.911,14.778,101622000000,0.588,2680000000,2340000000,377966000000,323852000000,23798000000,14103000000,42000000,14061000000,178296000000,41602000000,136694000000,17734670580,-852000000,21000000,54000000,30420000000,0,29178000000,-71034000000,-52000000,33935000000,7069000000,13225000000,13225000000,894887132,0,1802000000,0.076,65000000000,36622000000,33317000000,0.723,1.266,19.818,18.504,259065000000,0,27.12,1.515,1.515,28426000000,,172942000000,11702349374,282000000,0.037,0.066,0.075,0.14,0,6914000000,1.0,653933281,653933281,,17.895,388034000000,5876000000,8691000000,24569000000,593.385,66531000000
SSL,MRY,2017-12-31,2017-06-30,2017-06-30,2017-11-30,0,398939000000,394826500000,87954000000,310985000000,0.437,323.604,-56812000000,29446000000,2251447009,71436000000,21513000000,1.686,0.858,85626000000,85626000000,0,6546980969,1192000000,0,0,0.033,0.91,32134000000,32134000000,0.186,2456972023,2456972023,28869000000,33.36,33.27,2.551,211711000000,209354000000,16187465115,20582882577,8,8.377,-28332000000,-43.306,13.079,100971000000,0.586,2361000000,3265000000,400585000000,389275500000,25374000000,15539000000,2739000000,12800000000,181705000000,52173000000,129532000000,18285674864,-22857000000,344000000,0,9536000000,0,8547000000,-56677000000,-68000000,28480000000,-3207000000,20374000000,20374000000,1557800087,0,1139000000,0.118,68721000000,32250000000,36400000000,0.357,1.13,11.738,10.958,289507000000,0,27.95,1.387,1.387,27641000000,,172407000000,13182273467,491000000,0.052,0.097,0.083,0.186,0,6405000000,1.0,654228081,654228081,,20.149,396578000000,5620000000,8495000000,27763000000,606.177,35781000000
