ticker,dimension,calendardate,datekey,reportperiod,lastupdated,accoci,assets,assetsavg,assetsc,assetsnc,assetturnover,bvps,capex,cashneq,cashnequsd,cor,consolinc,currentratio,de,debt,debtc,debtnc,debtusd,deferredrev,depamor,deposits,divyield,dps,ebit,ebitda,ebitdamargin,ebitdausd,ebitusd,ebt,eps,epsdil,epsusd,equity,equityavg,equityusd,ev,evebit,evebitda,fcf,fcfps,fxusd,gp,grossmargin,intangibles,intexp,invcap,invcapavg,inventory,investments,investmentsc,investmentsnc,liabilities,liabilitiesc,liabilitiesnc,marketcap,ncf,ncfbus,ncfcommon,ncfdebt,ncfdiv,ncff,ncfi,ncfinv,ncfo,ncfx,netinc,netinccmn,netinccmnusd,netincdis,netincnci,netmargin,opex,opinc,payables,payoutratio,pb,pe,pe1,ppnenet,prefdivis,price,ps,ps1,receivables,retearn,revenue,revenueusd,rnd,roa,roe,roic,ros,sbcomp,sgna,sharefactor,sharesbas,shareswa,shareswadil,sps,tangibles,taxassets,taxexp,taxliabilities,tbvps,workingcapital
STAA,MRY,2011-12-31,2011-12-30,2011-12-30,2018-05-02,2405000,49006000,44435500,38654000,10352000,1.412,0.822,-936000,16711000,16711000,20396000,1348000,2.758,0.664,4301000,3177000,1124000,4301000,0,2266000,0,0.0,0.0,3227000,5493000,0.088,5493000,3227000,2704000,0.04,0.04,0.04,29458000,26696250,29458000,365937162,113,66.619,4410000,0.124,1.0,42369000,0.675,4775000,523000,17805000,16520250,10933000,0,0,0,19548000,14016000,5532000,378648162,7206000,0,3343000,-575000,0,2768000,-889000,0,5346000,-19000,1348000,1348000,1348000,0,0,0.021,39586000,2783000,4261000,0.0,12.854,280.896,262.25,4222000,0,10.49,6.033,5.922,9089000,-130690000,62765000,62765000,5868000,0.03,0.05,0.195,0.051,1914000,33718000,1.0,36096107,35434000,36878000,1.771,44231000,152000,1356000,1180000,1.235,24638000
STAA,MRY,2012-12-31,2012-12-28,2012-12-28,2018-05-02,1580000,54759000,51213250,44074000,10685000,1.245,0.872,-2271000,21675000,21675000,19492000,-1763000,2.456,0.725,7167000,6679000,488000,7167000,0,1961000,0,0.0,0.0,-228000,1733000,0.027,1733000,-228000,-519000,-0.05,-0.05,-0.05,31742000,31641750,31742000,197334192,-865,113.869,946000,0.026,1.0,44291000,0.694,3928000,291000,18374000,18482250,11673000,0,0,0,23017000,17949000,5068000,213040192,5093000,0,1514000,2769000,0,4283000,-2146000,0,3217000,-261000,-1763000,-1763000,-1763000,0,0,-0.028,45511000,-1220000,5129000,0.0,6.712,-120.84,-116.4,5439000,0,5.82,3.34,3.308,8543000,-132453000,63783000,63783000,6444000,-0.034,-0.056,-0.012,-0.004,3208000,39067000,1.0,36604844,36253000,36253000,1.759,50831000,187000,1244000,1324000,1.397,26125000
STAA,MRY,2013-12-31,2014-01-03,2014-01-03,2018-05-02,282000,61931000,57198000,50075000,11856000,1.263,1.045,-3448000,22954000,22954000,21906000,398000,2.72,0.594,5179000,5038000,141000,5179000,0,2151000,0,0.0,0.0,1284000,3435000,0.048,3435000,1284000,1114000,0.01,0.01,0.01,38852000,35995750,38852000,582790222,453,169.662,-93000,-0.003,1.0,50309000,0.697,3166000,170000,22578000,21870250,12514000,0,0,0,23079000,18412000,4667000,600487222,1279000,0,3286000,-841000,0,2445000,-3448000,0,3355000,-1073000,398000,398000,398000,0,0,0.006,49609000,700000,6263000,0.0,15.456,1508.762,1610.0,7405000,0,16.1,8.315,8.183,10731000,-132055000,72215000,72215000,6708000,0.007,0.011,0.059,0.018,4489000,42901000,1.0,37297343,36706000,38607000,1.967,58765000,999000,716000,2393000,1.581,31663000
STAA,MRY,2014-12-31,2015-01-02,2015-01-02,2018-05-02,-1070000,58911000,62596250,44897000,14014000,1.198,0.97,-4054000,13013000,13013000,26164000,-8392000,2.742,0.588,5017000,4549000,468000,5017000,0,2460000,0,0.0,0.0,-8491000,-6031000,-0.08,-6031000,-8491000,-8645000,-0.22,-0.22,-0.22,37099000,40207750,37099000,336241218,-39,-55.752,-12005000,-0.315,1.0,48823000,0.651,2656000,154000,31888000,30011000,15717000,0,0,0,21812000,16371000,5441000,349043218,-9941000,0,3022000,-490000,0,2532000,-4054000,0,-7951000,-468000,-8392000,-8392000,-8392000,0,0,-0.112,56850000,-8027000,6620000,0.0,9.408,-41.592,-41.045,10066000,0,9.03,4.655,4.587,11054000,-140447000,74987000,74987000,12363000,-0.134,-0.209,-0.283,-0.113,4663000,44487000,1.0,38653734,38091000,38091000,1.969,56255000,1291000,-253000,2005000,1.471,28526000
STAA,MRY,2015-12-31,2016-01-01,2016-01-01,2018-05-02,-1580000,62954000,60492500,49073000,13881000,1.275,1.001,-2043000,13402000,13402000,24400000,-6533000,2.744,0.621,4725000,4521000,204000,4725000,0,2401000,0,0.0,0.0,-5527000,-3126000,-0.041,-3126000,-5527000,-5605000,-0.17,-0.17,-0.17,38846000,38631500,38846000,273452432,-49,-87.477,-4205000,-0.107,1.0,52723000,0.684,2452000,78000,33938000,32619250,15921000,0,0,0,24108000,17887000,6221000,284805432,389000,0,4968000,-391000,0,4579000,-2043000,0,-2162000,15000,-6533000,-6533000,-6533000,0,0,-0.085,58060000,-5337000,6691000,0.0,7.332,-43.595,-42.0,10095000,0,7.14,3.693,3.635,15675000,-146980000,77123000,77123000,14761000,-0.108,-0.169,-0.169,-0.072,3304000,43299000,1.0,39888716,39260000,39260000,1.964,60502000,1156000,928000,2258000,1.559,31186000
STAA,MRY,2016-12-31,2016-12-30,2016-12-30,2018-05-02,-1050000,65477000,64748000,49517000,15960000,1.273,0.933,-3205000,13999000,13999000,24063000,-12129000,2.35,0.727,6820000,5481000,1339000,6820000,0,2892000,0,0.0,0.0,-12332000,-9440000,-0.115,-9440000,-12332000,-12444000,-0.3,-0.3,-0.3,37905000,37988250,37905000,433339659,-35,-45.905,-2156000,-0.053,1.0,58369000,0.708,2259000,112000,34972000,36045500,14825000,0,0,0,27572000,21067000,6505000,440608659,597000,0,2438000,-424000,0,2953000,-3205000,0,1049000,-200000,-12129000,-12129000,-12129000,0,0,-0.147,71024000,-12655000,8311000,0.0,11.624,-36.327,-36.167,11790000,0,10.85,5.345,5.308,16344000,-159109000,82432000,82432000,20294000,-0.187,-0.319,-0.342,-0.15,8558000,50730000,1.0,40609093,40329000,40329000,2.044,63218000,1139000,-315000,915000,1.556,28450000
STAA,MRY,2017-12-31,2017-12-29,2017-12-29,2018-05-02,-1150000,70478000,68064000,56436000,14042000,1.331,1.042,-1046000,18520000,18520000,26331000,-2139000,2.609,0.641,6247000,5716000,531000,6247000,0,3354000,0,0.0,0.0,-2184000,1170000,0.013,1170000,-2184000,-2296000,-0.05,-0.05,-0.05,42936000,39713250,42936000,628457580,-287,537.143,1807000,0.044,1.0,64280000,0.709,2057000,112000,34514000,35204500,13674000,0,0,0,27542000,21634000,5908000,638045580,4523000,0,3970000,-1300000,0,2437000,-1046000,0,2853000,279000,-2139000,-2139000,-2139000,0,0,-0.024,67911000,-3631000,6033000,0.0,14.86,-298.292,-310.0,9776000,0,15.5,7.042,7.014,20035000,-161248000,90611000,90611000,19116000,-0.031,-0.054,-0.062,-0.024,3161000,48795000,1.0,41164231,41004000,41004000,2.21,68421000,1242000,-157000,350000,1.661,34802000
