ticker,dimension,calendardate,datekey,reportperiod,lastupdated,accoci,assets,assetsavg,assetsc,assetsnc,assetturnover,bvps,capex,cashneq,cashnequsd,cor,consolinc,currentratio,de,debt,debtc,debtnc,debtusd,deferredrev,depamor,deposits,divyield,dps,ebit,ebitda,ebitdamargin,ebitdausd,ebitusd,ebt,eps,epsdil,epsusd,equity,equityavg,equityusd,ev,evebit,evebitda,fcf,fcfps,fxusd,gp,grossmargin,intangibles,intexp,invcap,invcapavg,inventory,investments,investmentsc,investmentsnc,liabilities,liabilitiesc,liabilitiesnc,marketcap,ncf,ncfbus,ncfcommon,ncfdebt,ncfdiv,ncff,ncfi,ncfinv,ncfo,ncfx,netinc,netinccmn,netinccmnusd,netincdis,netincnci,netmargin,opex,opinc,payables,payoutratio,pb,pe,pe1,ppnenet,prefdivis,price,ps,ps1,receivables,retearn,revenue,revenueusd,rnd,roa,roe,roic,ros,sbcomp,sgna,sharefactor,sharesbas,shareswa,shareswadil,sps,tangibles,taxassets,taxexp,taxliabilities,tbvps,workingcapital
STB,MRY,2011-12-31,2011-06-30,2011-06-30,2017-09-29,-8108000,430102000,402956500,48587000,381515000,0.758,2.464,-11587000,3712000,3712000,222593000,1519000,0.783,1.747,197424000,35800000,161624000,197424000,0,35283000,0,0.0,0.0,16396000,51679000,0.169,51679000,16396000,2021000,0.03,0.03,0.03,156544000,159962000,156544000,,,,20484000,0.322,1.0,82692000,0.271,194499000,14375000,367261000,342855000,2869000,0,0,0,273558000,62054000,211504000,394200219,-1136000,-53256000,-1809000,63502000,-25412000,31542000,-65670000,0,32071000,921000,1519000,1519000,1519000,0,0,0.005,70992000,11700000,1819000,0.0,2.518,259.513,193.333,170971000,0,5.8,1.291,1.207,30789000,-149717000,305285000,305285000,0,0.004,0.009,0.048,0.054,2548000,31414000,1.0,67965555,63532578,80967229,4.805,235603000,0,502000,36369000,3.708,-13467000
STB,MRY,2012-12-31,2012-06-30,2012-06-30,2017-09-29,-5720000,521800000,475951000,61216000,460584000,0.775,3.142,-47617000,5013000,5013000,271226000,2254000,1.567,1.511,215992000,575000,215417000,215992000,0,40586000,0,0.0,0.0,15489000,56075000,0.152,56075000,15489000,162000,0.03,0.03,0.03,207818000,182181000,207818000,600309410,38,10.705,-12707000,-0.192,1.0,97760000,0.265,217281000,15327000,476420000,421840500,3296000,0,0,0,313982000,39078000,274904000,412118410,1301000,-60934000,-2142000,27261000,-28302000,75649000,-109451000,0,34910000,193000,2254000,2254000,2254000,0,0,0.006,84373000,13387000,963000,0.0,1.983,182.839,202.121,226736000,0,6.064,1.117,1.087,35481000,-191319000,368986000,368986000,0,0.005,0.012,0.037,0.042,3619000,38455000,1.0,67965555,66139402,84134261,5.579,304519000,0,-2092000,42713000,4.604,22138000
STB,MRY,2013-12-31,2013-06-30,2013-06-30,2017-09-29,-7904000,512825000,517312500,62372000,450453000,0.819,2.449,-38988000,6929000,6929000,315032000,3869000,1.516,1.637,220244000,0,220244000,220244000,0,46047000,0,0.075,0.46,20445000,66492000,0.157,66492000,20445000,6103000,0.05,0.05,0.05,194482000,201150000,194482000,721172260,35,10.846,13111000,0.165,1.0,108656000,0.256,208123000,14342000,476880000,476650000,3287000,0,0,0,318343000,41137000,277206000,510193260,1916000,0,-4058000,28779000,-34548000,-10618000,-39418000,0,52099000,-147000,3869000,3869000,3869000,0,0,0.009,89003000,19653000,1724000,9.2,2.623,131.867,122.2,225269000,0,6.11,1.204,1.145,40971000,-231850000,423688000,423688000,0,0.007,0.019,0.043,0.048,3326000,42350000,1.0,83501352,79427661,94023225,5.334,304702000,0,2234000,40327000,3.836,21235000
STB,MRY,2014-12-31,2014-06-30,2014-06-30,2017-09-29,-7122000,543838000,528331500,76854000,466984000,0.926,1.937,-36641000,10858000,10858000,373060000,1417000,1.521,2.42,274098000,200000,273898000,274098000,0,50017000,0,0.071,0.47,17663000,67680000,0.138,67680000,17663000,1022000,0.02,0.02,0.02,159040000,176761000,159040000,751906886,42,11.11,9769000,0.119,1.0,116439000,0.238,206878000,16641000,549662000,513271000,3858000,0,0,0,384798000,50538000,334260000,538591886,3929000,-22756000,-1266000,55880000,-34147000,16908000,-59397000,0,46410000,8000,1417000,1417000,1417000,0,0,0.003,102565000,13874000,1656000,23.5,3.387,380.093,331.0,239223000,0,6.62,1.1,1.11,47731000,-276938000,489499000,489499000,0,0.003,0.008,0.034,0.036,3942000,46673000,1.0,81358291,82096947,100554123,5.962,336960000,0,-395000,41523000,4.104,26316000
STB,MRY,2015-12-31,2015-06-30,2015-06-30,2017-09-29,-2120000,535927000,539882500,77920000,458007000,1.028,2.288,-31389000,5333000,5333000,427536000,3655000,1.119,1.682,204936000,0,204936000,204936000,0,51131000,0,0.104,0.48,21151000,72282000,0.13,72282000,21151000,3739000,0.04,0.04,0.04,199807000,179423500,199807000,645852456,30,8.935,18330000,0.21,1.0,127215000,0.229,196838000,17412000,469066000,509364000,4148000,1776000,0,1776000,336120000,69626000,266494000,382612456,-5525000,-391000,-2862000,-49026000,-33657000,-20420000,-33698000,-1718000,49719000,-1126000,3655000,3655000,3655000,0,0,0.007,110053000,17162000,2230000,12.0,1.915,104.682,115.5,239009000,0,4.62,0.69,0.727,55275000,-315633000,554751000,554751000,0,0.007,0.02,0.042,0.038,4170000,54749000,1.0,82816549,87345708,108824430,6.351,339089000,0,84000,41558000,3.882,8294000
STB,MRY,2016-12-31,2016-06-30,2016-06-30,2017-09-29,13000,545176000,540551500,92738000,452438000,1.11,1.528,-64770000,7759000,7759000,457743000,6037000,1.444,2.737,269672000,0,269672000,269672000,0,51161000,0,0.086,0.44,23388000,74549000,0.124,74549000,23388000,8875000,0.06,0.06,0.06,145895000,172851000,145895000,693770392,29,9.306,3401000,0.036,1.0,142451000,0.237,200403000,14513000,542476000,505771000,4415000,0,0,0,399281000,64210000,335071000,494167392,2426000,-6182000,-26448000,69991000,-37873000,5536000,-70952000,0,68171000,-329000,6037000,6037000,6037000,0,0,0.01,118855000,23596000,8946000,7.333,3.387,81.856,85.667,233970000,0,5.14,0.823,0.818,63018000,-351108000,600194000,600194000,0,0.011,0.035,0.046,0.039,3967000,61897000,1.0,96141516,95495357,110098439,6.285,344773000,0,2838000,42083000,3.61,28528000
STB,MRY,2017-12-31,2017-06-30,2017-06-30,2017-09-29,189000,553808000,549492000,105136000,448672000,1.16,1.361,-29095000,10964000,10964000,485091000,6460000,1.469,3.38,291347000,0,291347000,291347000,0,50398000,0,0.072,0.44,28871000,79269000,0.124,79269000,28871000,11126000,0.07,0.07,0.07,126447000,136171000,126447000,822920336,28,10.381,26766000,0.288,1.0,152226000,0.239,196972000,17745000,565651000,554063500,4560000,0,0,0,427361000,71568000,355793000,557854336,3205000,0,-2457000,22991000,-38458000,-22767000,-29095000,0,55861000,-794000,6460000,6460000,6460000,0,0,0.01,124461000,27765000,1101000,6.286,4.412,86.355,86.714,231198000,0,6.07,0.875,0.885,68747000,-385915000,637317000,637317000,0,0.012,0.047,0.052,0.045,5802000,68037000,1.0,91903515,92936942,110553664,6.858,356836000,0,4666000,43865000,3.84,33568000
