ticker,dimension,calendardate,datekey,reportperiod,lastupdated,accoci,assets,assetsavg,assetsc,assetsnc,assetturnover,bvps,capex,cashneq,cashnequsd,cor,consolinc,currentratio,de,debt,debtc,debtnc,debtusd,deferredrev,depamor,deposits,divyield,dps,ebit,ebitda,ebitdamargin,ebitdausd,ebitusd,ebt,eps,epsdil,epsusd,equity,equityavg,equityusd,ev,evebit,evebitda,fcf,fcfps,fxusd,gp,grossmargin,intangibles,intexp,invcap,invcapavg,inventory,investments,investmentsc,investmentsnc,liabilities,liabilitiesc,liabilitiesnc,marketcap,ncf,ncfbus,ncfcommon,ncfdebt,ncfdiv,ncff,ncfi,ncfinv,ncfo,ncfx,netinc,netinccmn,netinccmnusd,netincdis,netincnci,netmargin,opex,opinc,payables,payoutratio,pb,pe,pe1,ppnenet,prefdivis,price,ps,ps1,receivables,retearn,revenue,revenueusd,rnd,roa,roe,roic,ros,sbcomp,sgna,sharefactor,sharesbas,shareswa,shareswadil,sps,tangibles,taxassets,taxexp,taxliabilities,tbvps,workingcapital
STL,MRY,2011-12-31,2011-09-30,2011-09-30,2018-05-05,5136000,3137402000,2993315750,,,0.035,11.53,-3465000,281512000,281512000,0,11739000,,6.277,375021000,,,375021000,0,7603000,2306396000,0.041,0.24,14546000,22149000,0.212,22149000,14546000,14546000,0.31,0.31,0.31,431134000,425020500,431134000,577735913,39,26.084,23013000,0.614,1.0,104657000,1.0,165490000,0,3065421000,3132914250,0,2547526000,,,2706268000,,,221434913,190640000,0,-3806000,-41229000,-8973000,101533000,62629000,70074000,26478000,0,11739000,11739000,11739000,0,0,0.112,90111000,14546000,0,0.774,0.514,18.863,18.774,40886000,0,5.82,2.116,2.083,0,165199000,104657000,104657000,0,0.004,0.028,0.005,0.139,1165000,58170000,1.0,38047236,37452596,37453542,2.794,2971912000,0,2807000,0,79.478,
STL,MRY,2012-12-31,2012-09-30,2012-09-30,2018-05-05,6899000,4022982000,3367014750,,,0.035,11.957,-1778000,437982000,437982000,0,19888000,,7.191,345176000,,,345176000,0,5991000,3123070000,0.026,0.24,26047000,32038000,0.271,32038000,26047000,26047000,0.52,0.52,0.52,491122000,453293250,491122000,618250545,23,19.297,23248000,0.608,1.0,118004000,1.0,170411000,0,3759765000,3390668500,0,3271192000,,,3531860000,,,415496545,156470000,126818000,46266000,-62021000,-9100000,422917000,-291473000,-416513000,25026000,0,19888000,19888000,19888000,0,0,0.169,91957000,26047000,0,0.462,0.846,20.892,18.096,38483000,0,9.41,3.521,3.048,0,175971000,118004000,118004000,0,0.006,0.044,0.008,0.221,1188000,60495000,1.0,44154787,38227653,38248046,3.087,3852571000,0,6159000,0,93.793,
STL,MRY,2013-12-31,2013-09-30,2013-09-30,2018-05-05,0,4049172000,3843388750,,,0.033,11.416,-2355000,113090000,113090000,0,25254000,,7.158,560986000,,,560986000,0,5539000,2974940000,0.03,0.33,36668000,42207000,0.33,42207000,36668000,36668000,0.58,0.58,0.58,498196000,491738750,498196000,926638225,25,21.955,20269000,0.463,1.0,127709000,1.0,169008000,0,4328060000,4016671500,0,3617736000,,,3566306000,,,482999225,-324892000,4738000,97000,214257000,-10642000,55582000,-403098000,-405481000,22624000,0,25254000,25254000,25254000,0,0,0.198,91041000,36668000,0,0.569,0.969,19.126,18.776,36520000,0,10.89,3.782,3.729,0,187889000,127709000,127709000,0,0.007,0.051,0.009,0.287,2239000,62786000,1.0,44352546,43734425,43783053,2.92,3880164000,0,11414000,0,88.916,
STL,MRY,2014-12-31,2014-09-30,2014-09-30,2018-05-05,0,7337387000,7044993000,,,0.035,11.627,-2274000,177619000,177619000,0,27678000,,6.556,939069000,,,939069000,0,15915000,5303148000,0.709,9.07,37830000,53745000,0.218,53745000,37830000,37830000,0.34,0.34,0.34,972597000,946901250,972597000,1914667155,50,35.625,125390000,1.562,1.0,246258000,1.0,434204000,0,7664633000,7263129000,0,6493645000,,,6376249000,,,1069399155,64529000,277798000,3042000,187189000,-17677000,203572000,-266707000,-542231000,127664000,0,27678000,27678000,27678000,0,0,0.112,208428000,37830000,0,26.676,1.1,38.637,37.618,43286000,0,12.79,4.343,4.169,0,197460000,246258000,246258000,0,0.004,0.029,0.005,0.154,3704000,117941000,1.0,83612131,80268970,80534043,3.068,6903183000,0,10152000,0,82.527,
STL,MRY,2015-12-31,2015-12-31,2015-12-31,2018-05-05,-12124000,11955952000,10711810500,,,0.033,12.646,-8047000,229513000,229513000,0,66114000,,6.18,1525344000,,,1525344000,0,17519000,8593785000,0.017,0.28,97949000,115468000,0.322,115468000,97949000,97949000,0.6,0.6,0.6,1665073000,1505232500,1665073000,2734303608,27,23.68,83709000,0.762,1.0,358267000,1.0,748066000,0,12503717000,10852390250,0,10603906000,,,10290879000,,,2104394608,107993000,854318000,0,0,0,652996000,-636759000,-1486730000,91756000,0,66114000,66114000,66114000,0,0,0.185,260318000,97949000,0,0.467,1.264,31.83,27.033,63362000,0,16.22,5.874,4.976,0,245408000,358267000,358267000,0,0.006,0.044,0.009,0.273,4580000,137854000,1.0,129740728,109907645,110329353,3.26,11207886000,0,31835000,0,85.125,
STL,MRY,2016-12-31,2016-12-31,2016-12-31,2018-05-05,-26635000,14178447000,13431569750,,,0.034,14.024,-4155000,293646000,293646000,0,139972000,,6.643,2056612000,,,2056612000,0,20791000,10081831000,0.012,0.28,207354000,228145000,0.501,228145000,207354000,207354000,1.07,1.07,1.07,1855183000,1763617500,1855183000,4131835361,19,18.111,194744000,1.491,1.0,455256000,1.0,762953000,0,15178460000,13932598250,0,12759433000,,,12323264000,,,3060767361,64133000,-346690000,0,0,0,2075378000,-2210144000,-1861530000,198899000,0,139972000,139972000,139972000,0,0,0.307,238173000,217083000,0,0.262,1.65,21.867,21.869,57318000,0,23.4,6.723,6.713,0,349308000,455256000,455256000,0,0.01,0.079,0.015,0.455,6518000,160402000,1.0,130802024,130607994,131234462,3.486,13415494000,0,67382000,0,101.414,
STL,MRY,2017-12-31,2017-12-31,2017-12-31,2018-05-05,-26166000,30359541000,19293912750,,,0.032,26.919,-8259000,479906000,479906000,0,93031000,,6.16,4991210000,,,4991210000,0,24678000,20660845000,0.011,0.28,180970000,205648000,0.335,205648000,180970000,180970000,0.58,0.58,0.58,4240178000,2507913500,4240178000,8574390059,47,41.694,234346000,1.488,1.0,614345000,1.0,1733082000,0,33137763000,21294881250,0,26694995000,,,26119363000,,,5527810059,186260000,275409000,0,0,0,1352949000,-1409294000,-1680029000,242605000,0,93031000,91029000,91029000,0,0,0.148,433375000,180970000,0,0.483,1.304,60.726,42.414,321722000,2002000,24.6,8.998,6.307,0,401956000,614345000,614345000,0,0.005,0.036,0.008,0.295,8110000,193597000,1.0,224707726,157513639,158124270,3.9,28626459000,0,87939000,0,181.74,
