ticker,dimension,calendardate,datekey,reportperiod,lastupdated,accoci,assets,assetsavg,assetsc,assetsnc,assetturnover,bvps,capex,cashneq,cashnequsd,cor,consolinc,currentratio,de,debt,debtc,debtnc,debtusd,deferredrev,depamor,deposits,divyield,dps,ebit,ebitda,ebitdamargin,ebitdausd,ebitusd,ebt,eps,epsdil,epsusd,equity,equityavg,equityusd,ev,evebit,evebitda,fcf,fcfps,fxusd,gp,grossmargin,intangibles,intexp,invcap,invcapavg,inventory,investments,investmentsc,investmentsnc,liabilities,liabilitiesc,liabilitiesnc,marketcap,ncf,ncfbus,ncfcommon,ncfdebt,ncfdiv,ncff,ncfi,ncfinv,ncfo,ncfx,netinc,netinccmn,netinccmnusd,netincdis,netincnci,netmargin,opex,opinc,payables,payoutratio,pb,pe,pe1,ppnenet,prefdivis,price,ps,ps1,receivables,retearn,revenue,revenueusd,rnd,roa,roe,roic,ros,sbcomp,sgna,sharefactor,sharesbas,shareswa,shareswadil,sps,tangibles,taxassets,taxexp,taxliabilities,tbvps,workingcapital
STRT,MRY,2011-12-31,2011-07-03,2011-07-03,2018-05-10,-21750000,148088000,147075250,94402000,53686000,1.774,27.392,-9420000,17250000,17250000,218770000,7590000,1.851,0.644,1850000,1850000,0,1850000,0,6619000,0,0.057,1.2,8133000,14752000,0.057,14752000,8133000,7958000,1.65,1.63,1.65,90064000,79451000,90064000,58905652,7,3.993,-1049000,-0.319,1.0,42163000,0.162,0,175000,81700000,83333250,22135000,8776000,0,8776000,58024000,50988000,7036000,69435652,-4617000,-472000,0,-1150000,-3989000,-5037000,-7792000,0,8371000,-159000,5418000,5418000,5418000,0,2172000,0.021,33443000,8720000,22851000,0.727,0.771,12.816,12.806,40636000,0,21.13,0.266,0.266,39649000,164138000,260933000,260933000,0,0.037,0.068,0.098,0.031,621000,33443000,1.0,3286117,3285000,3323000,79.432,148088000,7665000,2540000,1734000,45.039,43414000
STRT,MRY,2012-12-31,2012-07-01,2012-07-01,2018-05-10,-35757000,166038000,153550250,101291000,64747000,1.819,26.46,-13539000,17487000,17487000,228971000,12253000,1.778,0.9,0,0,0,0,0,6809000,0,0.019,0.4,12463000,19272000,0.069,19272000,12463000,12382000,2.66,2.64,2.66,87398000,91069500,87398000,54835243,4,2.845,3702000,1.122,1.0,50263000,0.18,0,81000,91578000,87003500,21236000,8139000,0,8139000,78640000,56973000,21667000,69499243,237000,-200000,0,-1850000,-1341000,-3505000,-13739000,0,17241000,240000,8793000,8793000,8793000,0,3460000,0.031,33920000,16343000,24149000,0.15,0.795,7.904,7.91,46330000,0,21.04,0.249,0.249,44496000,171590000,279234000,279234000,0,0.057,0.097,0.143,0.045,825000,33920000,1.0,3303196,3300000,3330000,84.616,166038000,14961000,3589000,2934000,50.269,44318000
STRT,MRY,2013-12-31,2013-06-30,2013-06-30,2018-05-10,-22212000,169500000,169403500,106499000,63001000,1.76,33.357,-12424000,20307000,20307000,244313000,11513000,2.1,0.515,2250000,2250000,0,2250000,0,7490000,0,0.011,0.4,14775000,22265000,0.075,22265000,14775000,14741000,2.77,2.72,2.77,111880000,98259500,111880000,109784784,7,4.931,3241000,0.974,1.0,53866000,0.181,0,34000,100718000,99283250,24312000,9166000,0,9166000,57620000,50725000,6895000,124539784,2820000,-965000,0,2250000,-1352000,660000,-13389000,0,15665000,-116000,9375000,9375000,9375000,0,2138000,0.031,37078000,16788000,25543000,0.144,1.113,13.284,13.487,51415000,0,37.36,0.418,0.417,47514000,179614000,298179000,298179000,0,0.055,0.095,0.149,0.05,1062000,34934000,1.0,3333506,3327000,3379000,89.624,169500000,4267000,5366000,1009000,50.537,55774000
STRT,MRY,2014-12-31,2014-06-29,2014-06-29,2018-05-10,-20198000,213036000,189698000,135639000,77397000,1.837,38.843,-12741000,19756000,19756000,282621000,19140000,2.078,0.579,2500000,0,2500000,2500000,0,8267000,0,0.007,0.44,25143000,33410000,0.096,33410000,25143000,25098000,4.7,4.59,4.7,134903000,124375500,134903000,211085565,8,6.318,-1222000,-0.356,1.0,65798000,0.189,0,45000,130517000,117138000,30502000,9977000,0,9977000,78133000,65263000,12870000,229079565,-551000,-285000,0,250000,-1542000,961000,-13026000,0,11519000,-5000,16424000,16424000,16424000,0,2716000,0.047,39274000,26524000,36053000,0.094,1.698,13.948,14.055,55781000,0,66.06,0.657,0.65,68822000,194498000,348419000,348419000,0,0.087,0.132,0.215,0.072,1128000,39274000,1.0,3467750,3428000,3513000,101.639,213036000,5671000,8674000,5654000,61.341,70376000
STRT,MRY,2015-12-31,2015-06-28,2015-06-28,2018-05-10,-26859000,230834000,231832500,128606000,102228000,1.775,43.21,-26096000,25695000,25695000,338815000,24551000,1.987,0.515,10000000,0,10000000,10000000,0,8815000,0,0.007,0.48,30107000,38922000,0.095,38922000,30107000,30036000,5.8,5.66,5.8,152401000,149921500,152401000,235003358,7,6.038,5363000,1.526,1.0,72660000,0.177,0,71000,150404000,148510750,34786000,15326000,0,15326000,78433000,64735000,13698000,252038358,5939000,-4699000,0,7500000,-1711000,5827000,-30795000,0,31459000,-552000,20654000,20654000,20654000,0,3897000,0.05,41534000,31126000,27838000,0.083,1.654,12.203,12.114,71126000,0,70.26,0.613,0.6,58807000,213442000,411475000,411475000,0,0.089,0.138,0.203,0.073,1323000,41534000,1.0,3587224,3515000,3604000,117.063,230834000,5966000,9382000,0,65.448,63871000
STRT,MRY,2016-12-31,2016-07-03,2016-07-03,2018-05-10,-37673000,242176000,241951750,134451000,107725000,1.659,43.341,-23420000,15477000,15477000,336594000,14122000,2.094,0.567,20000000,0,20000000,20000000,0,10121000,0,0.012,0.52,14393000,24514000,0.061,24514000,14393000,14217000,2.55,2.51,2.55,154512000,156383250,154512000,145753360,10,5.946,-15202000,-4.271,1.0,64825000,0.161,0,176000,182484000,171633750,38683000,14168000,0,14168000,87664000,64215000,23449000,150911360,-10218000,-1845000,0,10000000,-1865000,7210000,-25265000,0,8218000,-381000,9149000,9149000,9149000,0,4973000,0.023,43917000,20908000,32416000,0.204,0.977,16.495,16.6,85149000,0,42.33,0.376,0.375,63726000,220728000,401419000,401419000,0,0.038,0.059,0.084,0.036,1625000,43917000,1.0,3565116,3559000,3621000,112.79,242176000,9213000,5068000,0,67.932,70236000
STRT,MRY,2017-12-31,2017-07-02,2017-07-02,2018-05-10,-32888000,273714000,257352500,129005000,144709000,1.622,48.056,-37008000,8361000,8361000,357163000,12110000,1.9,0.585,30000000,0,30000000,30000000,0,11418000,0,0.016,0.56,11898000,23316000,0.056,23316000,11898000,11481000,2.01,1.96,2.01,172714000,162403250,172714000,150915849,12,6.473,-13866000,-3.865,1.0,60162000,0.144,0,417000,227458000,206226250,35476000,16840000,0,16840000,101000000,67895000,33105000,129906849,-7116000,-2530000,0,10000000,-2012000,9226000,-39538000,0,23142000,54000,7197000,7197000,7197000,0,4913000,0.017,46460000,13702000,39679000,0.279,0.752,18.05,17.612,111591000,0,35.4,0.311,0.304,64933000,225913000,417325000,417325000,0,0.028,0.044,0.058,0.029,1508000,46460000,1.0,3669685,3588000,3670000,116.311,273714000,256000,4284000,0,76.159,61110000
