ticker,dimension,calendardate,datekey,reportperiod,lastupdated,accoci,assets,assetsavg,assetsc,assetsnc,assetturnover,bvps,capex,cashneq,cashnequsd,cor,consolinc,currentratio,de,debt,debtc,debtnc,debtusd,deferredrev,depamor,deposits,divyield,dps,ebit,ebitda,ebitdamargin,ebitdausd,ebitusd,ebt,eps,epsdil,epsusd,equity,equityavg,equityusd,ev,evebit,evebitda,fcf,fcfps,fxusd,gp,grossmargin,intangibles,intexp,invcap,invcapavg,inventory,investments,investmentsc,investmentsnc,liabilities,liabilitiesc,liabilitiesnc,marketcap,ncf,ncfbus,ncfcommon,ncfdebt,ncfdiv,ncff,ncfi,ncfinv,ncfo,ncfx,netinc,netinccmn,netinccmnusd,netincdis,netincnci,netmargin,opex,opinc,payables,payoutratio,pb,pe,pe1,ppnenet,prefdivis,price,ps,ps1,receivables,retearn,revenue,revenueusd,rnd,roa,roe,roic,ros,sbcomp,sgna,sharefactor,sharesbas,shareswa,shareswadil,sps,tangibles,taxassets,taxexp,taxliabilities,tbvps,workingcapital
STZ,MRY,2011-12-31,2011-02-28,2011-02-28,2018-04-23,188800000,7167600000,7799650000,2083000000,5084600000,0.427,12.265,-89100000,9200000,9200000,2141900000,559500000,3.142,1.809,3236300000,99600000,3136700000,3236300000,0,124700000,0,0.0,0.0,746300000,871000000,0.261,871000000,746300000,551000000,2.68,2.62,2.68,2551900000,2499550000,2551900000,7966786295,10,9.147,530600000,2.516,1.0,1190100000,0.357,3506100000,195300000,6225700000,6685625000,1369300000,0,0,0,4615700000,662900000,3952800000,4256186295,-34300000,219700000,-234700000,-618400000,0,-846100000,188100000,30300000,619700000,4000000,559500000,559500000,559500000,0,0,0.168,687600000,502500000,129200000,0.0,1.668,7.607,7.582,1219600000,0,20.32,1.277,1.286,417400000,1662300000,3332000000,3332000000,0,0.072,0.224,0.112,0.224,46000000,640900000,1.0,209457987,210910000,237451000,15.798,3661500000,0,-8500000,597300000,17.598,1420100000
STZ,MRY,2012-12-31,2012-02-29,2012-02-29,2018-04-23,173700000,7109900000,7111300000,2034300000,5075600000,0.373,13.623,-68400000,85800000,85800000,1592200000,445000000,1.696,1.657,3129500000,708100000,2421400000,3129500000,0,103800000,0,0.0,0.0,715000000,818800000,0.308,818800000,715000000,534000000,2.2,2.13,2.2,2676000000,2682050000,2676000000,7409507383,10,9.049,715700000,3.503,1.0,1062100000,0.4,3499300000,181000000,5454700000,5612225000,1374500000,0,0,0,4433900000,1199600000,3234300000,4360707383,76600000,-82300000,-357700000,-226100000,0,-575100000,-135100000,20200000,784100000,2700000,445000000,445000000,445000000,0,0,0.168,575600000,486500000,130500000,0.0,1.63,9.799,9.927,1255800000,0,21.84,1.643,1.681,437600000,2107300000,2654300000,2654300000,0,0.063,0.166,0.127,0.269,47600000,537500000,1.0,199666089,204314000,232245000,12.991,3610600000,0,89000000,633500000,18.381,834700000
STZ,MRY,2013-12-31,2013-02-28,2013-02-28,2018-04-23,132100000,7638100000,7752375000,2471200000,5166900000,0.361,15.645,-62100000,331500000,331500000,1687800000,387800000,3.645,1.67,3305400000,27600000,3277800000,3305400000,0,115400000,0,0.0,0.0,743500000,858900000,0.307,858900000,743500000,516400000,2.15,2.04,2.15,2860300000,2638375000,2860300000,11269140537,15,13.12,494200000,2.713,1.0,1108300000,0.396,3593700000,227100000,6340400000,6662350000,1480900000,0,0,0,4777800000,677900000,4099900000,8124540537,245700000,-159300000,-220300000,104400000,0,-98700000,-206800000,0,556300000,-5100000,387800000,387800000,387800000,0,0,0.139,585400000,522900000,209000000,0.0,2.84,20.95,20.577,1229000000,0,44.24,2.906,2.883,471900000,2495100000,2796100000,2796100000,0,0.05,0.147,0.112,0.266,40800000,585400000,1.0,183646938,182190000,213839000,15.347,4044400000,0,128600000,618500000,22.122,1793300000
STZ,MRY,2014-12-31,2014-02-28,2014-02-28,2018-04-23,86000000,14302100000,13053400000,2747200000,11554900000,0.373,26.226,-223500000,63900000,63900000,2876000000,1943100000,1.356,1.871,7020500000,647200000,6373300000,7020500000,0,155300000,0,0.0,0.0,2525500000,2680800000,0.551,2680800000,2525500000,2202300000,10.45,9.83,10.45,4981300000,4319725000,4981300000,22470113974,8,8.382,602700000,3.203,1.0,1991700000,0.409,9377900000,323200000,9855100000,9554650000,1743800000,0,0,0,9320800000,2025700000,7295100000,15400713974,-267600000,-4681300000,125900000,3603700000,0,3777000000,-4863800000,0,826200000,-7000000,1943100000,1943100000,1943100000,0,0,0.399,1196000000,795700000,295200000,0.0,3.092,7.926,7.754,2014300000,0,81.03,3.164,3.132,626200000,4438200000,4867700000,4867700000,0,0.149,0.45,0.264,0.519,49900000,895100000,1.0,190061878,188154000,221037000,25.871,4924200000,0,259200000,790300000,25.925,721500000
STZ,MRY,2015-12-31,2015-02-28,2015-02-28,2018-04-23,-130900000,15093000000,14893325000,2910800000,12182200000,0.405,29.779,-719400000,110100000,110100000,3449400000,836200000,2.574,1.596,7296500000,210500000,7086000000,7296500000,0,202000000,0,0.0,0.0,1520400000,1722400000,0.286,1722400000,1520400000,1182700000,4.4,4.17,4.4,5770700000,5545025000,5770700000,29446718889,19,17.096,361600000,1.876,1.0,2578600000,0.428,9389200000,337700000,11759500000,10978125000,1827200000,0,0,0,9211700000,1130700000,8081000000,22195218889,46200000,-310300000,63700000,312400000,0,-16400000,-1015900000,0,1081000000,-2500000,839300000,839300000,839300000,0,-3100000,0.139,1078400000,1500200000,285800000,0.0,3.846,26.445,26.073,2681600000,0,114.72,3.682,3.668,598900000,5277500000,6028000000,6028000000,0,0.056,0.151,0.138,0.252,55000000,1078400000,1.0,193472968,192722000,224621000,31.278,5703800000,0,343400000,847600000,29.434,1780100000
STZ,MRY,2016-12-31,2016-02-29,2016-02-29,2018-04-23,-452500000,16965000000,16010575000,2977600000,13987400000,0.409,32.903,-891300000,83100000,83100000,3606100000,1060600000,1.31,1.566,8081200000,1265000000,6816200000,8081200000,0,180300000,0,0.009,1.24,1809400000,1989700000,0.304,1989700000,1809400000,1495500000,5.42,5.18,5.42,6559600000,6264325000,6559600000,35090154223,19,17.636,522400000,2.655,1.0,2942300000,0.449,10542400000,313900000,12148400000,11905700000,1851600000,0,0,0,10273200000,2272300000,8000900000,28178454223,-27000000,-1316400000,79200000,748600000,-241600000,776000000,-2207400000,0,1413700000,-9300000,1054900000,1054900000,1054900000,0,5700000,0.161,1177200000,1765100000,429300000,0.229,4.296,26.712,26.094,3333400000,0,141.43,4.303,4.249,732500000,6090500000,6548400000,6548400000,0,0.066,0.168,0.152,0.276,54000000,1177200000,1.0,199239583,196746000,227184000,33.284,6422600000,0,440600000,1055800000,32.216,705300000
STZ,MRY,2017-12-31,2017-02-28,2017-02-28,2018-04-23,-399800000,18602400000,18067475000,3230000000,15372400000,0.406,35.235,-907400000,177400000,177400000,3802100000,1539200000,1.197,1.7,9238100000,1517400000,7720700000,9238100000,0,237500000,0,0.01,1.6,2422600000,2660100000,0.363,2660100000,2422600000,2089300000,7.79,7.52,7.79,6891200000,6984900000,6891200000,39570206662,16,14.875,788600000,3.957,1.0,3529400000,0.481,11298200000,333300000,13667300000,12906450000,1955100000,0,0,0,11717600000,2697600000,9020000000,31135906662,94300000,-535700000,-1063000000,1176800000,-315100000,-134800000,-1461800000,0,1696000000,-5100000,1535100000,1535100000,1535100000,0,4100000,0.209,1392400000,2137000000,559800000,0.205,4.518,20.283,20.386,3932800000,0,158.81,4.247,4.317,737000000,7310000000,7331500000,7331500000,0,0.085,0.22,0.188,0.33,56100000,1392400000,1.0,196057595,199287000,227452000,36.789,7304200000,0,554200000,1133600000,37.347,532400000
STZ,MRY,2018-12-31,2018-02-28,2018-02-28,2018-04-23,-202900000,20538700000,19755900000,3474000000,17064700000,0.384,41.562,-1057600000,90300000,90300000,3767800000,2330800000,1.786,1.551,10186700000,769100000,9417600000,10186700000,0,293800000,0,0.005,1.04,2662800000,2956600000,0.39,2956600000,2662800000,2330800000,12.04,11.55,12.04,8046100000,7839450000,8046100000,51151856481,19,17.301,873800000,4.486,1.0,3817200000,0.503,11387900000,332000000,17302500000,15483550000,2084000000,0,0,0,12476000000,1944700000,10531300000,41956156481,-87100000,-155100000,-989100000,819700000,-400100000,-601200000,-1423100000,-191300000,1931400000,5800000,2318900000,2318900000,2318900000,0,11900000,0.306,1532700000,2284500000,592200000,0.086,5.214,18.093,17.897,4789700000,0,215.48,5.531,5.534,776200000,9228200000,7585000000,7585000000,0,0.117,0.296,0.172,0.351,60900000,1532700000,1.0,194710212,194793000,224081000,38.939,9150800000,0,11900000,718300000,47.268,1529300000
