ticker,dimension,calendardate,datekey,reportperiod,lastupdated,accoci,assets,assetsavg,assetsc,assetsnc,assetturnover,bvps,capex,cashneq,cashnequsd,cor,consolinc,currentratio,de,debt,debtc,debtnc,debtusd,deferredrev,depamor,deposits,divyield,dps,ebit,ebitda,ebitdamargin,ebitdausd,ebitusd,ebt,eps,epsdil,epsusd,equity,equityavg,equityusd,ev,evebit,evebitda,fcf,fcfps,fxusd,gp,grossmargin,intangibles,intexp,invcap,invcapavg,inventory,investments,investmentsc,investmentsnc,liabilities,liabilitiesc,liabilitiesnc,marketcap,ncf,ncfbus,ncfcommon,ncfdebt,ncfdiv,ncff,ncfi,ncfinv,ncfo,ncfx,netinc,netinccmn,netinccmnusd,netincdis,netincnci,netmargin,opex,opinc,payables,payoutratio,pb,pe,pe1,ppnenet,prefdivis,price,ps,ps1,receivables,retearn,revenue,revenueusd,rnd,roa,roe,roic,ros,sbcomp,sgna,sharefactor,sharesbas,shareswa,shareswadil,sps,tangibles,taxassets,taxexp,taxliabilities,tbvps,workingcapital
SUP,MRY,2011-12-31,2011-12-25,2011-12-25,2018-05-09,-65600000,593231000,584860500,404283000,188948000,1.406,16.955,-15302000,187795000,187795000,755112000,67169000,5.898,0.288,0,0,0,0,0,27538000,0,0.039,0.48,41926000,69464000,0.084,69464000,41926000,41926000,2.48,2.46,2.48,460515000,435731000,460515000,304340726,7,4.381,52358000,1.928,1.0,67060000,0.082,0,0,336886000,355784750,66933000,9851000,5126000,4725000,132716000,68550000,64166000,451407726,58164000,2867000,4546000,0,-17358000,-12509000,3681000,16796000,67660000,-668000,67169000,67169000,67169000,0,0,0.082,27225000,39835000,29018000,0.258,0.98,6.72,6.702,145747000,0,16.62,0.549,0.549,119895000,457340000,822172000,822172000,0,0.115,0.154,0.118,0.051,2251000,25888000,1.0,27160513,27160513,,30.271,593231000,27044000,-25243000,33102000,21.842,335733000
SUP,MRY,2012-12-31,2012-12-30,2012-12-30,2018-05-09,-62614000,599601000,604979500,404908000,194693000,1.358,17.134,-21164000,203364000,203364000,760847000,30891000,6.082,0.284,0,0,0,0,0,26362000,0,0.065,1.28,34489000,60851000,0.074,60851000,34489000,34489000,1.13,1.13,1.13,466905000,470344750,466905000,317841310,9,5.223,44597000,1.637,1.0,60607000,0.074,0,0,329659000,325017250,71948000,8608000,3970000,4638000,132696000,66578000,66118000,532735310,15569000,0,1530000,0,-34878000,-33344000,-18532000,1156000,65761000,1684000,30891000,30891000,30891000,0,0,0.038,27727000,32880000,32400000,1.133,1.141,17.246,17.301,147544000,0,19.55,0.649,0.649,98467000,457700000,821454000,821454000,0,0.051,0.066,0.106,0.042,2072000,27727000,1.0,27249888,27249888,,30.145,599601000,29898000,3598000,30204000,22.004,338330000
SUP,MRY,2013-12-31,2013-12-29,2013-12-29,2018-05-09,-60363000,653388000,629026250,384218000,269170000,1.255,17.561,-67964000,199301000,199301000,725503000,22824000,3.864,0.353,0,0,0,0,0,28466000,0,0.009,0.18,36841000,65307000,0.083,65307000,36841000,36841000,0.83,0.83,0.83,483063000,481971000,483063000,383945043,10,5.879,1288000,0.047,1.0,64061000,0.081,0,0,354657000,358823250,67193000,8315000,3750000,4565000,170325000,99430000,70895000,566669043,-4063000,0,-5268000,0,-550000,-5566000,-67424000,220000,69252000,-325000,22824000,22824000,22824000,0,0,0.029,29468000,34593000,34494000,0.217,1.173,24.828,24.819,219892000,0,20.6,0.718,0.718,89623000,468121000,789564000,789564000,0,0.036,0.047,0.103,0.047,2685000,29468000,1.0,27508206,27508206,,28.703,653388000,30165000,14017000,36120000,23.752,284788000
SUP,MRY,2014-12-31,2014-12-28,2014-12-28,2018-05-09,-81425000,579910000,622663750,276011000,303899000,1.197,16.486,-110683000,62451000,62451000,695225000,8803000,3.836,0.321,0,0,0,0,0,35582000,0,0.036,0.72,15702000,51284000,0.069,51284000,15702000,15702000,0.33,0.33,0.33,439006000,463654500,439006000,449459700,28,8.764,-99056000,-3.72,1.0,50222000,0.067,0,0,445497000,426681250,74677000,5750000,3750000,2000000,140904000,71962000,68942000,532592700,-136850000,0,-14367000,0,-19351000,-33612000,-110435000,0,11627000,-4430000,8803000,8803000,8803000,0,0,0.012,32309000,17913000,23938000,2.182,1.213,60.501,60.606,255035000,0,20.0,0.714,0.714,102493000,438958000,745447000,745447000,0,0.014,0.019,0.037,0.021,2315000,32309000,1.0,26629635,26629635,,27.993,579910000,31489000,6899000,28743000,21.777,204049000
SUP,MRY,2015-12-31,2015-12-27,2015-12-27,2018-05-09,-101713000,539929000,554182750,245820000,294109000,1.314,15.743,-37728000,52036000,52036000,656729000,23944000,3.328,0.304,0,0,0,0,0,34530000,0,0.038,0.72,35283000,69813000,0.096,69813000,35283000,35283000,0.9,0.9,0.9,413912000,423849000,413912000,446189757,12,6.391,21621000,0.822,1.0,71217000,0.098,0,0,414031000,433629500,61769000,2950000,950000,2000000,126017000,73862000,52155000,496137757,-10415000,0,-12373000,0,-19082000,-31348000,-34946000,2800000,59349000,-3470000,23944000,23944000,23944000,0,0,0.033,34923000,36294000,20913000,0.8,1.199,20.721,20.967,234646000,0,18.87,0.682,0.682,112588000,427517000,727946000,727946000,0,0.043,0.056,0.081,0.048,2807000,34923000,1.0,26292409,26292409,,27.687,539929000,26702000,11339000,19339000,20.536,171958000
SUP,MRY,2016-12-31,2016-12-25,2016-12-25,2018-05-09,-124925000,542756000,538456250,254081000,288675000,1.361,15.65,-35238000,57786000,57786000,646473000,41381000,2.956,0.363,0,0,0,0,0,34261000,0,0.027,0.72,54721000,88982000,0.121,88982000,54721000,54721000,1.63,1.62,1.63,398226000,405394000,398226000,647399263,11,7.276,43253000,1.7,1.0,86204000,0.118,0,0,399006000,420426750,82837000,2750000,750000,2000000,144530000,85964000,58566000,683200263,5750000,0,-19078000,0,-18340000,-37327000,-35038000,200000,78491000,-376000,41381000,41381000,41381000,0,0,0.056,31602000,54602000,37856000,0.442,1.716,16.51,16.472,227403000,0,26.85,0.932,0.932,99331000,433235000,732677000,732677000,0,0.077,0.102,0.13,0.075,3618000,31602000,1.0,25445075,25445075,,28.794,542756000,32520000,13340000,10722000,21.33,168117000
SUP,MRY,2017-12-31,2017-12-31,2017-12-31,2018-05-09,-89121000,1551252000,1326073250,417383000,1133869000,0.836,17.895,-70881000,46360000,46360000,1005158000,-6009000,2.14,2.48,683552000,4000000,679552000,683552000,0,69335000,0,0.036,0.54,672000,70007000,0.063,70007000,672000,672000,-1.01,-1.01,-1.01,445723000,460498500,445723000,1020355751,1518,14.575,-7171000,-0.288,1.0,102897000,0.093,508278000,0,1485107000,1241906750,173999000,750000,750000,0,1105529000,195059000,910470000,369875751,-11426000,-706733000,-4973000,612617000,-19473000,701107000,-777614000,0,63710000,1371000,-6203000,-6203000,-6203000,0,194000,-0.006,81379000,21518000,118424000,-0.535,0.83,-59.629,-14.703,536686000,0,14.85,0.334,0.334,160167000,393146000,1108055000,1108055000,0,-0.005,-0.013,0.001,0.001,2576000,81379000,1.0,24907458,24907458,,44.487,1042974000,61231000,6875000,38119000,41.874,222324000
