ticker,dimension,calendardate,datekey,reportperiod,lastupdated,accoci,assets,assetsavg,assetsc,assetsnc,assetturnover,bvps,capex,cashneq,cashnequsd,cor,consolinc,currentratio,de,debt,debtc,debtnc,debtusd,deferredrev,depamor,deposits,divyield,dps,ebit,ebitda,ebitdamargin,ebitdausd,ebitusd,ebt,eps,epsdil,epsusd,equity,equityavg,equityusd,ev,evebit,evebitda,fcf,fcfps,fxusd,gp,grossmargin,intangibles,intexp,invcap,invcapavg,inventory,investments,investmentsc,investmentsnc,liabilities,liabilitiesc,liabilitiesnc,marketcap,ncf,ncfbus,ncfcommon,ncfdebt,ncfdiv,ncff,ncfi,ncfinv,ncfo,ncfx,netinc,netinccmn,netinccmnusd,netincdis,netincnci,netmargin,opex,opinc,payables,payoutratio,pb,pe,pe1,ppnenet,prefdivis,price,ps,ps1,receivables,retearn,revenue,revenueusd,rnd,roa,roe,roic,ros,sbcomp,sgna,sharefactor,sharesbas,shareswa,shareswadil,sps,tangibles,taxassets,taxexp,taxliabilities,tbvps,workingcapital
SWS,MRY,2011-12-31,2011-06-24,2011-06-24,2017-08-31,765000,3802157000,4271484750,,,0.08,10.99,45841000,298903000,298903000,0,-23203000,,9.636,283686000,,,283686000,0,7218000,1106471000,0.023,0.13,-33454000,-26236000,-0.077,-26236000,-33454000,-33454000,-0.71,-0.71,-0.71,357469000,358535000,357469000,292825544,-8,-11.161,535838000,16.48,1.0,342064000,1.0,7552000,0,3779388000,4354335000,0,1252441000,,,3444688000,,,183685544,271713000,0,-439000,-40185000,-3904000,-426768000,208484000,155748000,489997000,0,-23203000,-23203000,-23203000,0,0,-0.068,375518000,-33454000,1989279000,-0.183,0.514,-7.916,-7.944,0,0,5.64,0.537,0.536,1861014000,34813000,342064000,342064000,0,-0.005,-0.065,-0.008,-0.098,351000,36827000,1.0,32568359,32514945,32514945,10.52,3794605000,0,-10251000,0,116.656,
SWS,MRY,2012-12-31,2012-06-29,2012-06-29,2017-08-31,2745000,3546843000,3711743000,,,0.079,10.835,15717000,111870000,111870000,0,-4729000,,8.971,312837000,,,312837000,0,5779000,1062233000,0.0,0.0,-5940000,-161000,-0.001,-161000,-5940000,-5940000,-0.14,-0.14,-0.14,355702000,353900250,355702000,190369347,-32,-1182.418,14217000,0.435,1.0,293423000,1.0,7552000,0,3740258000,3804598500,0,1423670000,,,3191141000,,,175266347,-217077000,-30000000,-329000,-51419000,0,4261000,-219838000,-228479000,-1500000,0,-4729000,-4729000,-4729000,0,0,-0.016,295689000,-2266000,1721914000,0.0,0.493,-37.062,-38.071,0,0,5.33,0.597,0.593,1682537000,30084000,293423000,293423000,0,-0.001,-0.013,-0.002,-0.02,62000,34962000,1.0,32882992,32649544,32649544,8.987,3539291000,0,-1211000,0,107.808,
SWS,MRY,2013-12-31,2013-06-30,2013-06-30,2017-08-31,-5334000,3780373000,3684027750,,,0.074,9.581,27076000,141093000,141093000,0,-33445000,,10.99,483914000,,,483914000,0,5482000,993719000,0.0,0.0,-6690000,-1208000,-0.004,-1208000,-6690000,-6690000,-1.02,-1.02,-1.02,315286000,345666250,315286000,458842783,-68,-379.837,-37427000,-1.139,1.0,271653000,1.0,7552000,0,4115642000,3983392500,0,1390911000,,,3465087000,,,179509783,29220000,-180000,-121000,102602000,0,34077000,59646000,-17900000,-64503000,0,-33445000,-33445000,-33445000,0,0,-0.123,281956000,-10303000,1897515000,0.0,0.569,-5.367,-5.343,0,0,5.45,0.661,0.659,1984920000,-3361000,271653000,271653000,0,-0.009,-0.097,-0.002,-0.025,0,34319000,1.0,32937575,32870003,32870003,8.264,3772821000,0,26755000,0,114.653,
SWS,MRY,2014-12-31,2014-06-30,2014-06-30,2017-08-31,-4519000,4075906000,4107071500,,,0.065,9.383,7154000,99620000,99620000,0,-7078000,,12.154,384597000,,,384597000,0,5394000,1000139000,0.0,0.0,-6110000,-716000,-0.003,-716000,-6110000,-6110000,-0.21,-0.21,-0.21,309872000,311295250,309872000,629360899,-103,-878.996,55304000,1.676,1.0,266362000,1.0,7552000,0,4353331000,4473196000,0,1429960000,,,3766034000,,,240735899,-11426000,-300000,-288000,-60649000,0,-54200000,-5376000,-66572000,48150000,0,-7078000,-7078000,-7078000,0,0,-0.027,268873000,-2511000,2296111000,0.0,0.777,-34.012,-34.667,0,0,7.28,0.904,0.902,2246520000,-10439000,266362000,266362000,0,-0.002,-0.023,-0.001,-0.023,0,32865000,1.0,33068118,32996779,32996779,8.072,4068354000,0,968000,0,123.196,
