ticker,dimension,calendardate,datekey,reportperiod,lastupdated,accoci,assets,assetsavg,assetsc,assetsnc,assetturnover,bvps,capex,cashneq,cashnequsd,cor,consolinc,currentratio,de,debt,debtc,debtnc,debtusd,deferredrev,depamor,deposits,divyield,dps,ebit,ebitda,ebitdamargin,ebitdausd,ebitusd,ebt,eps,epsdil,epsusd,equity,equityavg,equityusd,ev,evebit,evebitda,fcf,fcfps,fxusd,gp,grossmargin,intangibles,intexp,invcap,invcapavg,inventory,investments,investmentsc,investmentsnc,liabilities,liabilitiesc,liabilitiesnc,marketcap,ncf,ncfbus,ncfcommon,ncfdebt,ncfdiv,ncff,ncfi,ncfinv,ncfo,ncfx,netinc,netinccmn,netinccmnusd,netincdis,netincnci,netmargin,opex,opinc,payables,payoutratio,pb,pe,pe1,ppnenet,prefdivis,price,ps,ps1,receivables,retearn,revenue,revenueusd,rnd,roa,roe,roic,ros,sbcomp,sgna,sharefactor,sharesbas,shareswa,shareswadil,sps,tangibles,taxassets,taxexp,taxliabilities,tbvps,workingcapital
SYY,MRY,2011-12-31,2011-07-02,2011-07-02,2018-05-08,-259958000,11385555000,10829795500,5732882000,5652673000,3.631,7.992,-617373000,750281000,750281000,31928777000,1152030000,1.604,1.42,2668523000,389006000,2279517000,2668523000,0,402588000,0,0.033,1.03,1945721000,2348309000,0.06,2348309000,1945721000,1827454000,1.96,1.96,1.96,4705242000,4221983250,4705242000,20492009644,10,8.726,474145000,0.808,1.0,7394712000,0.188,1743227000,118267000,7985495000,8064208250,2073766000,0,0,0,6680313000,3575075000,3105238000,18315403644,54322000,-101148000,41088000,177647000,-597071000,-377907000,-679556000,24993000,1091518000,20267000,1152030000,1152030000,1152030000,0,0,0.029,5463210000,1931502000,2183417000,0.526,3.893,15.898,16.015,3512389000,0,31.39,0.466,0.468,2898283000,7681669000,39323489000,39323489000,0,0.106,0.273,0.241,0.049,58806000,5463210000,1.0,583478931,586526142,588691546,67.045,9642328000,48572000,675424000,350306000,16.378,2157807000
SYY,MRY,2012-12-31,2012-06-30,2012-06-30,2018-05-08,-662866000,12137207000,11742861250,6084808000,6052399000,3.609,7.983,-776316000,816095000,816095000,34601665000,1121585000,1.777,1.591,3018338000,254650000,2763688000,3018338000,0,416943000,0,0.027,0.8,1897398000,2314341000,0.055,2314341000,1897398000,1784002000,1.91,1.9,1.91,4685040000,4726231250,4685040000,19842587983,10,8.574,627864000,1.068,1.0,7779274000,0.184,1779182000,113396000,9136689000,8786121250,2178830000,0,0,0,7452167000,3423579000,4028588000,17461639983,49102000,-110601000,-172860000,352343000,-622869000,-442649000,-903629000,0,1404180000,-8800000,1121585000,1121585000,1121585000,0,0,0.026,5888642000,1890632000,2209469000,0.419,3.727,15.569,15.607,3883750000,0,29.81,0.412,0.413,2966624000,8175230000,42380939000,42380939000,0,0.096,0.237,0.216,0.045,70304000,5888642000,1.0,585764508,587726343,588991441,72.11,10358025000,169774000,662417000,165482000,17.649,2661229000
SYY,MRY,2013-12-31,2013-06-29,2013-06-29,2018-05-08,-446937000,12678208000,12584197000,6221688000,6456520000,3.529,8.756,-496335000,557613000,557613000,36414626000,992427000,1.699,1.442,2888919000,248933000,2639986000,2888919000,0,510061000,0,0.032,1.1,1675950000,2186011000,0.049,2186011000,1675950000,1547455000,1.68,1.67,1.68,5191810000,5034981250,5191810000,22594839514,13,10.336,1015259000,1.723,1.0,7996607000,0.18,2089954000,128495000,9256936000,9423310250,2396188000,0,0,0,7486398000,3662624000,3823774000,20273478514,-276582000,-397447000,-92964000,-137547000,-648253000,-874208000,-911882000,0,1511594000,-2086000,992427000,992427000,992427000,0,0,0.022,6338129000,1658478000,2428215000,0.655,3.905,20.428,20.333,3978071000,0,34.16,0.456,0.453,3183114000,8512786000,44411233000,44411233000,0,0.079,0.197,0.178,0.038,65591000,6338129000,1.0,593485905,589397807,592675110,75.35,10588254000,168176000,555028000,280483000,17.858,2559064000
SYY,MRY,2014-12-31,2014-06-28,2014-06-28,2018-05-08,-642663000,13141113000,13092208000,6681972000,6459141000,3.553,8.979,-497416000,558458000,558458000,38335677000,931533000,1.53,1.495,2733082000,375752000,2357330000,2733082000,0,547776000,0,0.03,1.14,1599365000,2147141000,0.046,2147141000,1599365000,1475624000,1.59,1.58,1.59,5266695000,5250250500,5266695000,24689112847,15,11.499,995399000,1.699,1.0,8181035000,0.176,2127899000,123741000,8820208000,9505142500,2602018000,0,0,0,7874418000,4367630000,3506788000,22125945847,761000,-79338000,-76768000,-180353000,-667217000,-915858000,-576838000,0,1492815000,642000,931533000,931533000,931533000,0,0,0.02,6593913000,1587122000,2831028000,0.717,4.201,23.752,23.805,3985618000,0,37.85,0.476,0.477,3398713000,8770751000,46516712000,46516712000,0,0.071,0.177,0.168,0.034,65848000,6593913000,1.0,584569243,585988084,590216220,79.382,11013214000,184450000,544091000,121580000,18.776,2314342000
SYY,MRY,2015-12-31,2015-06-27,2015-06-27,2018-05-08,-923197000,17989281000,16864317000,11494304000,6494977000,2.887,8.837,-518358000,5298318000,5298318000,40129236000,686773000,1.223,2.42,7321877000,5050052000,2271825000,7321877000,0,553021000,0,0.031,1.18,1262954000,1815975000,0.037,1815975000,1262954000,1008147000,1.16,1.15,1.16,5260224000,5309370750,5260224000,25200681086,19,13.877,1037126000,1.752,1.0,8551516000,0.176,2114626000,254807000,8498599000,11446017500,2691823000,0,0,0,12729057000,9399615000,3329442000,22782667086,4716998000,-115862000,240176000,4526046000,-695274000,3897562000,-654346000,0,1555484000,-81702000,686773000,686773000,686773000,0,0,0.014,7322154000,1229362000,2881953000,1.017,4.331,33.174,33.078,3982143000,0,38.37,0.468,0.467,3353381000,8751985000,48680752000,48680752000,0,0.041,0.129,0.11,0.026,58312000,7322154000,1.0,593762499,592072308,596849034,82.221,15874655000,226017000,321374000,81591000,26.668,2094689000
SYY,MRY,2016-12-31,2016-07-02,2016-07-02,2018-05-08,-1358118000,16721804000,14133479250,10053899000,6667905000,3.564,6.188,-503835000,3919300000,3919300000,41326447000,949622000,2.267,3.806,7435402000,98472000,7336930000,7435402000,0,662710000,0,0.024,1.53,1739153000,2401863000,0.048,2401863000,1739153000,1433007000,1.66,1.64,1.66,3479608000,4174037750,3479608000,32338223172,18,13.464,1429307000,2.494,1.0,9040472000,0.179,2329122000,306146000,13474328000,11244650000,2639174000,0,0,0,13242196000,4434456000,8807740000,28587166172,-1210744000,-219218000,-1666990000,-81764000,-698869000,-2404731000,-600828000,-46049000,1933142000,-138327000,949622000,949622000,949622000,0,0,0.019,7189972000,1850500000,2935982000,0.741,8.216,30.104,30.56,3880442000,0,50.73,0.568,0.577,3380971000,9006138000,50366919000,50366919000,0,0.067,0.228,0.155,0.035,44936000,7189972000,1.0,563515990,573057406,577391406,87.892,14392682000,207320000,483385000,137632000,25.597,5619443000
SYY,MRY,2017-12-31,2017-07-01,2017-07-01,2018-05-08,-1262737000,17756655000,17833107750,8033438000,9723217000,3.105,4.459,-662663000,869502000,869502000,44813632000,1142503000,1.318,6.456,8194890000,534013000,7660877000,8194890000,0,901992000,0,0.019,0.97,2069108000,2971100000,0.054,2971100000,2069108000,1766230000,2.1,2.08,2.1,2381516000,2552217250,2381516000,34659343993,16,11.665,1513762000,2.785,1.0,10557507000,0.191,4953639000,302878000,14032518000,14774342500,2995598000,0,0,0,15375139000,6095886000,9279253000,26936492993,-3049849000,-2921798000,-1681316000,721271000,-698647000,-1619709000,-3584461000,0,2176425000,-22104000,1142503000,1142503000,1142503000,0,0,0.021,8504336000,2053171000,3971112000,0.462,11.311,23.577,23.967,4377302000,0,50.33,0.486,0.494,4012393000,9447755000,55371139000,55371139000,0,0.064,0.448,0.14,0.037,44900000,8504336000,1.0,535197556,543496816,548545027,101.879,12803016000,159232000,623727000,176255000,23.97,1937552000
