ticker,dimension,calendardate,datekey,reportperiod,lastupdated,accoci,assets,assetsavg,assetsc,assetsnc,assetturnover,bvps,capex,cashneq,cashnequsd,cor,consolinc,currentratio,de,debt,debtc,debtnc,debtusd,deferredrev,depamor,deposits,divyield,dps,ebit,ebitda,ebitdamargin,ebitdausd,ebitusd,ebt,eps,epsdil,epsusd,equity,equityavg,equityusd,ev,evebit,evebitda,fcf,fcfps,fxusd,gp,grossmargin,intangibles,intexp,invcap,invcapavg,inventory,investments,investmentsc,investmentsnc,liabilities,liabilitiesc,liabilitiesnc,marketcap,ncf,ncfbus,ncfcommon,ncfdebt,ncfdiv,ncff,ncfi,ncfinv,ncfo,ncfx,netinc,netinccmn,netinccmnusd,netincdis,netincnci,netmargin,opex,opinc,payables,payoutratio,pb,pe,pe1,ppnenet,prefdivis,price,ps,ps1,receivables,retearn,revenue,revenueusd,rnd,roa,roe,roic,ros,sbcomp,sgna,sharefactor,sharesbas,shareswa,shareswadil,sps,tangibles,taxassets,taxexp,taxliabilities,tbvps,workingcapital
TARO,MRY,2011-12-31,2011-12-31,2011-12-31,2017-06-21,18549000,795845000,676143500,581431000,214414000,0.748,12.86,-5862000,150001000,150001000,176143000,183278000,3.054,0.394,44687000,17073000,27614000,44687000,0,18730000,0,0.0,0.0,203534000,222264000,0.44,222264000,203534000,207231000,4.11,4.11,4.11,571063000,477788000,571063000,1276149481,6,5.742,175545000,3.953,1.0,329525000,0.652,26449000,-3697000,473699000,437787500,107378000,108795000,108795000,0,224782000,190383000,34399000,1270873481,95857000,0,8850000,-12898000,0,-4048000,-80330000,-74468000,181407000,-1172000,182680000,182680000,182680000,0,598000,0.361,124176000,205349000,23321000,0.0,2.225,6.957,7.178,152532000,0,29.5,2.513,2.591,215176000,295787000,505668000,505668000,30867000,0.27,0.382,0.465,0.403,59000,93918000,1.0,43080457,44406000,44491000,11.387,769396000,12302000,24551000,1851000,17.326,391048000
TARO,MRY,2012-12-31,2012-03-31,2012-03-31,2016-08-03,23034000,856424000,,653661000,202763000,,14.007,,238266000,238266000,,,3.286,0.375,38906000,,,38906000,,,,0.0,0.0,,,,,,,,,,622958000,,622958000,1647072259,,,,,1.0,,,25592000,,432573000,,109638000,,,,233466000,198899000,34567000,1641796259,,,,,,,,,,,,,,,,,,,22977000,,2.635,,,,,38.11,,,209631000,343039000,,,,,,,,,,1.0,43080457,44476000,,,830832000,,,,18.68,454762000
TARO,MRY,2013-12-31,2013-03-31,2013-03-31,2017-06-21,16743000,1106636000,981530000,909771000,196865000,0.684,19.942,-9465000,237284000,237284000,176128000,266870000,4.725,0.242,28599000,11330000,17269000,28599000,0,17765000,0,0.0,0.0,330074000,347839000,0.518,347839000,330074000,334005000,5.96,5.95,5.96,890961000,756959500,890961000,2410967663,7,6.931,239185000,5.354,1.0,494826000,0.737,22884000,-3931000,682536000,557554500,109626000,323216000,323216000,0,215675000,192531000,23144000,2610327663,-982000,0,6584000,-10748000,0,-3326000,-243931000,-233689000,248650000,-2375000,266206000,266206000,266206000,0,664000,0.397,162894000,331932000,19387000,0.0,2.93,9.806,9.847,145265000,0,58.69,3.89,3.908,239578000,609245000,670954000,670954000,46508000,0.271,0.352,0.592,0.492,8000,86438000,1.0,44476532,44678000,44715000,15.018,1083752000,5489000,67799000,1879000,24.257,717240000
TARO,MRY,2014-12-31,2014-03-31,2014-03-31,2017-06-21,-22896000,1284376000,1195506000,1051271000,233105000,0.635,23.051,-21241000,209967000,209967000,179279000,360859000,4.15,0.258,17862000,11974000,5888000,17862000,0,16567000,0,0.0,0.0,430831000,447398000,0.589,447398000,430831000,443116000,8.14,8.14,8.14,1020593000,955777000,1020593000,4760572657,11,10.641,336403000,7.598,1.0,580006000,0.764,23890000,-12285000,815077000,748806500,117639000,422428000,422428000,0,263783000,253304000,10479000,4969257657,-27317000,0,-191737000,-11874000,0,-203462000,-173297000,-147501000,357644000,-8202000,360387000,360387000,360387000,0,472000,0.475,148384000,431622000,20795000,0.0,4.869,13.789,13.636,151416000,0,111.0,6.545,6.473,301164000,969632000,759285000,759285000,55430000,0.301,0.377,0.575,0.567,0,91733000,1.0,44768087,44276000,44279000,17.149,1260486000,4905000,82729000,1739000,28.469,797967000
TARO,MRY,2015-12-31,2015-03-31,2015-03-31,2017-06-21,-110966000,1737745000,1511060500,1513807000,223938000,0.571,33.09,-19780000,481641000,481641000,186359000,484834000,4.883,0.226,5888000,912000,4976000,5888000,0,15798000,0,0.0,0.0,529005000,544803000,0.631,544803000,529005000,580316000,11.31,11.31,11.31,1417383000,1218988000,1417383000,5848530461,11,10.735,387008000,9.035,1.0,676585000,0.784,0,-51311000,951987000,883532000,120272000,468731000,438556000,30175000,320362000,310005000,10357000,6040635461,271674000,0,26000,-10944000,0,-10918000,-92081000,-41093000,406788000,-32115000,484257000,484257000,484257000,0,577000,0.561,146216000,530369000,19480000,0.0,4.262,12.474,12.469,153045000,0,141.03,7.0,7.0,473338000,1453889000,862944000,862944000,65510000,0.32,0.397,0.599,0.613,0,87644000,1.0,42832273,42834000,42834000,20.146,1737745000,0,96059000,1901000,40.569,1203802000
TARO,MRY,2016-12-31,2016-03-31,2016-03-31,2017-06-21,-123026000,2188033000,1962889000,1877595000,310438000,0.484,45.227,-18972000,576757000,576757000,169743000,541271000,7.649,0.13,0,0,0,0,0,14848000,0,0.0,0.0,616573000,631421000,0.664,631421000,616573000,636245000,12.62,12.62,12.62,1937144000,1677263500,1937144000,5660113357,9,8.964,376156000,8.782,1.0,781008000,0.821,0,-19672000,1365814000,1158900500,138553000,767042000,651869000,115173000,250889000,245462000,5427000,6135866357,95116000,0,-9450000,-5888000,0,-15338000,-284731000,-300625000,395128000,57000,540932000,540932000,540932000,0,339000,0.569,163860000,617148000,18853000,0.0,3.167,11.343,11.351,159459000,0,143.25,6.454,6.454,509335000,1994821000,950751000,950751000,71160000,0.276,0.323,0.532,0.649,0,92365000,1.0,42833273,42832000,42832000,22.197,2188033000,0,95313000,2232000,51.084,1632133000
TARO,MRY,2017-12-31,2017-03-31,2017-03-31,2017-06-21,-148133000,2289753000,2238893000,1999024000,290729000,0.393,50.212,-27247000,600399000,600399000,207860000,456666000,9.527,0.104,0,0,0,0,0,14829000,0,0.0,0.0,525500000,540329000,0.614,540329000,525500000,560136000,11.05,11.05,11.05,2073806000,2005475000,2073806000,4410606223,8,8.163,410288000,9.934,1.0,671527000,0.764,0,-34636000,1479517000,1422665500,141045000,857046000,786361000,70685000,215947000,209837000,6110000,4987363223,23642000,0,-294897000,0,0,-294897000,-117778000,-90473000,437535000,-1218000,456356000,456356000,456356000,0,310000,0.519,145365000,526162000,16394000,0.0,2.405,10.929,10.554,180085000,0,116.62,5.671,5.477,470204000,2451177000,879387000,879387000,70644000,0.204,0.228,0.369,0.598,0,85656000,1.0,42765934,41301000,41301000,21.292,2289753000,0,103780000,2114000,55.441,1789187000
