ticker,dimension,calendardate,datekey,reportperiod,lastupdated,accoci,assets,assetsavg,assetsc,assetsnc,assetturnover,bvps,capex,cashneq,cashnequsd,cor,consolinc,currentratio,de,debt,debtc,debtnc,debtusd,deferredrev,depamor,deposits,divyield,dps,ebit,ebitda,ebitdamargin,ebitdausd,ebitusd,ebt,eps,epsdil,epsusd,equity,equityavg,equityusd,ev,evebit,evebitda,fcf,fcfps,fxusd,gp,grossmargin,intangibles,intexp,invcap,invcapavg,inventory,investments,investmentsc,investmentsnc,liabilities,liabilitiesc,liabilitiesnc,marketcap,ncf,ncfbus,ncfcommon,ncfdebt,ncfdiv,ncff,ncfi,ncfinv,ncfo,ncfx,netinc,netinccmn,netinccmnusd,netincdis,netincnci,netmargin,opex,opinc,payables,payoutratio,pb,pe,pe1,ppnenet,prefdivis,price,ps,ps1,receivables,retearn,revenue,revenueusd,rnd,roa,roe,roic,ros,sbcomp,sgna,sharefactor,sharesbas,shareswa,shareswadil,sps,tangibles,taxassets,taxexp,taxliabilities,tbvps,workingcapital
TAYD,MRY,2011-12-31,2011-05-31,2011-05-31,2018-04-13,0,19878028,18765013,15470435,4407593,1.114,5.07,-386401,2193534,2193534,15347519,1416509,4.815,0.213,9142,5485,3657,9142,152505,470755,0,0.0,0.0,1699925,2170680,0.104,2170680,1699925,1709709,0.44,0.44,0.44,16383105,15576729,16383105,17474045,10,8.05,2009010,0.622,1.0,5558787,0.266,0,-9784,14480855,13819913,6198601,0,0,0,3494923,3212781,282142,18967138,1995947,0,-1964,-5484,0,-7448,-392016,0,2395411,0,1416509,1416509,1416509,0,0,0.068,4076296,1482491,1292095,0.0,1.158,13.39,13.341,3413446,0,5.87,0.907,0.907,6326647,11924023,20906306,20906306,0,0.075,0.091,0.123,0.081,80424,4076296,1.0,3231199,3231199,,6.47,19878028,1057930,293200,278485,6.152,12257654
TAYD,MRY,2012-12-31,2012-05-31,2012-05-31,2018-04-13,0,26461897,23850162,20981560,5480337,1.216,5.781,-1550659,73952,73952,20140382,2198931,2.922,0.393,261657,261657,0,261657,668900,482152,0,0.0,0.0,2920496,3402648,0.117,3402648,2920496,2948931,0.67,0.67,0.67,18996660,17754634,18996660,30747706,10,9.036,-2664379,-0.811,1.0,8866430,0.306,0,-28435,19468350,16725810,9217369,0,0,0,7465237,7181252,283985,31384107,-2119582,0,297862,252515,0,550377,-1556239,0,-1113720,0,2198931,2198931,2198931,0,0,0.076,5979349,2887081,3361742,0.0,1.652,14.272,14.254,4481953,0,9.55,1.082,1.082,11102356,14122954,29006812,29006812,0,0.092,0.124,0.175,0.101,116762,5979349,1.0,3286294,3286294,,8.827,26461897,950400,750000,424962,8.052,13800308
TAYD,MRY,2013-12-31,2013-05-31,2013-05-31,2018-04-13,0,25618509,26318497,17343970,8274539,0.94,6.543,-3293471,1997874,1997874,15965255,2547794,4.879,0.182,0,0,0,0,171881,564262,0,0.0,0.0,3505254,4069516,0.165,4069516,3505254,3459794,0.77,0.76,0.77,21665757,20691164,21665757,26364753,7,6.479,2179390,0.658,1.0,8764330,0.354,0,45460,20066068,21635749,10028485,0,0,0,3952752,3554567,398185,26720052,1923922,0,11717,-258000,0,-249940,-3298999,0,5472861,0,2547794,2547794,2547794,0,0,0.103,5297668,3466662,1209597,0.0,1.233,10.488,10.481,7211162,0,8.07,1.08,1.08,4702397,16670748,24729585,24729585,0,0.097,0.123,0.162,0.142,109586,5297668,1.0,3311035,3311035,,7.469,25618509,1219737,912000,398185,7.737,13789403
TAYD,MRY,2014-12-31,2014-05-31,2014-05-31,2018-04-13,0,27430776,26253106,18561911,8868865,0.762,6.905,-1355605,2793642,2793642,14545882,1131212,4.897,0.188,0,0,0,0,850531,699039,0,0.0,0.0,1567352,2266391,0.113,2266391,1567352,1568212,0.34,0.34,0.34,23081971,22535091,23081971,28471770,18,12.563,628427,0.188,1.0,5465346,0.273,0,-860,20846814,21663379,9814871,0,0,0,4348805,3790320,558485,29517065,795768,0,172831,0,0,172831,-1361095,0,1984032,0,1131212,1131212,1131212,0,0,0.057,3919594,1545752,1166162,0.0,1.279,26.093,25.971,7867728,0,8.83,1.475,1.475,5268135,17801960,20011228,20011228,0,0.043,0.05,0.072,0.078,112171,3919594,1.0,3342816,3342816,,5.986,27430776,1098600,437000,643508,8.206,14771591
TAYD,MRY,2015-12-31,2015-05-31,2015-05-31,2018-04-13,0,33665108,30693098,24731673,8933435,0.997,7.583,-746627,4895898,4895898,21844715,2174948,3.26,0.323,0,0,0,0,2723472,740844,0,0.0,0.0,3069960,3810804,0.125,3810804,3069960,3073948,0.65,0.64,0.65,25450982,24360760,25450982,40823209,13,10.712,2029689,0.605,1.0,8744551,0.286,0,-3988,21183869,21459449,9551985,0,0,0,8214126,7585341,628785,43195324,2102256,0,77994,0,0,77994,-752054,0,2776316,0,2174948,2174948,2174948,0,0,0.071,5683108,3061443,2703065,0.0,1.697,19.86,19.8,7873511,0,12.87,1.412,1.412,9924713,19976908,30589266,30589266,0,0.071,0.089,0.143,0.1,116069,5683108,1.0,3356254,3356254,,9.114,33665108,873877,899000,628785,10.031,17146332
TAYD,MRY,2016-12-31,2016-05-31,2016-05-31,2018-04-13,0,36805314,36044070,26656302,10149012,0.99,8.875,-1939378,6086080,6086080,23243451,4208225,4.01,0.22,0,0,0,0,1463621,818385,0,0.0,0.0,5755477,6573862,0.184,6573862,5755477,5766225,1.24,1.21,1.24,30157229,28339502,30157229,49958249,8,7.6,1848699,0.544,1.0,12436998,0.349,0,-10748,24071149,23343255,10301999,1000000,1000000,0,6648085,6648085,0,56746015,1190182,0,346838,0,0,346838,-2944733,-1000000,3788077,0,4208225,4208225,4208225,0,0,0.118,6688591,5748407,1767017,0.0,1.882,13.485,13.468,8994504,0,16.7,1.59,1.59,9492985,24185133,35680449,35680449,0,0.117,0.148,0.247,0.161,151184,6688591,1.0,3397965,3397965,,10.501,36805314,481192,1558000,0,10.832,20008217
TAYD,MRY,2017-12-31,2017-05-31,2017-05-31,2018-04-13,0,37160703,37130031,25677514,11483189,0.688,9.56,-1868821,3324934,3324934,17551163,2330577,5.966,0.131,0,0,0,0,1295989,868609,0,0.0,0.0,2948735,3817344,0.149,3817344,2948735,2987577,0.68,0.66,0.68,32856392,31715276,32856392,44796191,15,11.735,-2924484,-0.851,1.0,7985833,0.313,0,-38842,29531458,28955890,12367389,1022326,1022326,0,4304311,4304311,0,45571437,-2761146,0,190893,0,0,190893,-1896376,-22326,-1055663,0,2330577,2330577,2330577,0,0,0.091,5065101,2920732,1329321,0.0,1.387,19.554,19.5,9994716,0,13.26,1.785,1.785,9414166,26515710,25536996,25536996,0,0.063,0.073,0.102,0.115,177693,5065101,1.0,3436760,3436760,,7.431,37160703,429115,657000,0,10.813,21373203
