ticker,dimension,calendardate,datekey,reportperiod,lastupdated,accoci,assets,assetsavg,assetsc,assetsnc,assetturnover,bvps,capex,cashneq,cashnequsd,cor,consolinc,currentratio,de,debt,debtc,debtnc,debtusd,deferredrev,depamor,deposits,divyield,dps,ebit,ebitda,ebitdamargin,ebitdausd,ebitusd,ebt,eps,epsdil,epsusd,equity,equityavg,equityusd,ev,evebit,evebitda,fcf,fcfps,fxusd,gp,grossmargin,intangibles,intexp,invcap,invcapavg,inventory,investments,investmentsc,investmentsnc,liabilities,liabilitiesc,liabilitiesnc,marketcap,ncf,ncfbus,ncfcommon,ncfdebt,ncfdiv,ncff,ncfi,ncfinv,ncfo,ncfx,netinc,netinccmn,netinccmnusd,netincdis,netincnci,netmargin,opex,opinc,payables,payoutratio,pb,pe,pe1,ppnenet,prefdivis,price,ps,ps1,receivables,retearn,revenue,revenueusd,rnd,roa,roe,roic,ros,sbcomp,sgna,sharefactor,sharesbas,shareswa,shareswadil,sps,tangibles,taxassets,taxexp,taxliabilities,tbvps,workingcapital
TCCO,MRY,2011-12-31,2011-09-24,2011-09-24,2018-05-15,0,14842502,14174919,14366081,476421,0.854,7.355,-265678,9231717,9231717,2292426,2269381,10.192,0.105,0,0,0,0,0,214694,133495,0.054,0.4,3469157,3683851,0.304,3683851,3469157,3469157,1.24,1.21,1.24,13432904,12757347,13432904,2713861,0,0.737,-1075910,-0.589,1.0,9809679,0.811,0,0,4201187,3817584,3278914,0,0,0,1409598,1409598,0,13449067,-1801825,0,4720,0,-730635,-725915,-265678,0,-810232,0,2269381,2269381,2269381,0,0,0.188,6342973,3466706,313101,0.323,1.001,5.926,5.935,476421,0,7.36,1.111,1.111,867717,9937660,12102105,12102105,3530212,0.16,0.178,0.909,0.287,305072,2812761,1.0,1827319,1826441,1872221,6.626,14842502,848845,1199776,0,8.126,12956483
TCCO,MRY,2012-12-31,2012-09-29,2012-09-29,2018-05-15,10042,12839796,14137494,12387198,452598,0.574,6.616,-192715,2056311,2056311,1839784,-840885,17.38,0.059,0,0,0,0,0,216538,52372,0.07,0.4,-1437876,-1221338,-0.15,-1221338,-1437876,-1437876,-0.46,-0.46,-0.46,12127079,13206727,12127079,6182508,-4,-5.062,-1792700,-0.978,1.0,6277508,0.773,0,0,10070768,7042932,2633408,4668864,4668864,0,712717,712717,0,10535650,-7175406,0,19500,0,-733341,-713841,-4861580,-4668865,-1599985,0,-840885,-840885,-840885,0,0,-0.104,7730747,-1453239,167313,-0.87,0.869,-12.529,-12.5,452598,0,5.75,1.298,1.298,1380472,8363434,8117292,8117292,4420703,-0.059,-0.064,-0.204,-0.177,238860,3310044,1.0,1832287,1832937,1832937,4.429,12839796,1477414,-596991,0,7.005,11674481
TCCO,MRY,2013-12-31,2013-09-28,2013-09-28,2018-05-15,-2020,12351085,12098082,10419561,1931524,0.517,6.212,-215418,2810923,2810923,2109394,-714129,11.215,0.081,0,0,0,0,0,199114,259602,0.015,0.1,-1512931,-1313817,-0.21,-1313817,-1512931,-1512931,-0.39,-0.39,-0.39,11422044,11365556,11422044,11493622,-7,-8.748,-414342,-0.225,1.0,4140255,0.662,0,0,8611121,9282643,2618604,3232862,1770240,1462622,929041,929041,0,12484881,754612,0,0,0,-183872,-183872,1137408,1352826,-198924,0,-714129,-714129,-714129,0,0,-0.114,5685938,-1545683,261588,-0.256,1.093,-17.483,-17.41,468902,0,6.79,1.998,1.998,1375764,7465433,6249649,6249649,2729473,-0.059,-0.063,-0.163,-0.242,205028,2956465,1.0,1838716,1838716,1838716,3.399,12351085,1618447,-798802,0,6.717,9490520
TCCO,MRY,2014-12-31,2014-09-27,2014-09-27,2018-05-15,-3598,9809398,10978750,8272395,1537003,0.559,4.931,-164792,3210237,3210237,2033961,-2564874,11.156,0.082,0,0,0,0,0,201831,169943,0.0,0.0,-1574761,-1372930,-0.224,-1372930,-1574761,-1574761,-1.39,-1.39,-1.39,9067849,10077208,9067849,4854746,-3,-3.536,69313,0.038,1.0,4104614,0.669,0,0,5857612,6852242,2721313,2832467,1727327,1105140,741549,741549,0,7870581,83405,0,0,0,0,0,-150700,330001,234105,0,-2564874,-2564874,-2564874,0,0,-0.418,5709664,-1605050,173553,0.0,0.868,-3.069,-3.079,431863,0,4.28,1.282,1.282,403139,4900559,6138575,6138575,2729276,-0.234,-0.255,-0.23,-0.257,213243,2980388,1.0,1838921,1838866,1838866,3.338,9809398,0,990113,76859,5.334,7530846
TCCO,MRY,2015-12-31,2015-10-03,2015-10-03,2018-05-15,0,8015763,8989086,6722075,1293688,0.661,4.006,-25957,2639869,2639869,2577131,-1821901,10.454,0.087,0,0,0,0,0,199251,41220,0.0,0.0,-1856526,-1657275,-0.279,-1657275,-1856526,-1856526,-0.99,-0.99,-0.99,7372742,8226888,7372742,2291268,-1,-1.383,-2013777,-1.095,1.0,3365029,0.566,0,0,4732873,5953654,1850885,1344515,307673,1036842,643021,643021,0,5291118,-585031,0,0,0,0,0,1402789,1443409,-1987820,0,-1821901,-1821901,-1821901,0,0,-0.307,5239818,-1874789,179584,0.0,0.718,-2.904,-2.905,256846,0,2.876,0.89,0.89,1790856,3078658,5942160,5942160,2299671,-0.203,-0.221,-0.312,-0.312,124918,2940147,1.0,1839877,1839327,1839327,3.231,8015763,0,-34625,41117,4.355,6079054
TCCO,MRY,2016-12-31,2016-10-01,2016-10-01,2018-05-15,0,5471213,6618411,4948616,522597,0.381,2.671,-31000,2616628,2616628,2013653,-2472288,8.887,0.113,0,0,0,0,0,158838,118983,0.0,0.0,-2515752,-2356914,-0.934,-2356914,-2515752,-2515752,-1.34,-1.34,-1.34,4914364,6085786,4914364,2052003,0,-0.871,-984707,-0.535,1.0,509281,0.202,0,0,2297736,3339353,1643922,735838,362170,373668,556849,556849,0,4875674,312525,0,0,0,0,0,1266232,961466,-953707,0,-2472288,-2472288,-2472288,0,0,-0.98,3498609,-2989328,119087,0.0,0.992,-1.972,-1.978,148929,0,2.65,1.933,1.933,111849,606370,2522934,2522934,827987,-0.374,-0.406,-0.753,-0.997,13910,2670622,1.0,1839877,1839877,1839877,1.371,5471213,0,-43464,0,2.974,4391767
TCCO,MRY,2017-12-31,2017-09-30,2017-09-30,2018-05-15,0,3934824,4455030,3881070,53754,0.945,1.902,-3575,1296603,1296603,1917890,-1429006,8.933,0.124,0,0,0,0,0,98750,53886,0.0,0.0,-1429006,-1330256,-0.316,-1330256,-1429006,-1429006,-0.78,-0.78,-0.78,3500354,4022738,3500354,8300541,-5,-6.24,-1745842,-0.949,1.0,2291237,0.544,0,0,2203751,2669339,1358344,360253,360253,0,434470,434470,0,9843341,-1305363,0,0,0,0,0,436904,425817,-1742267,0,-1429006,-1429006,-1429006,0,0,-0.34,3728742,-1437505,109224,0.0,2.812,-6.888,-6.859,53754,0,5.35,2.339,2.339,730177,-822636,4209127,4209127,1584210,-0.321,-0.355,-0.535,-0.34,14996,2144532,1.0,1839877,1839877,1839877,2.288,3934824,0,0,0,2.139,3446600
