ticker,dimension,calendardate,datekey,reportperiod,lastupdated,accoci,assets,assetsavg,assetsc,assetsnc,assetturnover,bvps,capex,cashneq,cashnequsd,cor,consolinc,currentratio,de,debt,debtc,debtnc,debtusd,deferredrev,depamor,deposits,divyield,dps,ebit,ebitda,ebitdamargin,ebitdausd,ebitusd,ebt,eps,epsdil,epsusd,equity,equityavg,equityusd,ev,evebit,evebitda,fcf,fcfps,fxusd,gp,grossmargin,intangibles,intexp,invcap,invcapavg,inventory,investments,investmentsc,investmentsnc,liabilities,liabilitiesc,liabilitiesnc,marketcap,ncf,ncfbus,ncfcommon,ncfdebt,ncfdiv,ncff,ncfi,ncfinv,ncfo,ncfx,netinc,netinccmn,netinccmnusd,netincdis,netincnci,netmargin,opex,opinc,payables,payoutratio,pb,pe,pe1,ppnenet,prefdivis,price,ps,ps1,receivables,retearn,revenue,revenueusd,rnd,roa,roe,roic,ros,sbcomp,sgna,sharefactor,sharesbas,shareswa,shareswadil,sps,tangibles,taxassets,taxexp,taxliabilities,tbvps,workingcapital
TCO,MRY,2011-12-31,2011-12-31,2011-12-31,2018-04-28,-27613000,3336792000,2721512500,,,0.237,-3.73,-65715000,319351000,319351000,258348000,287398000,,-17.014,3145602000,,,3145602000,0,143016000,0,0.029,1.77,315758000,458774000,0.711,458774000,315758000,193481000,3.11,3.03,3.11,-216124000,-314727000,-216124000,6100100597,19,13.297,204451000,3.593,1.0,386570000,0.599,0,122277000,6163043000,5329720750,0,75582000,,,3677240000,,,3596729597,4742000,-33280000,114549000,193801000,-100286000,102916000,-368340000,1544000,270166000,0,192871000,176701000,176701000,0,94527000,0.274,169600000,216970000,255146000,0.569,-16.642,20.355,19.968,4020954000,16170000,62.1,5.577,5.479,61408000,-863040000,644918000,644918000,0,0.065,-0.561,0.059,0.49,0,31598000,1.0,57918351,56899966,56899966,11.334,3336792000,0,610000,0,57.593,
TCO,MRY,2012-12-31,2012-12-31,2012-12-31,2018-04-28,-22064000,3268495000,3153434000,,,0.237,-4.129,-247637000,38195000,38195000,302172000,157817000,,-14.136,2952030000,,,2952030000,0,149517000,0,0.023,1.84,253754000,403271000,0.539,403271000,253754000,111138000,1.39,1.37,1.39,-255618000,-206100500,-255618000,7477713157,29,18.543,76712000,1.281,1.0,445802000,0.596,0,142616000,6182330000,5961840750,0,214152000,,,3613421000,,,4856933157,8024000,-146458000,215442000,-191900000,-111543000,-442669000,126344000,0,324349000,0,106174000,83511000,83511000,0,51643000,0.112,189176000,256626000,278098000,1.324,-19.001,58.159,56.633,4246000000,22663000,78.72,6.493,6.302,71042000,-891283000,747974000,747974000,0,0.026,-0.405,0.043,0.339,0,39659000,1.0,61698846,59884455,59884455,12.49,3268495000,0,4964000,0,52.791,
TCO,MRY,2013-12-31,2013-12-31,2013-12-31,2018-04-28,-8914000,3506222000,3404344000,,,0.225,-1.895,-283864000,46039000,46039000,292381000,189368000,,-30.983,3058053000,,,3058053000,0,155772000,0,0.031,2.0,266022000,421794000,0.55,421794000,266022000,135999000,1.73,1.71,1.73,-120127000,-108910000,-120127000,7008751934,26,16.617,87508000,1.376,1.0,474773000,0.619,0,130023000,6518236000,6292505750,0,327692000,,,3721882000,,,4062340934,8936000,-108918000,-53931000,102901000,-127105000,8997000,-371433000,0,371372000,0,132590000,109908000,109908000,0,56778000,0.143,205786000,268987000,292280000,1.156,-33.817,36.961,36.948,4485090000,22682000,63.92,5.295,5.299,74997000,-908656000,767154000,767154000,0,0.032,-1.009,0.042,0.347,0,50014000,1.0,63553519,63591523,63591523,12.064,3506222000,0,3409000,0,55.297,
TCO,MRY,2014-12-31,2014-12-31,2014-12-31,2018-04-28,-15068000,3214901000,3488564750,,,0.195,5.028,-442991000,313925000,313925000,261481000,1278122000,,8.779,2025505000,,,2025505000,0,120207000,0,0.028,2.16,986083000,1106290000,1.629,1106290000,986083000,895280000,13.65,13.47,13.65,318363000,237847000,318363000,6766140555,6,6.116,-79305000,-1.253,1.0,417648000,0.615,0,90803000,4926481000,5441686000,0,370004000,,,2794958000,,,4839124555,235430000,1730420000,-960000,-767405000,-437665000,-1420795000,1292539000,0,363686000,0,893013000,863857000,863857000,0,385109000,1.272,172205000,245443000,292802000,0.158,15.2,5.602,5.599,3262505000,29156000,76.42,7.125,7.119,50077000,-483188000,679129000,679129000,0,0.248,3.632,0.181,1.452,0,48292000,1.0,63322750,63267800,63267800,10.734,3214901000,0,2267000,0,50.77,
TCO,MRY,2015-12-31,2015-12-31,2015-12-31,2018-04-28,-27220000,3546510000,3345690750,,,0.167,1.873,-440678000,213082000,213082000,209163000,192557000,,30.368,2627088000,,,2627088000,0,106355000,0,0.029,2.26,199416000,305771000,0.549,305771000,199416000,136375000,1.78,1.76,1.78,112807000,158418500,112807000,6940482799,34,22.698,-132993000,-2.166,1.0,348009000,0.625,0,63041000,5960516000,5548292750,0,433911000,,,3425699000,,,4621118799,-69788000,-97293000,-252633000,607107000,-137830000,127648000,-505121000,0,307685000,0,134127000,109020000,109020000,0,58430000,0.196,152082000,195927000,334525000,1.27,40.965,42.388,43.101,3713215000,25107000,76.72,8.294,8.453,57025000,-512746000,557172000,557172000,0,0.033,0.688,0.036,0.358,0,45727000,1.0,60233561,61389113,61389113,9.076,3546510000,0,2248000,0,58.89,
TCO,MRY,2016-12-31,2016-12-31,2016-12-31,2018-04-28,-35916000,4010912000,3884568750,,,0.158,1.193,-493606000,41535000,41535000,239342000,188151000,,56.626,3255512000,,,3255512000,0,138139000,0,0.032,2.38,221110000,359249000,0.586,359249000,221110000,134825000,1.78,1.77,1.78,72080000,85379000,72080000,7610623219,34,21.185,-188583000,-3.124,1.0,373215000,0.609,0,86285000,7224889000,6879038750,0,604808000,,,4081615000,,,4467635219,-166032000,-394221000,0,624544000,-143733000,251458000,-722513000,0,305023000,0,132613000,107358000,107358000,0,55538000,0.175,189195000,184020000,336536000,1.337,61.982,41.614,41.534,4173954000,25255000,73.93,7.293,7.285,62277000,-549914000,612557000,612557000,0,0.028,1.257,0.032,0.361,0,48056000,1.0,60430613,60363416,60363416,10.148,4010912000,0,2212000,0,66.375,
TCO,MRY,2017-12-31,2017-12-31,2017-12-31,2018-04-28,-6919000,4214592000,4107286250,,,0.153,0.366,-352022000,164404000,164404000,263761000,112757000,,196.251,3555228000,,,3555228000,0,167806000,0,0.038,2.5,189382000,357188000,0.568,357188000,189382000,80810000,0.91,0.91,0.91,22240000,34729250,22240000,7369280670,38,20.631,-72169000,-1.189,1.0,365404000,0.581,0,108572000,7605416000,7435558250,0,605629000,,,4364620000,,,3972429670,1896000,-32990000,0,291366000,-151828000,45728000,-323685000,0,279853000,0,80705000,55267000,55267000,0,32052000,0.088,235172000,130232000,307041000,2.747,178.616,71.877,71.901,4461045000,25438000,65.43,6.314,6.31,79931000,-646807000,629165000,629165000,0,0.013,1.591,0.025,0.301,0,39018000,1.0,60712665,60675129,60675129,10.369,4214592000,0,105000,0,69.389,
