ticker,dimension,calendardate,datekey,reportperiod,lastupdated,accoci,assets,assetsavg,assetsc,assetsnc,assetturnover,bvps,capex,cashneq,cashnequsd,cor,consolinc,currentratio,de,debt,debtc,debtnc,debtusd,deferredrev,depamor,deposits,divyield,dps,ebit,ebitda,ebitdamargin,ebitdausd,ebitusd,ebt,eps,epsdil,epsusd,equity,equityavg,equityusd,ev,evebit,evebitda,fcf,fcfps,fxusd,gp,grossmargin,intangibles,intexp,invcap,invcapavg,inventory,investments,investmentsc,investmentsnc,liabilities,liabilitiesc,liabilitiesnc,marketcap,ncf,ncfbus,ncfcommon,ncfdebt,ncfdiv,ncff,ncfi,ncfinv,ncfo,ncfx,netinc,netinccmn,netinccmnusd,netincdis,netincnci,netmargin,opex,opinc,payables,payoutratio,pb,pe,pe1,ppnenet,prefdivis,price,ps,ps1,receivables,retearn,revenue,revenueusd,rnd,roa,roe,roic,ros,sbcomp,sgna,sharefactor,sharesbas,shareswa,shareswadil,sps,tangibles,taxassets,taxexp,taxliabilities,tbvps,workingcapital
TD,MRY,2011-12-31,2011-10-31,2011-10-31,2017-11-30,3326000000,735493000000,701451000000,,,0.034,24.004,-301000000,24112000000,24219510406,0,6045000000,,16.262,37534000000,,,37701356320,0,1124000000,268703000000,0.035,0.66,7267000000,8391000000,0.352,8428413728,7299402045,7267000000,3.25,3.21,3.264,42521000000,40450000000,42710592319,49231240674,6,5.841,16332000000,9.22,0.996,23840000000,1.0,14101000000,0,734814000000,700418000000,0,610436000000,,,691489000000,,,33111728532,522000000,-3226000000,938000000,3106000000,-1835000000,1428000000,-17501000000,-13974000000,16633000000,-38000000,5941000000,5865000000,5891150818,0,104000000,0.246,15225000000,8615000000,0,0.202,0.775,5.621,5.765,4083000000,180000000,18.82,1.383,1.392,0,18213000000,23840000000,23946297615,0,0.008,0.145,0.01,0.305,0,10352000000,1.0,1759390464,1771400000,1805800000,13.518,721392000000,1484000000,1326000000,741000000,407.244,
TD,MRY,2012-12-31,2012-10-31,2012-10-31,2017-11-30,3645000000,811106000000,773299500000,,,0.033,26.209,-813000000,25128000000,25126693411,0,6460000000,,16.037,50134000000,,,50131393167,0,971000000,291759000000,0.035,0.72,7441000000,8412000000,0.329,8411562598,7440613088,7441000000,3.4,3.38,3.4,47523000000,45022000000,47520528932,49674776214,6,5.906,12252000000,6.757,1.0,25546000000,1.0,14528000000,0,821584000000,778199000000,0,682670000000,,,762106000000,,,36702637189,340000000,-6839000000,165000000,12624000000,-1870000000,10780000000,-23509000000,-15857000000,13065000000,4000000,6356000000,6264000000,6263674288,0,104000000,0.245,16440000000,9106000000,0,0.212,0.772,5.86,5.981,4402000000,196000000,20.335,1.437,1.443,0,21763000000,25546000000,25544671677,0,0.008,0.139,0.01,0.291,0,11051000000,1.0,1804899788,1813200000,1829700000,14.088,796578000000,1322000000,1085000000,494000000,439.322,
TD,MRY,2013-12-31,2013-10-31,2013-10-31,2017-11-30,3159000000,862021000000,836563500000,,,0.033,27.137,-751000000,32164000000,30798457970,0,6640000000,,16.253,42396000000,,,40596052236,0,1039000000,319468000000,0.034,0.79,7670000000,8709000000,0.319,8339254149,7344365521,7670000000,3.46,3.44,3.313,49875000000,48699000000,47757526777,67334052149,9,8.074,26533000000,14.437,1.044,27259000000,1.0,15786000000,0,856467000000,839025500000,0,732482000000,,,810638000000,,,42110219127,145000000,-6211000000,-516000000,-7802000000,-2647000000,-11070000000,-16106000000,-9144000000,27284000000,37000000,6535000000,6455000000,6180949079,0,105000000,0.237,18125000000,9134000000,8882000000,0.238,0.882,6.813,6.921,4635000000,185000000,22.93,1.613,1.615,9183000000,23982000000,27259000000,26101702705,0,0.008,0.133,0.009,0.281,0,11648000000,1.0,1836468344,1837900000,1845100000,14.202,846235000000,1800000000,1135000000,0,460.436,
TD,MRY,2014-12-31,2014-10-31,2014-10-31,2017-11-30,4936000000,960511000000,911266000000,,,0.033,29.733,-828000000,46554000000,41385343113,0,7883000000,,16.537,60897000000,,,54135911835,0,1131000000,343240000000,0.03,1.49,9288000000,10419000000,0.348,9262230740,8256799992,9288000000,4.15,4.14,3.689,54682000000,52278500000,48610932081,99934856774,12,10.79,25085000000,13.64,1.125,29961000000,1.0,16913000000,0,957941000000,907204000000,0,792937000000,,,904280000000,,,90584131341,-800000000,-2768000000,88000000,13344000000,-3188000000,8931000000,-35787000000,-32191000000,25913000000,143000000,7776000000,7740000000,6880666660,0,107000000,0.258,19329000000,10632000000,18195000000,0.404,1.863,13.165,13.352,4930000000,143000000,49.26,3.401,3.401,17130000000,27585000000,29961000000,26634580594,0,0.008,0.148,0.01,0.31,0,12557000000,1.0,1838898322,1839100000,1845300000,14.482,943598000000,2008000000,1512000000,0,513.076,
TD,MRY,2015-12-31,2015-10-31,2015-10-31,2017-11-30,10209000000,1104373000000,1032442000000,,,0.03,35.376,-972000000,45637000000,34856429272,0,8024000000,,15.857,75793000000,,,57888847729,0,1250000000,395818000000,0.039,1.6,9435000000,10685000000,0.34,8160942804,7206223243,9435000000,4.22,4.21,3.223,65418000000,60050000000,49964675376,81722826233,11,10.014,34335000000,18.567,1.309,31426000000,1.0,19008000000,0,1115521000000,1036731000000,0,911155000000,,,1037345000000,,,75732871575,373000000,-2918000000,136000000,14869000000,-3444000000,11916000000,-47111000000,-43221000000,35307000000,261000000,7912000000,7925000000,6052922014,0,112000000,0.252,20573000000,10853000000,22664000000,0.496,1.516,12.512,12.727,5314000000,99000000,41.02,3.155,3.16,21996000000,32053000000,31426000000,24002413531,0,0.008,0.132,0.009,0.3,0,13414000000,1.0,1846242603,1849200000,1854100000,12.98,1085365000000,1931000000,1523000000,0,586.938,
TD,MRY,2016-12-31,2016-10-31,2016-10-31,2017-11-30,11834000000,1176967000000,1140670000000,,,0.03,39.093,-797000000,57621000000,42936661699,0,8936000000,,15.197,59864000000,,,44608047690,0,1337000000,439232000000,0.036,1.62,10964000000,12301000000,0.358,9166169895,8169895678,10964000000,4.68,4.67,3.487,72564000000,68991000000,54071535022,106791919020,13,11.651,43496000000,23.433,1.342,34315000000,1.0,19301000000,0,1159909000000,1137715000000,0,974305000000,,,1102753000000,,,84233975715,753000000,0,-293000000,-15921000000,-3808000000,-18451000000,-25140000000,-24343000000,44293000000,51000000,8821000000,8795000000,6553651266,0,115000000,0.256,21339000000,12976000000,17857000000,0.465,1.558,12.853,13.013,5482000000,141000000,45.38,3.294,3.294,17436000000,35452000000,34315000000,25570044709,0,0.008,0.127,0.01,0.32,0,14042000000,1.0,1856191620,1856191620,,13.776,1157666000000,2084000000,2143000000,0,623.678,
TD,MRY,2017-12-31,2017-10-31,2017-10-31,2017-11-30,8006000000,1278995000000,1227981000000,,,0.029,39.948,-434000000,55156000000,42783121315,0,10517000000,,16.222,98119000000,,,76108439342,0,1307000000,468155000000,0.031,1.78,12649000000,13956000000,0.386,10825318026,9811511014,12649000000,5.51,5.5,4.274,74207000000,73385500000,57560502637,107277219199,10,9.91,34436000000,18.538,1.289,36149000000,1.0,18774000000,0,1303184000000,1231546500000,0,1080528000000,,,1203805000000,,,105603838119,64000000,-2129000000,-1396000000,38598000000,-4211000000,32599000000,-67311000000,-64748000000,34870000000,-94000000,10396000000,10324000000,8008067018,0,121000000,0.286,21612000000,14537000000,32851000000,0.416,1.835,13.187,13.301,5313000000,193000000,56.85,3.766,3.766,29971000000,40489000000,36149000000,28039869686,0,0.008,0.141,0.01,0.35,0,14695000000,1.0,1857587302,1857587302,,15.095,1260221000000,2497000000,2253000000,0,678.418,
