ticker,dimension,calendardate,datekey,reportperiod,lastupdated,accoci,assets,assetsavg,assetsc,assetsnc,assetturnover,bvps,capex,cashneq,cashnequsd,cor,consolinc,currentratio,de,debt,debtc,debtnc,debtusd,deferredrev,depamor,deposits,divyield,dps,ebit,ebitda,ebitdamargin,ebitdausd,ebitusd,ebt,eps,epsdil,epsusd,equity,equityavg,equityusd,ev,evebit,evebitda,fcf,fcfps,fxusd,gp,grossmargin,intangibles,intexp,invcap,invcapavg,inventory,investments,investmentsc,investmentsnc,liabilities,liabilitiesc,liabilitiesnc,marketcap,ncf,ncfbus,ncfcommon,ncfdebt,ncfdiv,ncff,ncfi,ncfinv,ncfo,ncfx,netinc,netinccmn,netinccmnusd,netincdis,netincnci,netmargin,opex,opinc,payables,payoutratio,pb,pe,pe1,ppnenet,prefdivis,price,ps,ps1,receivables,retearn,revenue,revenueusd,rnd,roa,roe,roic,ros,sbcomp,sgna,sharefactor,sharesbas,shareswa,shareswadil,sps,tangibles,taxassets,taxexp,taxliabilities,tbvps,workingcapital
TDY,MRY,2011-12-31,2012-01-01,2012-01-01,2018-05-08,-241100000,1826100000,1870300000,602700000,1223400000,1.038,26.757,-41700000,49400000,49400000,1290700000,255200000,1.803,0.86,312800000,1400000,311400000,312800000,0,64200000,0,0.0,0.0,340900000,405100000,0.209,405100000,340900000,324700000,6.97,6.84,6.97,979300000,964100000,979300000,2278891087,6,5.626,174900000,4.779,1.0,651200000,0.335,899200000,16200000,856100000,922675000,219400000,0,0,0,842000000,334200000,507800000,2027491087,-25700000,-229700000,-20100000,46600000,0,29600000,-271900000,0,216600000,0,255200000,255200000,255200000,-113100000,0,0.131,424000000,227200000,102000000,0.0,2.07,7.945,7.869,254600000,0,54.85,1.044,1.034,270000000,958900000,1941900000,1941900000,0,0.136,0.265,0.369,0.176,-1400000,424000000,1.0,36964286,36600000,37300000,53.057,926900000,35100000,69500000,0,25.325,268500000
TDY,MRY,2012-12-31,2012-12-30,2012-12-30,2018-05-08,-273400000,2406400000,2192225000,744800000,1661600000,0.97,31.022,-65300000,45800000,45800000,1379100000,165100000,1.829,1.048,558200000,2000000,556200000,558200000,0,78300000,0,0.0,0.0,247300000,325600000,0.153,325600000,247300000,229500000,4.47,4.47,4.47,1147800000,1102000000,1147800000,2972670739,12,9.13,124200000,3.384,1.0,748200000,0.352,1255900000,17800000,1255600000,1142800000,281200000,0,0,0,1203000000,407300000,795700000,2349170739,-3600000,-388100000,19900000,229200000,0,260300000,-453400000,0,189500000,0,164100000,164100000,164100000,-2300000,2000000,0.077,505100000,243100000,148600000,0.0,2.047,14.315,14.244,349500000,0,63.67,1.104,1.098,350300000,1123000000,2127300000,2127300000,0,0.075,0.149,0.216,0.116,-400000,505100000,1.0,36896038,36700000,37400000,57.965,1150500000,0,65400000,0,31.095,337500000
TDY,MRY,2013-12-31,2013-12-29,2013-12-29,2018-05-08,-165500000,2751100000,2604075000,799100000,1952000000,0.898,39.456,-72600000,66000000,66000000,1500000000,184500000,1.911,0.837,552500000,3500000,549000000,552500000,0,91100000,0,0.0,0.0,244900000,336000000,0.144,336000000,244900000,224500000,4.96,4.96,4.96,1471700000,1297375000,1471700000,4023118175,16,11.974,131500000,3.525,1.0,838600000,0.359,1308700000,20400000,1510800000,1463850000,294300000,0,0,0,1232400000,418100000,814300000,3468718175,20200000,-122400000,12100000,-5000000,0,11100000,-195000000,0,204100000,0,185000000,185000000,185000000,0,-1000000,0.079,598300000,240300000,147500000,0.0,2.357,18.75,18.639,357700000,0,92.45,1.483,1.475,378000000,1308000000,2338600000,2338600000,0,0.071,0.143,0.167,0.105,5300000,598300000,1.0,37519937,37300000,38000000,62.697,1442400000,0,39500000,0,38.67,381000000
TDY,MRY,2014-12-31,2014-12-28,2014-12-28,2018-05-08,-323200000,2862200000,2805375000,941700000,1920500000,0.853,39.428,-43500000,141400000,141400000,1487100000,215600000,1.747,0.976,705100000,86200000,618900000,705100000,0,94300000,0,0.0,0.0,303200000,397500000,0.166,397500000,303200000,284200000,5.87,5.87,5.87,1427300000,1499925000,1427300000,4276390900,14,10.758,244400000,6.588,1.0,906900000,0.379,1428200000,19000000,1458700000,1495075000,311800000,0,0,0,1393700000,539000000,854700000,3824390900,75400000,-195200000,-128300000,154500000,0,30400000,-238700000,0,287900000,-4200000,217700000,217700000,217700000,0,-4200000,0.091,612400000,294500000,162500000,0.0,2.679,17.567,17.823,336500000,0,104.62,1.597,1.621,400700000,1525700000,2394000000,2394000000,0,0.078,0.145,0.203,0.127,7800000,612400000,1.0,36555065,37100000,37900000,64.528,1434000000,0,66500000,0,39.613,402700000
TDY,MRY,2015-12-31,2016-01-03,2016-01-03,2018-05-08,-413200000,2717100000,2772075000,826800000,1890300000,0.829,38.403,-47000000,85100000,85100000,1427800000,195500000,2.101,1.022,780600000,19100000,761500000,780600000,0,90300000,0,0.0,0.0,282400000,372700000,0.162,372700000,282400000,258500000,5.55,5.55,5.55,1344100000,1363225000,1344100000,3784883757,13,10.155,163200000,4.623,1.0,870300000,0.379,1383500000,23900000,1635500000,1614300000,309200000,0,0,0,1373000000,393600000,979400000,3143683757,-56300000,-62900000,-224800000,77400000,0,-145000000,-109900000,0,210200000,-11600000,195800000,195800000,195800000,0,-300000,0.085,588600000,281700000,136500000,0.0,2.339,16.056,15.982,321300000,0,88.7,1.368,1.362,373000000,1721500000,2298100000,2298100000,0,0.071,0.144,0.175,0.123,12200000,588600000,1.0,35441756,35300000,36000000,65.102,1333600000,0,62700000,0,38.103,433200000
TDY,MRY,2016-12-31,2017-01-01,2017-01-01,2018-05-08,-451200000,2774400000,2771625000,846200000,1928200000,0.776,44.539,-87600000,98600000,98600000,1318000000,190900000,1.686,0.785,617800000,102000000,515800000,617800000,0,87300000,0,0.0,0.0,264500000,351800000,0.164,351800000,264500000,241300000,5.52,5.52,5.52,1554400000,1500900000,1554400000,4791786788,18,13.621,229400000,6.63,1.0,831900000,0.387,1428100000,23200000,1363700000,1459575000,314200000,0,0,0,1220000000,501800000,718200000,4297786788,13500000,-43900000,36100000,-163100000,0,-145000000,-151000000,0,317000000,-7500000,190900000,190900000,190900000,0,0,0.089,578100000,253800000,138800000,0.0,2.765,22.513,22.283,340800000,0,123.0,1.999,1.98,383700000,1912400000,2149900000,2149900000,0,0.069,0.127,0.181,0.123,16200000,578100000,1.0,34941356,34600000,35500000,62.136,1346300000,0,50400000,0,38.576,344400000
TDY,MRY,2017-12-31,2017-12-31,2017-12-31,2018-05-08,-329300000,3846400000,3786750000,1011900000,2834500000,0.688,55.321,-58500000,70900000,70900000,1612200000,227200000,1.872,0.975,1072900000,3600000,1069300000,1072900000,0,113000000,0,0.0,0.0,320100000,433100000,0.166,433100000,320100000,287000000,6.45,6.45,6.45,1947300000,1784075000,1947300000,7532519620,23,17.392,316200000,8.983,1.0,991600000,0.381,2175600000,33100000,2132200000,2219750000,400200000,0,0,0,1899100000,540600000,1358500000,6419319620,-27700000,-772700000,24900000,393700000,0,414100000,-831200000,0,374700000,14700000,227200000,227200000,227200000,0,0,0.087,656000000,335600000,191700000,0.0,3.297,28.254,28.085,442800000,0,181.15,2.465,2.449,478100000,2139600000,2603800000,2603800000,0,0.06,0.127,0.144,0.123,18800000,656000000,1.0,35436487,35200000,36300000,73.972,1670800000,0,59800000,0,47.466,471300000
