ticker,dimension,calendardate,datekey,reportperiod,lastupdated,accoci,assets,assetsavg,assetsc,assetsnc,assetturnover,bvps,capex,cashneq,cashnequsd,cor,consolinc,currentratio,de,debt,debtc,debtnc,debtusd,deferredrev,depamor,deposits,divyield,dps,ebit,ebitda,ebitdamargin,ebitdausd,ebitusd,ebt,eps,epsdil,epsusd,equity,equityavg,equityusd,ev,evebit,evebitda,fcf,fcfps,fxusd,gp,grossmargin,intangibles,intexp,invcap,invcapavg,inventory,investments,investmentsc,investmentsnc,liabilities,liabilitiesc,liabilitiesnc,marketcap,ncf,ncfbus,ncfcommon,ncfdebt,ncfdiv,ncff,ncfi,ncfinv,ncfo,ncfx,netinc,netinccmn,netinccmnusd,netincdis,netincnci,netmargin,opex,opinc,payables,payoutratio,pb,pe,pe1,ppnenet,prefdivis,price,ps,ps1,receivables,retearn,revenue,revenueusd,rnd,roa,roe,roic,ros,sbcomp,sgna,sharefactor,sharesbas,shareswa,shareswadil,sps,tangibles,taxassets,taxexp,taxliabilities,tbvps,workingcapital
TESS,MRY,2011-12-31,2011-03-27,2011-03-27,2018-02-02,-24600,158701800,172225550,123811300,34890500,3.514,10.445,-4842200,8178200,8178200,471938600,10018200,1.663,1.012,3318200,359100,2959100,3318200,0,4445200,0,0.034,0.4,15975500,20420700,0.034,20420700,15975500,15554900,1.33,1.27,1.33,78880100,75325650,78880100,84772443,5,4.151,7195900,0.953,1.0,133280600,0.22,11684700,420600,67724800,68800825,45709800,0,0,0,79821700,74432300,5389400,88655643,519500,-2852000,-1165900,-389800,-3020300,-3824400,-7694200,0,12038100,0,10018200,10018200,10018200,0,0,0.017,117305100,15975500,62913000,0.301,1.124,8.849,8.827,21148100,0,11.74,0.146,0.146,65708700,82540900,605219200,605219200,0,0.058,0.133,0.232,0.026,2274000,117305100,1.0,7551588,7551588,,80.145,147017100,2545700,5536700,3488400,19.468,49379000
TESS,MRY,2012-12-31,2012-04-01,2012-04-01,2018-02-02,0,202497700,203778525,165763400,36734300,3.599,12.039,-6513700,18211600,18211600,584733700,16436900,1.658,1.162,2957200,249200,2708000,2957200,0,4844900,0,0.022,0.55,27003800,31848700,0.043,31848700,27003800,26710900,2.12,2.03,2.12,93651900,88738175,93651900,186707813,6,5.862,15231800,1.958,1.0,148656200,0.203,11684700,292900,75575000,75884675,53360300,0,0,0,108845800,99983600,8862200,198139713,10033400,0,-1058100,-361000,-4273400,-5198400,-6513700,0,21745500,0,16436900,16436900,16436900,0,0,0.022,121652400,27003800,78344700,0.259,2.116,12.055,12.014,22905700,0,25.47,0.27,0.27,88748200,94704400,733389900,733389900,0,0.081,0.185,0.356,0.037,2928200,121652400,1.0,7779337,7779337,,94.274,190813000,3135100,10274000,5380500,24.528,65779800
TESS,MRY,2013-12-31,2013-03-31,2013-03-31,2018-02-02,0,194300000,211825475,157268800,37031200,3.553,12.753,-5354000,4468000,4468000,605525800,17793900,1.948,0.89,2708000,249700,2458300,2708000,0,4979400,0,0.068,1.47,29218600,34198000,0.045,34198000,29218600,28994400,2.22,2.15,2.22,102802600,100621350,102802600,174612956,5,5.106,-2001600,-0.248,1.0,147039200,0.195,11684700,224200,100138200,91475050,60913600,0,0,0,91497400,80717100,10780300,174437356,-13743600,0,-1987900,-249200,-11830500,-11742000,-5354000,0,3352400,0,17793900,17793900,17793900,0,0,0.024,117820600,29218600,65209300,0.662,1.697,9.803,9.748,23202000,0,21.64,0.232,0.232,82177600,100667800,752565000,752565000,0,0.084,0.177,0.319,0.039,2536800,117820600,1.0,8060876,8060876,,93.36,182615300,6227300,11200500,6482500,22.655,76551700
TESS,MRY,2014-12-31,2014-03-30,2014-03-30,2018-02-02,0,186960300,187379075,150168900,36791400,2.989,13.949,-4715500,11467900,11467900,433728700,16249100,2.419,0.628,2458400,250200,2208200,2458400,0,4865000,0,0.021,0.74,26489900,31354900,0.056,31354900,26489900,26312200,1.98,1.94,1.98,114828100,110886150,114828100,283192463,10,9.032,13949900,1.695,1.0,126357900,0.226,11684700,177700,104187600,108468900,61955700,0,0,0,72132200,62078500,10053700,288953063,6999900,0,-1433000,-249600,-6086100,-6950000,-4715500,0,18665400,0,16249100,16249100,16249100,0,0,0.029,99868000,26489900,50756900,0.374,2.516,17.783,17.727,22765400,0,35.1,0.516,0.516,67495700,110830800,560086600,560086600,0,0.087,0.147,0.244,0.047,2087100,99868000,1.0,8232281,8232281,,68.035,175275600,6913000,10063100,6738400,21.291,88090400
TESS,MRY,2015-12-31,2015-03-29,2015-03-29,2018-02-02,0,186240600,199072475,150328600,35912000,2.761,13.846,-2947600,7524000,7524000,431980500,8634300,2.207,0.646,2208200,250700,1957500,2208200,0,4583600,0,0.031,0.8,14378400,18962000,0.035,18962000,14378400,14211100,1.05,1.04,1.05,113142100,116154125,113142100,200815831,13,10.59,8132200,0.995,1.0,117638500,0.214,11684700,167300,101132400,108788700,72363600,0,0,0,73098500,68107700,4990800,208081231,-3943900,0,-6027400,-250200,-6628800,-12076100,-2947600,0,11079800,0,8634300,8634300,8634300,0,0,0.016,103260100,14378400,51804200,0.762,1.839,24.099,24.21,21111800,0,25.42,0.379,0.378,59572100,112836300,549619000,549619000,0,0.043,0.074,0.132,0.026,1161300,102686700,1.0,8185729,8171235,8272806,67.263,174555900,495900,5576800,1832400,21.362,82220900
TESS,MRY,2016-12-31,2016-03-27,2016-03-27,2018-02-02,0,169416000,185426975,135019500,34396500,2.862,13.727,-3513800,16882800,16882800,418716200,5340500,2.572,0.506,1957600,251100,1706500,1957600,0,4730000,0,0.047,0.8,9033600,13763600,0.026,13763600,9033600,8872300,0.65,0.65,0.65,112527300,114063225,112527300,136677932,15,9.93,16627300,2.023,1.0,111965900,0.211,11684700,161300,90310200,102275800,53903900,0,0,0,56888700,52495900,4392800,142132132,9358800,0,-783600,-250600,-6615700,-7268500,-3513800,0,20141100,0,5340500,5340500,5340500,0,0,0.01,102932300,9033600,41986000,1.231,1.263,26.614,26.431,19895400,0,17.18,0.268,0.266,58315700,111561100,530682100,530682100,0,0.029,0.047,0.088,0.017,729000,102932300,1.0,8273116,8220023,8220023,64.56,157731300,0,3531800,1836200,19.242,82523600
TESS,MRY,2017-12-31,2017-03-26,2017-03-26,2018-02-02,0,173980500,179823350,141167400,32813100,2.966,12.968,-2563000,8540100,8540100,421527300,1445100,2.207,0.611,56300,26500,29800,56300,0,4238900,0,0.053,0.8,2544900,6783800,0.013,6783800,2544900,2486300,0.17,0.17,0.17,108016300,109890000,108016300,116653490,45,17.196,488270,0.059,1.0,111767800,0.21,11677700,58600,89846100,90496150,63984300,0,0,0,65964200,63972900,1991300,124945290,-8342700,0,-54770,-2119500,-6656700,-8830970,-2563000,0,3051270,0,1445100,1445100,1445100,0,0,0.003,109222900,2544900,53581400,4.706,1.157,86.461,88.235,13830900,0,15.0,0.234,0.234,64778900,106349500,533295100,533295100,0,0.008,0.013,0.028,0.005,434400,108416300,1.0,8329686,8312731,8340417,64.154,162302800,0,1041200,1751500,19.486,77194500
