ticker,dimension,calendardate,datekey,reportperiod,lastupdated,accoci,assets,assetsavg,assetsc,assetsnc,assetturnover,bvps,capex,cashneq,cashnequsd,cor,consolinc,currentratio,de,debt,debtc,debtnc,debtusd,deferredrev,depamor,deposits,divyield,dps,ebit,ebitda,ebitdamargin,ebitdausd,ebitusd,ebt,eps,epsdil,epsusd,equity,equityavg,equityusd,ev,evebit,evebitda,fcf,fcfps,fxusd,gp,grossmargin,intangibles,intexp,invcap,invcapavg,inventory,investments,investmentsc,investmentsnc,liabilities,liabilitiesc,liabilitiesnc,marketcap,ncf,ncfbus,ncfcommon,ncfdebt,ncfdiv,ncff,ncfi,ncfinv,ncfo,ncfx,netinc,netinccmn,netinccmnusd,netincdis,netincnci,netmargin,opex,opinc,payables,payoutratio,pb,pe,pe1,ppnenet,prefdivis,price,ps,ps1,receivables,retearn,revenue,revenueusd,rnd,roa,roe,roic,ros,sbcomp,sgna,sharefactor,sharesbas,shareswa,shareswadil,sps,tangibles,taxassets,taxexp,taxliabilities,tbvps,workingcapital
THR,MRY,2011-12-31,2011-03-31,2011-03-31,2018-02-08,10031000,451032000,336074000,137334000,313698000,0.678,5.075,-1702000,51266000,51266000,132395000,-14940000,1.638,2.565,212063000,23063000,189000000,212063000,1110000,27538000,0,,0.0,13991000,41529000,0.182,41529000,13991000,-8780000,-0.6,-0.6,-0.6,126532000,90803000,126532000,,,,37260000,1.496,1.0,95485000,0.419,279806000,22771000,248158000,214996500,31118000,0,0,0,324500000,83865000,240635000,,51266000,-314410000,129502000,212063000,0,326316000,-316605000,0,38962000,2593000,-14940000,-14940000,-14940000,0,0,-0.066,72660000,22825000,18573000,0.0,,,,21686000,0,,,,42076000,-14940000,227880000,227880000,0,-0.044,-0.165,0.065,0.061,1939000,54630000,1.0,29523641,24900332,24900332,9.152,171226000,5241000,6160000,57743000,6.867,53469000
THR,MRY,2012-12-31,2012-03-31,2012-03-31,2018-02-08,3362000,425579000,424379750,127664000,297915000,0.642,6.52,-8883000,21468000,21468000,140208000,12030000,1.919,1.211,139145000,21000000,118145000,139145000,2446000,13971000,0,0.0,0.0,39082000,53053000,0.195,53053000,39082000,19498000,0.41,0.4,0.41,192480000,179338000,192480000,739872118,18,13.946,-5771000,-0.198,1.0,132115000,0.485,262808000,19584000,213930000,234014000,38453000,0,0,0,233099000,66518000,166581000,611503118,-29798000,0,51891000,-76743000,0,-22671000,-9568000,0,3112000,-671000,12030000,12030000,12030000,0,0,0.044,87659000,44456000,15728000,0.0,3.177,50.832,49.878,27661000,0,20.45,2.246,2.184,52033000,-2910000,272323000,272323000,0,0.028,0.067,0.167,0.144,6514000,76280000,1.0,29902353,29083478,30454255,9.363,162771000,8857000,7468000,47373000,5.514,61146000
THR,MRY,2013-12-31,2013-03-31,2013-03-31,2018-02-08,-1075000,435523000,425320250,151577000,283946000,0.668,7.252,-6264000,43847000,43847000,151204000,26974000,3.32,0.927,118145000,0,118145000,118145000,1629000,13831000,0,0.0,0.0,56775000,70606000,0.249,70606000,56775000,41550000,0.88,0.85,0.88,226047000,214388750,226047000,781367137,13,11.067,35106000,1.14,1.0,132832000,0.468,248219000,15225000,215943000,220051500,34391000,0,0,0,209476000,45659000,163817000,691611137,22379000,0,5558000,-21630000,0,-12189000,-6553000,0,41370000,-249000,26974000,26974000,26974000,0,0,0.095,75844000,56988000,20370000,0.0,3.06,25.64,25.239,31211000,0,22.21,2.435,2.408,59638000,24064000,284036000,284036000,0,0.063,0.126,0.258,0.2,1341000,64633000,1.0,31139628,30796675,31796830,9.223,187304000,7498000,14576000,44305000,6.009,105918000
THR,MRY,2014-12-31,2014-03-31,2014-03-31,2018-02-08,-7880000,442180000,439062750,175828000,266352000,0.632,7.861,-3367000,72640000,72640000,142153000,25799000,4.023,0.765,121500000,13500000,108000000,121500000,1749000,14178000,0,0.0,0.0,42782000,56960000,0.205,56960000,42782000,32763000,0.82,0.8,0.82,250466000,235669000,250466000,795468631,18,13.965,42747000,1.353,1.0,135170000,0.487,233029000,10019000,214304000,217281250,37316000,0,0,0,191714000,43707000,148007000,737933631,28794000,0,3340000,-12130000,0,-10577000,-5422000,0,46114000,-1321000,25799000,25799000,25799000,0,0,0.093,76553000,58617000,17066000,0.0,2.946,28.603,28.268,31532000,0,23.18,2.661,2.641,55458000,49863000,277323000,277323000,0,0.059,0.109,0.197,0.154,2203000,65463000,1.0,31834928,31595019,32153912,8.777,209151000,5356000,6964000,38573000,6.565,132121000
THR,MRY,2015-12-31,2015-03-31,2015-03-31,2018-02-08,-41400000,449757000,459129750,207155000,242602000,0.672,8.476,-6075000,93774000,93774000,153874000,49386000,3.898,0.655,106783000,13500000,93283000,106783000,2366000,14143000,0,0.0,0.0,67127000,81270000,0.263,81270000,67127000,62562000,1.54,1.52,1.54,271766000,272187750,271766000,793048967,11,9.758,45656000,1.426,1.0,154704000,0.501,206045000,4565000,203583000,212938250,41008000,0,0,0,177991000,53138000,124853000,771961967,21134000,-3890000,547000,-13500000,0,-11837000,-9965000,0,51731000,-8795000,49386000,49386000,49386000,0,0,0.16,87643000,67061000,17145000,0.0,2.841,15.631,15.63,34824000,0,24.07,2.502,2.498,67245000,99249000,308578000,308578000,0,0.108,0.181,0.315,0.218,3295000,76868000,1.0,32071540,32027115,32407266,9.635,243712000,1214000,13176000,31210000,7.601,154017000
THR,MRY,2016-12-31,2016-03-31,2016-03-31,2018-02-08,-44569000,468677000,460817500,198692000,269985000,0.612,9.138,-10388000,84570000,84570000,150613000,23650000,3.451,0.577,93612000,13500000,80112000,93612000,3438000,17409000,0,0.0,0.0,35867000,53276000,0.189,53276000,35867000,31725000,0.72,0.71,0.72,294422000,282577000,294422000,589485098,16,11.065,37532000,1.166,1.0,131315000,0.466,225508000,4142000,194640000,208727500,40645000,0,0,0,169976000,57571000,112405000,565711098,-9204000,-31180000,-1025000,-13500000,0,-15009000,-41568000,0,47920000,-547000,23009000,23009000,23009000,0,641000,0.082,94554000,36761000,19458000,0.0,1.921,24.587,24.389,41617000,0,17.56,2.007,2.004,65037000,122258000,281928000,281928000,0,0.05,0.081,0.172,0.127,3749000,80729000,1.0,32215894,32176925,32592646,8.762,243169000,1685000,8716000,32051000,7.547,141121000
THR,MRY,2017-12-31,2017-03-31,2017-03-31,2018-02-08,-48335000,454080000,452895750,198174000,255906000,0.583,9.513,-7209000,42842000,42842000,152199000,14984000,3.788,0.46,80476000,20250000,60226000,80476000,2767000,17832000,0,0.0,0.0,22257000,40089000,0.152,40089000,22257000,18739000,0.45,0.45,0.45,307880000,301549750,307880000,715756677,32,17.854,19231000,0.595,1.0,111931000,0.424,208699000,3518000,230692000,216247750,34020000,44786000,44786000,0,141578000,52323000,89255000,674012677,-41729000,0,-453000,-13500000,0,-14658000,-51995000,-44786000,26440000,-1516000,14641000,14641000,14641000,0,343000,0.055,89487000,22444000,15683000,0.0,2.189,46.036,46.311,43266000,0,20.84,2.552,2.549,68692000,136899000,264130000,264130000,0,0.032,0.049,0.103,0.084,3402000,77715000,1.0,32342259,32301661,32633281,8.177,245381000,4851000,4098000,26142000,7.582,145851000
