ticker,dimension,calendardate,datekey,reportperiod,lastupdated,accoci,assets,assetsavg,assetsc,assetsnc,assetturnover,bvps,capex,cashneq,cashnequsd,cor,consolinc,currentratio,de,debt,debtc,debtnc,debtusd,deferredrev,depamor,deposits,divyield,dps,ebit,ebitda,ebitdamargin,ebitdausd,ebitusd,ebt,eps,epsdil,epsusd,equity,equityavg,equityusd,ev,evebit,evebitda,fcf,fcfps,fxusd,gp,grossmargin,intangibles,intexp,invcap,invcapavg,inventory,investments,investmentsc,investmentsnc,liabilities,liabilitiesc,liabilitiesnc,marketcap,ncf,ncfbus,ncfcommon,ncfdebt,ncfdiv,ncff,ncfi,ncfinv,ncfo,ncfx,netinc,netinccmn,netinccmnusd,netincdis,netincnci,netmargin,opex,opinc,payables,payoutratio,pb,pe,pe1,ppnenet,prefdivis,price,ps,ps1,receivables,retearn,revenue,revenueusd,rnd,roa,roe,roic,ros,sbcomp,sgna,sharefactor,sharesbas,shareswa,shareswadil,sps,tangibles,taxassets,taxexp,taxliabilities,tbvps,workingcapital
TIGR,MRY,2011-12-31,2011-03-31,2011-03-31,2017-05-22,2312000,40038000,40226000,12531000,27507000,0.34,1.206,-266000,11354000,11354000,1731000,-2979000,2.031,0.182,0,0,0,0,4283000,364000,0,0.0,0.0,-2830000,-2466000,-0.18,-2466000,-2830000,-2830000,-0.11,-0.11,-0.11,33868000,34248500,33868000,114919966,-40,-46.602,-1695000,-0.061,1.0,11939000,0.873,26388000,0,-3874000,-3412500,0,0,0,0,6170000,6170000,0,126294966,-1138000,0,462000,0,0,462000,-266000,0,-1429000,95000,-2979000,-2979000,-2979000,0,0,-0.218,14768000,-2829000,205000,0.0,3.729,-42.395,-40.909,699000,0,4.5,9.239,9.219,756000,-105249000,13670000,13670000,5956000,-0.074,-0.087,0.829,-0.207,1007000,8812000,1.0,28065548,28005000,28005000,0.488,13650000,304000,149000,0,0.486,6361000
TIGR,MRY,2012-12-31,2012-03-31,2012-03-31,2017-05-22,2304000,37814000,38477500,10441000,27373000,0.1,1.128,-76000,8918000,8918000,362000,-3547000,1.726,0.19,0,0,0,0,4311000,159000,0,0.0,0.0,-5713000,-5554000,-1.451,-5554000,-5713000,-5715000,-0.12,-0.12,-0.12,31764000,32430000,31764000,55783998,-9,-10.044,-2498000,-0.089,1.0,3467000,0.905,26388000,2000,-3542000,-3235500,0,0,0,0,6050000,6050000,0,64777998,-2436000,0,172000,0,0,172000,-76000,0,-2422000,-110000,-3547000,-3547000,-3547000,-3545000,0,-0.926,12663000,-9196000,272000,0.0,2.039,-18.263,-19.167,615000,0,2.3,16.918,16.907,891000,-108796000,3829000,3829000,4574000,-0.092,-0.109,1.766,-1.492,1280000,8089000,1.0,28164347,28146000,28146000,0.136,11426000,257000,-2168000,0,0.406,4391000
TIGR,MRY,2013-12-31,2013-03-31,2013-03-31,2017-05-22,2257000,41151000,37944500,8012000,33139000,0.1,1.183,-81000,6465000,6465000,375000,-2942000,1.33,0.176,0,0,0,0,948000,144000,0,0.0,0.0,-4948000,-4804000,-1.272,-4804000,-4948000,-4954000,-0.1,-0.1,-0.1,34990000,32181750,34990000,49508473,-10,-10.306,-1975000,-0.069,1.0,3402000,0.901,18776000,6000,9886000,102750,0,0,0,0,6161000,6024000,137000,57435473,-2453000,-490000,71000,0,0,71000,-571000,0,-1894000,-59000,-2942000,-2942000,-2942000,-3333000,0,-0.779,11693000,-8291000,388000,0.0,1.641,-19.523,-19.2,459000,0,1.92,15.207,14.512,575000,-111738000,3777000,3777000,3698000,-0.078,-0.091,-48.156,-1.31,1049000,7707000,1.0,29914309,28548000,28548000,0.132,22375000,228000,-2012000,0,0.757,1988000
TIGR,MRY,2014-12-31,2014-03-31,2014-03-31,2017-05-22,2360000,41739000,41922750,22289000,19450000,0.131,1.232,-183000,18602000,18602000,1733000,1295000,5.804,0.105,0,0,0,0,1599000,191000,0,0.0,0.0,-2664000,-2473000,-0.45,-2473000,-2664000,-2670000,0.04,0.04,0.04,37777000,36404500,37777000,20769509,-7,-8.399,-7745000,-0.256,1.0,3757000,0.684,18693000,6000,604000,-1667000,0,0,0,0,3962000,3840000,122000,42422509,12137000,19800000,96000,0,0,96000,19617000,0,-7562000,-14000,1295000,1295000,1295000,-8559000,0,0.236,14918000,-11161000,349000,0.0,1.123,32.759,35.25,575000,0,1.41,7.727,7.77,3134000,-110443000,5490000,5490000,4441000,0.031,0.036,1.598,-0.485,1293000,10268000,1.0,30086886,30255000,30255000,0.181,23046000,109000,-3965000,0,0.751,18449000
TIGR,MRY,2015-12-31,2015-03-31,2015-03-31,2017-05-22,2174000,13382000,25792500,12002000,1380000,0.271,0.325,-331000,10251000,10251000,1153000,-28660000,3.222,0.4,0,0,0,0,1905000,328000,0,0.0,0.0,-28572000,-28244000,-4.039,-28244000,-28572000,-28575000,-0.93,-0.93,-0.93,9556000,21982750,9556000,-467273,0,0.017,-10365000,-0.338,1.0,5840000,0.835,363000,3000,-957000,-183000,0,0,0,0,3826000,3725000,101000,12378726,-8351000,0,27000,0,0,2227000,-331000,0,-10034000,-213000,-28660000,-28660000,-28660000,0,0,-4.098,34471000,-28631000,295000,0.0,1.295,-0.432,-0.43,869000,0,0.4,1.77,1.756,1291000,-139103000,6993000,6993000,3986000,-1.111,-1.304,156.131,-4.086,601000,12302000,1.0,30946817,30691000,30691000,0.228,13019000,94000,85000,0,0.442,8277000
