ticker,dimension,calendardate,datekey,reportperiod,lastupdated,accoci,assets,assetsavg,assetsc,assetsnc,assetturnover,bvps,capex,cashneq,cashnequsd,cor,consolinc,currentratio,de,debt,debtc,debtnc,debtusd,deferredrev,depamor,deposits,divyield,dps,ebit,ebitda,ebitdamargin,ebitdausd,ebitusd,ebt,eps,epsdil,epsusd,equity,equityavg,equityusd,ev,evebit,evebitda,fcf,fcfps,fxusd,gp,grossmargin,intangibles,intexp,invcap,invcapavg,inventory,investments,investmentsc,investmentsnc,liabilities,liabilitiesc,liabilitiesnc,marketcap,ncf,ncfbus,ncfcommon,ncfdebt,ncfdiv,ncff,ncfi,ncfinv,ncfo,ncfx,netinc,netinccmn,netinccmnusd,netincdis,netincnci,netmargin,opex,opinc,payables,payoutratio,pb,pe,pe1,ppnenet,prefdivis,price,ps,ps1,receivables,retearn,revenue,revenueusd,rnd,roa,roe,roic,ros,sbcomp,sgna,sharefactor,sharesbas,shareswa,shareswadil,sps,tangibles,taxassets,taxexp,taxliabilities,tbvps,workingcapital
TREE,MRY,2011-12-31,2011-12-31,2011-12-31,2018-04-28,0,331340000,276477250,296951000,34389000,0.198,4.117,-6110000,57992000,57992000,4133000,-59503000,1.059,6.287,0,0,0,0,176000,5914000,0,0.0,0.0,-70901000,-64987000,-1.19,-64987000,-70901000,-71269000,-5.41,-5.41,-5.41,45471000,53493000,45471000,38457081,0,-0.592,-115885000,-10.54,1.0,50484000,0.924,14821000,368000,-21798000,11233750,0,0,0,0,285869000,280325000,5544000,61743081,-23278000,0,-962000,0,0,93749000,-7252000,0,-109775000,0,-59503000,-59503000,-59503000,9793000,0,-1.089,111592000,-61108000,9072000,0.0,1.358,-1.038,-1.033,8375000,0,5.59,1.13,1.125,5474000,-858105000,54617000,54617000,3203000,-0.215,-1.112,-6.311,-1.298,3777000,66413000,1.0,11045274,10995000,10995000,4.967,316519000,0,-11766000,4777000,28.655,16626000
TREE,MRY,2012-12-31,2012-12-31,2012-12-31,2018-04-28,0,143171000,187179750,122272000,20899000,0.414,7.699,-2632000,109604000,109604000,4295000,46625000,2.249,0.727,0,0,0,0,648000,4463000,0,0.055,1.0,46023000,50486000,0.652,50486000,46023000,45142000,4.36,4.36,4.36,82922000,80805250,82922000,85733067,1,1.698,219393000,20.514,1.0,73148000,0.945,14463000,881000,-35262000,-35788750,0,0,0,0,60249000,54366000,5883000,204938067,34649000,0,-879000,0,-11428000,-209582000,22206000,0,222025000,0,46625000,46625000,46625000,-48874000,0,0.602,75999000,-2851000,2741000,0.229,2.471,4.395,4.135,6155000,0,18.03,2.646,2.49,11488000,-811480000,77443000,77443000,3529000,0.249,0.577,-1.286,0.594,4587000,71165000,1.0,11366504,10695000,10695000,7.241,128708000,0,-1483000,4694000,11.951,67906000
TREE,MRY,2013-12-31,2013-12-31,2013-12-31,2018-04-28,0,152644000,149959750,132744000,19900000,0.929,7.893,-2750000,117684000,117684000,6542000,3947000,2.205,0.754,0,0,0,0,0,3648000,0,0.0,0.0,3513000,7161000,0.051,7161000,3513000,3494000,0.36,0.36,0.36,87008000,85684250,87008000,252053051,71,35.198,4063000,0.368,1.0,132698000,0.953,14316000,19000,-39555000,-35507250,0,0,0,0,65636000,60199000,5437000,365823051,11477000,0,-3321000,0,144000,-5983000,10647000,0,6813000,0,3947000,3947000,3947000,-4620000,0,0.028,133805000,-1107000,4881000,0.0,4.204,92.684,91.222,5344000,0,32.84,2.627,2.603,12850000,-807533000,139240000,139240000,5264000,0.026,0.046,-0.099,0.025,5627000,115779000,1.0,11139557,11035000,11035000,12.618,138328000,0,-453000,4849000,12.549,72545000
TREE,MRY,2014-12-31,2014-12-31,2014-12-31,2018-04-28,0,139891000,144241250,119659000,20232000,1.16,8.595,-3856000,104928000,104928000,7903000,9362000,3.097,0.452,0,0,0,0,0,3381000,0,0.0,0.0,8880000,12261000,0.073,12261000,8880000,8878000,0.84,0.84,0.84,96366000,83396500,96366000,442010130,49,36.05,-4364000,-0.39,1.0,159447000,0.953,14773000,2000,-18446000,-34677250,0,0,0,0,43525000,38636000,4889000,547515130,-5455000,-740000,-2610000,0,-229000,-7651000,2704000,0,-508000,0,9362000,9362000,9362000,-9849000,0,0.056,160416000,-969000,1060000,0.0,5.682,58.483,57.548,5257000,0,48.34,3.272,3.232,13611000,-798171000,167350000,167350000,7457000,0.065,0.112,-0.256,0.053,7446000,138587000,1.0,11326337,11188000,11188000,14.958,125118000,0,-484000,4738000,11.159,81023000
TREE,MRY,2015-12-31,2015-12-31,2015-12-31,2018-04-28,0,295781000,193522000,245584000,50197000,1.314,20.213,-7237000,213516000,213516000,9370000,48047000,4.546,0.227,0,0,0,0,0,3157000,0,0.0,0.0,25245000,28402000,0.112,28402000,25245000,25074000,4.17,3.83,4.17,241142000,140353750,241142000,905440627,35,31.879,26317000,2.285,1.0,244846000,0.963,14624000,171000,13614000,-9765750,0,0,0,0,54639000,54027000,612000,1030312627,120763000,-37000,91266000,-1215000,-131000,82308000,4901000,0,33554000,0,48047000,48047000,48047000,3269000,0,0.189,216332000,28514000,5741000,0.0,4.273,21.444,21.41,9415000,0,89.28,4.053,4.044,29873000,-750124000,254216000,254216000,10485000,0.248,0.342,-2.585,0.099,8508000,202879000,1.0,11540240,11516000,12541000,22.075,281157000,20977000,-22973000,0,23.567,191557000
TREE,MRY,2016-12-31,2016-12-31,2016-12-31,2018-04-28,0,323427000,283982000,140623000,182804000,1.354,19.668,-31955000,95220000,95220000,13764000,27494000,2.108,0.397,0,0,0,0,0,6187000,0,0.0,0.0,48421000,54608000,0.142,54608000,48421000,47860000,2.33,2.15,2.33,231435000,218918000,231435000,1013860568,20,18.566,22056000,1.867,1.0,370638000,0.964,128141000,561000,33359000,26386000,0,0,0,0,91992000,66707000,25285000,1194876568,-115844000,-85682000,-48547000,-8000,0,-52640000,-117215000,0,54011000,0,27494000,27494000,27494000,3714000,0,0.072,318526000,52112000,5593000,0.0,5.163,43.46,43.498,35462000,0,101.35,3.108,3.114,41382000,-722630000,384402000,384402000,13761000,0.097,0.126,1.835,0.126,9647000,298327000,1.0,11789606,11812000,12773000,32.543,195286000,14610000,20366000,0,16.596,73916000
TREE,MRY,2017-12-31,2017-12-31,2017-12-31,2018-04-28,0,693459000,595845250,438041000,255418000,1.037,24.599,-8040000,372641000,372641000,17223000,15578000,2.969,1.352,238199000,0,238199000,238199000,0,20077000,0,0.0,0.0,28897000,48974000,0.079,48974000,28897000,21869000,1.3,1.14,1.3,294874000,283759750,294874000,3960571279,137,80.871,90691000,7.592,1.0,600513000,0.972,194493000,7028000,217008000,183674750,0,0,0,0,398585000,147516000,251069000,4074777279,277419000,-66390000,-19901000,289514000,0,253125000,-74437000,0,98731000,0,15578000,15578000,15578000,3840000,0,0.025,543449000,57064000,9250000,0.0,13.819,261.573,261.885,36431000,0,340.45,6.596,6.583,53444000,-708354000,617736000,617736000,17925000,0.026,0.055,0.157,0.047,23361000,504325000,1.0,11968798,11945000,13682000,51.715,498966000,20156000,6291000,0,41.626,290525000
