ticker,dimension,calendardate,datekey,reportperiod,lastupdated,accoci,assets,assetsavg,assetsc,assetsnc,assetturnover,bvps,capex,cashneq,cashnequsd,cor,consolinc,currentratio,de,debt,debtc,debtnc,debtusd,deferredrev,depamor,deposits,divyield,dps,ebit,ebitda,ebitdamargin,ebitdausd,ebitusd,ebt,eps,epsdil,epsusd,equity,equityavg,equityusd,ev,evebit,evebitda,fcf,fcfps,fxusd,gp,grossmargin,intangibles,intexp,invcap,invcapavg,inventory,investments,investmentsc,investmentsnc,liabilities,liabilitiesc,liabilitiesnc,marketcap,ncf,ncfbus,ncfcommon,ncfdebt,ncfdiv,ncff,ncfi,ncfinv,ncfo,ncfx,netinc,netinccmn,netinccmnusd,netincdis,netincnci,netmargin,opex,opinc,payables,payoutratio,pb,pe,pe1,ppnenet,prefdivis,price,ps,ps1,receivables,retearn,revenue,revenueusd,rnd,roa,roe,roic,ros,sbcomp,sgna,sharefactor,sharesbas,shareswa,shareswadil,sps,tangibles,taxassets,taxexp,taxliabilities,tbvps,workingcapital
TRK,MRY,2011-12-31,2011-12-31,2011-12-31,2018-04-28,0,1904643000,1935067750,157895000,1746748000,0.261,20.293,-57985000,87368000,87368000,246702000,-6444000,1.298,1.264,572557000,17540000,555017000,572557000,75371000,54004000,0,0.026,0.4,59149000,113153000,0.224,113153000,59149000,17037000,-0.16,-0.16,-0.16,841180000,843629750,841180000,1131170330,19,9.997,76297000,1.837,1.0,259143000,0.512,533677000,42112000,1734512000,1759672750,8630000,4055000,0,4055000,1063463000,121643000,941820000,635385330,-4832000,0,-3877000,-58000000,-16623000,-85207000,-53907000,4078000,134282000,0,-6444000,-6444000,-6444000,883000,0,-0.013,191655000,67488000,16299000,-2.5,0.755,-98.601,-95.813,1177154000,0,15.33,1.256,1.258,39415000,679491000,505845000,505845000,0,-0.003,-0.008,0.034,0.117,1885000,89384000,1.0,41447184,41524000,41524000,12.182,1370966000,18899000,23481000,366898000,33.074,36252000
TRK,MRY,2012-12-31,2012-12-31,2012-12-31,2018-04-28,0,1877113000,1912347750,162002000,1715111000,0.256,20.717,-26787000,106408000,106408000,243260000,42119000,1.425,1.188,521259000,17709000,503550000,521259000,67507000,55499000,0,0.034,0.6,105228000,160727000,0.328,160727000,105228000,64011000,1.02,1.02,1.02,857876000,851827250,857876000,1169013990,11,7.273,95330000,2.301,1.0,246900000,0.504,533689000,41217000,1644605000,1679290750,8794000,3681000,0,3681000,1019237000,113670000,905567000,738511990,18945000,0,-2574000,-53000000,-24883000,-80457000,-22715000,531000,122117000,0,42119000,42119000,42119000,-326000,0,0.086,141998000,104902000,13481000,0.588,0.861,17.534,17.49,1148418000,0,17.84,1.507,1.508,36382000,696727000,490160000,490160000,0,0.022,0.049,0.063,0.215,1936000,90407000,1.0,41396412,41431000,41437000,11.831,1343424000,6866000,21892000,385736000,32.442,48332000
TRK,MRY,2013-12-31,2013-12-31,2013-12-31,2018-04-28,0,1786260000,1815182000,202208000,1584052000,0.265,19.965,-11876000,97343000,97343000,243143000,-7877000,1.822,1.163,466989000,13847000,453142000,466989000,64820000,54725000,0,0.03,0.6,-16938000,37787000,0.079,37787000,-16938000,-48809000,-0.19,-0.19,-0.19,825990000,808410500,825990000,1193832271,-70,31.594,81535000,1.969,1.0,237506000,0.494,444635000,31871000,1600317000,1609134750,8605000,3294000,0,3294000,960270000,110954000,849316000,821235271,-9477000,0,-2922000,-58000000,-24875000,-91696000,-11192000,684000,93411000,0,-7877000,-7877000,-7877000,246000,0,-0.016,235731000,1775000,13113000,-3.158,0.994,-104.257,-104.474,1105177000,0,19.85,1.709,1.71,34594000,665394000,480649000,480649000,0,-0.004,-0.01,-0.011,-0.035,2224000,91676000,1.0,41372054,41405000,41423000,11.608,1341625000,58072000,-40932000,381756000,32.428,91254000
TRK,MRY,2014-12-31,2014-12-31,2014-12-31,2018-04-28,0,1694481000,1751264000,165438000,1529043000,0.277,20.517,-20773000,110046000,110046000,248963000,31147000,1.566,0.999,404817000,7070000,397747000,404817000,60031000,78426000,0,0.027,0.6,68173000,146599000,0.303,146599000,68173000,46936000,0.75,0.75,0.75,847782000,840514250,847782000,1205108720,17,8.22,103893000,2.511,1.0,235346000,0.486,444621000,21237000,1439000000,1512776500,8350000,0,0,0,846699000,105631000,741068000,903823720,12703000,0,-4036000,-61500000,-24860000,-92004000,-19959000,814000,124666000,0,31147000,31147000,31147000,-5710000,0,0.064,172883000,62463000,11166000,0.8,1.066,29.018,29.16,1052153000,0,21.87,1.866,1.868,36410000,688285000,484309000,484309000,0,0.018,0.037,0.045,0.141,2610000,96762000,1.0,41327102,41377000,41400000,11.705,1249860000,8306000,15789000,331480000,30.248,59807000
TRK,MRY,2015-12-31,2015-12-31,2015-12-31,2018-04-28,0,1532833000,1600033250,142886000,1389947000,0.297,19.041,-30597000,82010000,82010000,235779000,-34363000,1.319,0.953,315019000,7677000,307342000,315019000,62130000,61964000,0,0.029,0.6,-29431000,32533000,0.069,32533000,-29431000,-46242000,-0.83,-0.83,-0.83,784840000,790812000,784840000,1098579630,-37,33.768,85843000,2.079,1.0,238937000,0.503,345736000,16811000,1311737000,1366769000,8711000,1303000,0,1303000,747993000,108369000,639624000,854169630,-28036000,0,-5618000,-84092000,-24807000,-114517000,-29959000,638000,116440000,0,-34363000,-34363000,-34363000,0,0,-0.072,259996000,-21059000,12112000,-0.723,1.088,-24.857,-24.964,1019650000,0,20.72,1.799,1.802,39783000,629115000,474716000,474716000,0,-0.021,-0.043,-0.022,-0.062,3383000,98289000,1.0,41224403,41284000,41312000,11.499,1187097000,8520000,-11879000,321046000,28.8,34517000
TRK,MRY,2016-12-31,2016-12-31,2016-12-31,2018-04-28,0,1498149000,1535242000,127909000,1370240000,0.319,19.423,-32093000,79342000,79342000,261874000,39545000,1.351,0.878,262055000,7657000,254398000,262055000,48524000,54368000,0,0.028,0.6,74344000,128712000,0.263,128712000,74344000,61196000,0.96,0.96,0.96,797783000,794415500,797783000,1077070113,14,8.368,81680000,1.985,1.0,227859000,0.465,345725000,13148000,1240466000,1274256250,8212000,1143000,0,1143000,700366000,94671000,605695000,890172113,-2668000,0,-5655000,-54177000,-24759000,-84591000,-31850000,243000,113773000,0,39545000,39545000,39545000,0,0,0.081,153515000,74344000,13497000,0.625,1.116,22.51,22.573,1000230000,0,21.67,1.818,1.821,29444000,644308000,489733000,489733000,0,0.026,0.05,0.058,0.152,3405000,100144000,1.0,41078547,41152000,41167000,11.901,1152424000,7384000,21651000,329398000,28.057,33238000
TRK,MRY,2017-12-31,2017-12-31,2017-12-31,2018-04-28,0,1450680000,1481755750,123334000,1327346000,0.306,22.441,-23141000,81924000,81924000,232087000,148245000,1.39,0.578,227114000,7662000,219452000,227114000,43833000,64831000,0,0.032,0.6,56611000,121442000,0.268,121442000,56611000,44370000,3.61,3.61,3.61,919223000,832399250,919223000,919041913,16,7.568,68462000,1.669,1.0,221502000,0.488,344608000,12241000,1162529000,1196438750,7283000,799000,0,799000,531457000,88733000,442724000,773058913,2582000,0,-5477000,-36157000,-24694000,-66328000,-22693000,448000,91603000,0,148245000,148245000,148245000,0,0,0.327,164891000,56611000,12017000,0.166,0.841,5.215,5.227,958215000,0,18.87,1.704,1.707,28459000,767859000,453589000,453589000,0,0.1,0.178,0.047,0.125,3366000,97602000,1.0,40967616,41025000,41041000,11.056,1106072000,2135000,-103875000,202143000,27.002,34601000
