ticker,dimension,calendardate,datekey,reportperiod,lastupdated,accoci,assets,assetsavg,assetsc,assetsnc,assetturnover,bvps,capex,cashneq,cashnequsd,cor,consolinc,currentratio,de,debt,debtc,debtnc,debtusd,deferredrev,depamor,deposits,divyield,dps,ebit,ebitda,ebitdamargin,ebitdausd,ebitusd,ebt,eps,epsdil,epsusd,equity,equityavg,equityusd,ev,evebit,evebitda,fcf,fcfps,fxusd,gp,grossmargin,intangibles,intexp,invcap,invcapavg,inventory,investments,investmentsc,investmentsnc,liabilities,liabilitiesc,liabilitiesnc,marketcap,ncf,ncfbus,ncfcommon,ncfdebt,ncfdiv,ncff,ncfi,ncfinv,ncfo,ncfx,netinc,netinccmn,netinccmnusd,netincdis,netincnci,netmargin,opex,opinc,payables,payoutratio,pb,pe,pe1,ppnenet,prefdivis,price,ps,ps1,receivables,retearn,revenue,revenueusd,rnd,roa,roe,roic,ros,sbcomp,sgna,sharefactor,sharesbas,shareswa,shareswadil,sps,tangibles,taxassets,taxexp,taxliabilities,tbvps,workingcapital
TRMB,MRY,2011-12-31,2011-12-30,2011-12-30,2018-05-09,5140000,2652475000,2652475000,733057000,1919418000,0.62,6.356,-23278000,154621000,154621000,814484000,148909000,1.782,0.678,564436000,65918000,498518000,564436000,118179000,106411000,0,0.0,0.0,176577000,282988000,0.172,282988000,176577000,169300000,0.61,0.6,0.61,1569293000,1569293000,1569293000,5850695617,33,20.675,218351000,0.89,1.0,829581000,0.505,1774483000,7277000,876484000,876484000,232063000,0,0,0,1063573000,411323000,652250000,5351697617,-66167000,-759737000,45869000,403536000,0,464167000,-773565000,12398000,241629000,1602000,150755000,150755000,150755000,0,-1846000,0.092,673179000,156402000,97956000,0.0,3.41,35.499,35.574,62724000,0,21.7,3.255,3.24,282304000,685639000,1644065000,1644065000,197007000,0.057,0.096,0.201,0.107,13689000,425179000,1.0,246622010,245450000,252266000,6.698,877992000,44632000,18545000,95594000,3.556,321734000
TRMB,MRY,2012-12-31,2012-12-28,2012-12-28,2018-05-09,22611000,3469104000,3469104000,815973000,2653131000,0.588,7.554,-55241000,157771000,157771000,993936000,189716000,1.741,0.813,911158000,38092000,873066000,911158000,146182000,149398000,0,0.0,0.0,247125000,396523000,0.194,396523000,247125000,230768000,0.76,0.74,0.76,1913524000,1901472250,1913524000,7895785938,31,19.913,285459000,1.137,1.0,1046177000,0.513,2460118000,16357000,1293703000,1293703000,240529000,0,0,0,1555580000,468670000,1086910000,7394518938,3150000,-728114000,59187000,341875000,0,426407000,-764286000,13178000,340700000,329000,191060000,191060000,191060000,0,-1344000,0.094,833609000,212568000,124532000,0.0,3.864,38.703,38.553,96890000,0,29.3,3.625,3.607,340804000,868026000,2040113000,2040113000,256458000,0.055,0.1,0.191,0.121,7315000,509494000,1.0,252372660,251132000,256774000,8.124,1008986000,43473000,39708000,148260000,3.983,347303000
TRMB,MRY,2013-12-31,2014-01-03,2014-01-03,2018-05-09,33194000,3700840000,3700840000,837017000,2863823000,0.618,8.659,-71100000,147227000,147227000,1084300000,218200000,1.451,0.657,758458000,106402000,652056000,758458000,179726000,189500000,0,0.0,0.0,271200000,460700000,0.201,460700000,271200000,253600000,0.85,0.84,0.85,2233982000,2224175000,2233982000,9600707107,35,20.839,343500000,1.339,1.0,1203800000,0.526,2608869000,17600000,1126212000,1126212000,254311000,0,0,0,1466858000,576990000,889868000,8913596107,-10600000,-258800000,47700000,-159600000,0,-98400000,-324800000,10100000,414600000,-2000000,218900000,218900000,218900000,0,-700000,0.096,952100000,251700000,112522000,0.0,3.99,40.72,40.671,142975000,0,34.57,3.896,3.877,361075000,1081695000,2288100000,2288100000,299400000,0.059,0.098,0.241,0.119,23000000,565000000,1.0,257841947,256600000,261200000,8.917,1091971000,38597000,34700000,136399000,4.233,260027000
TRMB,MRY,2014-12-31,2015-01-02,2015-01-02,2018-05-09,-76700000,3855900000,3865850000,902300000,2953600000,0.62,9.079,-54900000,148000000,148000000,1104700000,213900000,1.534,0.638,735400000,64400000,671000000,735400000,237900000,191600000,0,0.0,0.0,284900000,476500000,0.199,476500000,284900000,266200000,0.82,0.81,0.82,2353400000,2352250000,2353400000,7477115289,26,15.692,352200000,1.354,1.0,1290800000,0.539,2680300000,18700000,1174700000,1179200000,278100000,0,0,0,1502500000,588300000,914200000,6969853289,800000,-307900000,-41700000,-23900000,0,-51500000,-344000000,21300000,407100000,-10800000,214100000,214100000,214100000,0,-200000,0.089,1030000000,260800000,103800000,0.0,2.962,32.554,32.817,157400000,0,26.91,2.91,2.922,391500000,1211000000,2395500000,2395500000,318000000,0.055,0.091,0.242,0.119,29300000,634700000,1.0,259006068,260100000,264500000,9.21,1175600000,45600000,52100000,121100000,4.535,314000000
TRMB,MRY,2015-12-31,2016-01-01,2016-01-01,2018-05-09,-166800000,3680700000,3680700000,798400000,2882300000,0.622,8.854,-43900000,116000000,116000000,1088200000,120700000,1.208,0.658,729700000,118300000,611400000,729700000,264200000,199100000,0,0.0,0.0,177800000,376900000,0.165,376900000,177800000,152200000,0.47,0.47,0.47,2219700000,2220375000,2219700000,6008630727,33,15.942,313100000,1.224,1.0,1202200000,0.525,2593500000,25600000,1040000000,1040000000,261100000,0,0,0,1460100000,660900000,799200000,5372830727,-32000000,-144200000,-204700000,-200000,0,-204900000,-172400000,14500000,357000000,-11700000,121100000,121100000,121100000,0,-400000,0.053,1047800000,154400000,99800000,0.0,2.421,44.367,45.638,159200000,0,21.45,2.346,2.396,376800000,1148200000,2290400000,2290400000,336700000,0.033,0.055,0.171,0.078,50100000,629900000,1.0,250481619,255800000,258500000,8.954,1087200000,0,31100000,51700000,4.337,137500000
TRMB,MRY,2016-12-31,2016-12-30,2016-12-30,2018-05-09,-219900000,3673800000,3673800000,978700000,2695100000,0.643,9.205,-26000000,216100000,216100000,1124200000,132200000,1.422,0.593,619900000,130300000,489600000,619900000,284200000,187800000,0,0.0,0.0,202800000,390600000,0.165,390600000,202800000,176900000,0.53,0.52,0.53,2305800000,2305800000,2305800000,8011401660,39,20.511,387600000,1.547,1.0,1238000000,0.524,2410900000,25900000,978500000,978500000,218800000,111100000,111100000,0,1368100000,688200000,679900000,7555101660,100100000,-24400000,-52000000,-110300000,0,-162300000,-144400000,-94800000,413600000,-6800000,132400000,132400000,132400000,0,-200000,0.056,1057000000,181000000,109800000,0.0,3.277,57.063,56.887,144200000,0,30.15,3.198,3.197,390200000,1177100000,2362200000,2362200000,349600000,0.036,0.057,0.207,0.086,52600000,633600000,1.0,250583803,250500000,253900000,9.43,1262900000,0,44500000,38800000,5.042,290500000
TRMB,MRY,2017-12-31,2017-12-29,2017-12-29,2018-05-09,-131200000,4298200000,4208375000,1317100000,2981100000,0.631,9.43,-43700000,358500000,358500000,1261600000,121200000,1.628,0.817,913900000,128400000,785500000,913900000,313400000,183400000,0,0.0,0.0,284000000,467400000,0.176,467400000,284000000,259000000,0.48,0.47,0.48,2366000000,2463950000,2366000000,10672379232,37,22.834,368200000,1.461,1.0,1392600000,0.525,2651900000,25000000,1392500000,1212150000,271800000,178900000,178900000,0,1932200000,809200000,1123000000,10231579232,142400000,-273000000,-211500000,290600000,0,79100000,-366000000,-50100000,411900000,17400000,121100000,121100000,121100000,0,100000,0.046,1146600000,246000000,146100000,0.0,4.324,84.489,84.667,174000000,0,40.64,3.855,3.86,457600000,1035900000,2654200000,2654200000,370200000,0.029,0.049,0.234,0.107,64800000,706500000,1.0,251761300,252100000,256700000,10.528,1646300000,0,137900000,134500000,6.562,507900000
