ticker,dimension,calendardate,datekey,reportperiod,lastupdated,accoci,assets,assetsavg,assetsc,assetsnc,assetturnover,bvps,capex,cashneq,cashnequsd,cor,consolinc,currentratio,de,debt,debtc,debtnc,debtusd,deferredrev,depamor,deposits,divyield,dps,ebit,ebitda,ebitdamargin,ebitdausd,ebitusd,ebt,eps,epsdil,epsusd,equity,equityavg,equityusd,ev,evebit,evebitda,fcf,fcfps,fxusd,gp,grossmargin,intangibles,intexp,invcap,invcapavg,inventory,investments,investmentsc,investmentsnc,liabilities,liabilitiesc,liabilitiesnc,marketcap,ncf,ncfbus,ncfcommon,ncfdebt,ncfdiv,ncff,ncfi,ncfinv,ncfo,ncfx,netinc,netinccmn,netinccmnusd,netincdis,netincnci,netmargin,opex,opinc,payables,payoutratio,pb,pe,pe1,ppnenet,prefdivis,price,ps,ps1,receivables,retearn,revenue,revenueusd,rnd,roa,roe,roic,ros,sbcomp,sgna,sharefactor,sharesbas,shareswa,shareswadil,sps,tangibles,taxassets,taxexp,taxliabilities,tbvps,workingcapital
TRT,MRY,2011-12-31,2011-06-30,2011-06-30,2018-02-12,3459000,36356000,39479500,14429000,21927000,0.9,6.627,-3929000,3111000,3111000,27216000,-335000,2.012,0.517,4667000,1628000,3039000,4667000,0,2617000,0,0.0,0.0,-250000,2367000,0.067,2367000,-250000,-493000,-0.21,-0.21,-0.21,22008000,22307250,22008000,10922270,-43,4.614,622000,0.189,1.0,8319000,0.234,0,243000,30739000,30465750,2430000,6846000,1282000,5564000,11379000,7173000,4206000,10926270,-133000,-752000,166000,-1597000,0,-1431000,-3008000,2728000,4551000,-245000,-688000,-688000,-688000,0,353000,-0.019,8905000,-586000,1874000,0.0,0.496,-15.881,-15.667,14951000,0,3.29,0.307,0.304,7121000,5791000,35535000,35535000,250000,-0.017,-0.031,-0.008,-0.007,630000,8730000,1.0,3321055,3288000,3288000,10.807,36356000,0,195000,1169000,10.947,7256000
TRT,MRY,2012-12-31,2012-06-30,2012-06-30,2018-02-12,3187000,38050000,36996250,18056000,19994000,0.841,5.67,-1596000,1572000,1572000,25961000,-4375000,1.404,0.929,8140000,4546000,3594000,8140000,0,2683000,0,0.0,0.0,-2898000,-215000,-0.007,-215000,-2898000,-3169000,-0.94,-0.94,-0.94,18836000,19856000,18836000,10666056,-3,-49.61,-5256000,-1.582,1.0,5139000,0.165,0,271000,31758000,31570000,2324000,7376000,1351000,6025000,17494000,12860000,4634000,5248056,-1539000,0,0,3692000,0,3692000,-1614000,-18000,-3660000,43000,-3104000,-3104000,-3104000,0,-1271000,-0.1,7986000,-2847000,4834000,0.0,0.279,-1.691,-1.681,13193000,0,1.58,0.169,0.169,12273000,2687000,31100000,31100000,295000,-0.084,-0.156,-0.092,-0.093,204000,7687000,1.0,3321555,3322000,3322000,9.362,38050000,0,-65000,966000,11.454,5196000
TRT,MRY,2013-12-31,2013-06-30,2013-06-30,2018-02-12,3680000,36044000,35200750,16578000,19466000,0.903,5.61,-1779000,2793000,2793000,25419000,-1102000,1.338,0.828,7580000,4739000,2841000,7580000,0,2491000,0,0.0,0.0,-992000,1499000,0.047,1499000,-992000,-1279000,-0.31,-0.31,-0.31,18635000,18919000,18635000,13278354,-13,8.858,1713000,0.516,1.0,6351000,0.2,0,287000,28437000,29489000,2463000,7421000,1243000,6178000,15438000,12394000,3044000,9300354,1221000,0,0,-735000,0,-735000,-1642000,137000,3492000,106000,-1019000,-1019000,-1019000,0,-83000,-0.032,7212000,-861000,4136000,0.0,0.499,-9.127,-9.032,12851000,0,2.8,0.293,0.293,9721000,1668000,31770000,31770000,281000,-0.029,-0.054,-0.034,-0.031,42000,6987000,1.0,3321555,3322000,3322000,9.564,36044000,203000,-260000,650000,10.85,4184000
TRT,MRY,2014-12-31,2014-06-30,2014-06-30,2018-02-12,3522000,34590000,34629250,13287000,21303000,1.047,5.437,-3059000,2938000,2938000,27963000,201000,1.24,0.72,7094000,4296000,2798000,7094000,0,2294000,0,0.0,0.0,-24000,2270000,0.063,2270000,-24000,-287000,0.01,0.01,0.01,19101000,18832750,19101000,16011949,-667,7.054,801000,0.228,1.0,8299000,0.229,0,263000,28028000,27533000,1106000,6213000,102000,6111000,13757000,10718000,3039000,12189949,145000,0,351000,-620000,0,-581000,-3059000,0,3860000,-76000,57000,57000,57000,0,144000,0.002,8301000,-2000,3162000,0.0,0.638,213.859,346.99,13541000,0,3.47,0.336,0.336,8936000,1725000,36262000,36262000,196000,0.002,0.003,-0.001,-0.001,216000,8095000,1.0,3513055,3513000,3549000,10.322,34590000,388000,-344000,416000,9.846,2569000
TRT,MRY,2015-12-31,2015-06-30,2015-06-30,2018-02-12,2771000,32037000,32488000,13559000,18478000,1.044,5.404,-2256000,3711000,3711000,25007000,824000,1.639,0.596,4794000,2121000,2673000,4794000,0,2240000,0,0.0,0.0,1273000,3513000,0.104,3513000,1273000,1028000,0.15,0.15,0.15,18986000,18906750,18986000,12902948,10,3.673,1834000,0.522,1.0,8925000,0.263,0,245000,24849000,26061500,1141000,3781000,101000,3680000,11315000,8271000,3044000,10749948,773000,0,0,-1681000,0,-1687000,-1092000,1164000,4090000,-538000,521000,521000,521000,0,303000,0.015,7718000,1207000,2770000,0.0,0.566,20.633,20.4,12522000,0,3.06,0.317,0.317,8264000,2246000,33932000,33932000,182000,0.016,0.028,0.049,0.038,106000,7565000,1.0,3513055,3513000,3529000,9.659,32037000,453000,507000,629000,9.12,5288000
TRT,MRY,2016-12-31,2016-06-30,2016-06-30,2018-02-12,2162000,32219000,31319750,15340000,16879000,1.1,5.726,-1442000,3807000,3807000,25685000,1061000,1.731,0.589,5296000,3068000,2228000,5296000,0,1838000,0,0.0,0.0,1220000,3058000,0.089,3058000,1220000,1016000,0.22,0.22,0.22,19257000,18750500,19257000,13269736,10,4.339,-428000,-0.122,1.0,8769000,0.255,0,204000,24847000,23562250,1460000,3702000,295000,3407000,11348000,8861000,2487000,12576736,96000,0,0,416000,0,235000,-1580000,-138000,1014000,427000,779000,779000,779000,0,282000,0.023,7309000,1460000,2921000,0.0,0.653,16.145,16.273,11283000,0,3.58,0.365,0.365,9422000,3025000,34454000,34454000,200000,0.025,0.042,0.052,0.035,101000,7125000,1.0,3513055,3513000,3535000,9.808,32219000,401000,237000,446000,9.58,6479000
TRT,MRY,2017-12-31,2017-06-30,2017-06-30,2018-02-12,1633000,33498000,31815000,17037000,16461000,1.211,5.706,-2199000,4772000,4772000,29076000,1455000,1.784,0.596,5127000,3044000,2083000,5127000,0,1836000,0,0.0,0.0,1859000,3695000,0.096,3695000,1859000,1657000,0.38,0.36,0.38,20101000,19365000,20101000,17831813,9,4.826,1754000,0.498,1.0,9462000,0.246,0,202000,24304000,23059000,1756000,3660000,787000,2873000,11971000,9549000,2422000,17544813,965000,0,0,-172000,0,-349000,-2362000,-163000,3953000,-277000,1316000,1316000,1316000,0,139000,0.034,7973000,1489000,3229000,0.0,0.873,13.332,13.105,11291000,0,4.98,0.455,0.455,9410000,4341000,38538000,38538000,208000,0.041,0.068,0.081,0.048,18000,7718000,1.0,3523055,3523000,3644000,10.939,33498000,375000,341000,528000,9.508,7488000
