ticker,dimension,calendardate,datekey,reportperiod,lastupdated,accoci,assets,assetsavg,assetsc,assetsnc,assetturnover,bvps,capex,cashneq,cashnequsd,cor,consolinc,currentratio,de,debt,debtc,debtnc,debtusd,deferredrev,depamor,deposits,divyield,dps,ebit,ebitda,ebitdamargin,ebitdausd,ebitusd,ebt,eps,epsdil,epsusd,equity,equityavg,equityusd,ev,evebit,evebitda,fcf,fcfps,fxusd,gp,grossmargin,intangibles,intexp,invcap,invcapavg,inventory,investments,investmentsc,investmentsnc,liabilities,liabilitiesc,liabilitiesnc,marketcap,ncf,ncfbus,ncfcommon,ncfdebt,ncfdiv,ncff,ncfi,ncfinv,ncfo,ncfx,netinc,netinccmn,netinccmnusd,netincdis,netincnci,netmargin,opex,opinc,payables,payoutratio,pb,pe,pe1,ppnenet,prefdivis,price,ps,ps1,receivables,retearn,revenue,revenueusd,rnd,roa,roe,roic,ros,sbcomp,sgna,sharefactor,sharesbas,shareswa,shareswadil,sps,tangibles,taxassets,taxexp,taxliabilities,tbvps,workingcapital
TSBK,MRY,2011-12-31,2011-09-30,2011-09-30,2018-05-09,-528000,738224000,734896250,,,0.037,12.236,-1015000,112065000,112065000,0,1089000,,7.564,55729000,,,55729000,0,992000,592678000,0.0,0.0,1393000,2385000,0.087,2385000,1393000,1393000,0.0,0.0,0.0,86205000,86670500,86205000,-30243054,-21,-12.681,9684000,1.375,1.0,27356000,1.0,8155000,0,673733000,671253500,0,563250000,,,652019000,,,28461945,279000,0,0,-19893000,0,-6182000,-4238000,-5404000,10699000,0,1089000,32000,32000,0,0,0.001,25963000,1393000,0,,0.33,889.436,,17390000,1057000,4.04,1.04,1.04,0,62270000,27356000,27356000,0,0.0,0.0,0.002,0.051,7000,18475000,1.0,7045036,7045036,,3.883,730069000,0,304000,0,103.629,
TSBK,MRY,2012-12-31,2012-09-30,2012-09-30,2018-05-09,-463000,736954000,736162000,,,0.043,12.82,-1436000,96668000,96668000,0,4590000,,7.159,45855000,,,45855000,0,940000,597926000,0.0,0.0,6371000,7311000,0.229,7311000,6371000,6371000,0.52,0.52,0.52,90319000,88727000,90319000,-4891784,0,-0.669,13952000,1.98,1.0,31939000,1.0,7910000,0,678231000,673139750,0,575909000,,,646635000,,,42270216,-15397000,0,0,-9874000,-2080000,-6799000,-23986000,-25105000,15388000,0,4590000,3518000,3518000,0,0,0.11,24774000,7165000,0,0.0,0.468,12.015,11.538,17886000,1072000,6.0,1.323,1.323,0,65788000,31939000,31939000,0,0.005,0.04,0.009,0.199,15000,18040000,1.0,7045036,7045036,,4.534,729044000,0,1781000,0,103.483,
TSBK,MRY,2013-12-31,2013-09-30,2013-09-30,2018-05-09,-362000,745648000,737791250,,,0.045,12.731,-542000,94496000,94496000,0,4757000,,7.314,45000000,,,45000000,0,1225000,608262000,0.01,0.09,7271000,8496000,0.256,8496000,7271000,7271000,0.59,0.58,0.59,89688000,89839000,89688000,25860324,3,3.044,11030000,1.566,1.0,33135000,1.0,8035000,0,688117000,687788750,0,590436000,,,655960000,,,63405324,-2172000,0,0,-855000,-1368000,3790000,-17534000,-20588000,11572000,0,4757000,4019000,4019000,0,0,0.121,25007000,8128000,0,0.153,0.707,15.776,15.254,17764000,738000,9.0,1.914,1.914,0,68998000,33135000,33135000,0,0.005,0.045,0.011,0.219,49000,18713000,1.0,7045036,7045036,,4.703,737613000,0,2514000,0,104.7,
TSBK,MRY,2014-12-31,2014-09-30,2014-09-30,2018-05-09,-339000,745565000,733386500,,,0.047,11.748,-1152000,72354000,72354000,0,5850000,,8.007,45000000,,,45000000,0,1360000,615116000,0.015,0.16,8650000,10010000,0.291,10010000,8650000,8650000,0.82,0.8,0.82,82778000,80805000,82778000,55297165,6,5.524,7471000,1.06,1.0,34448000,1.0,7334000,0,710877000,702591250,0,614998000,,,662787000,,,74264165,-22142000,0,23000,0,-1185000,-6303000,-24462000,-30328000,8623000,0,5850000,5644000,5644000,0,0,0.164,24702000,9746000,0,0.195,0.897,13.158,12.854,17679000,206000,10.54,2.156,2.156,0,73534000,34448000,34448000,0,0.008,0.07,0.012,0.251,108000,19602000,1.0,7045936,7045936,,4.889,738231000,0,2800000,0,104.774,
TSBK,MRY,2015-12-31,2015-09-30,2015-09-30,2018-05-09,-313000,815815000,782947250,,,0.049,12.644,-235000,92289000,92289000,0,8292000,,8.147,45000000,,,45000000,0,1359000,678912000,0.022,0.24,12484000,13843000,0.361,13843000,12484000,12484000,1.2,1.17,1.2,89187000,86542000,89187000,45641096,3,3.297,7390000,1.048,1.0,38325000,1.0,7128000,0,761398000,740574750,0,667943000,,,726628000,,,76814096,19935000,0,-679000,0,-1693000,61424000,-49114000,-51253000,7625000,0,8292000,8292000,8292000,0,0,0.216,24620000,13705000,0,0.2,0.861,9.264,9.075,16854000,0,10.89,2.004,2.004,0,80133000,38325000,38325000,0,0.011,0.096,0.017,0.326,127000,20057000,1.0,7053636,7053636,,5.433,808687000,0,4192000,0,114.648,
TSBK,MRY,2016-12-31,2016-09-30,2016-09-30,2018-05-09,-175000,891388000,859717000,,,0.048,13.952,-640000,108941000,108941000,0,10154000,,8.205,30000000,,,30000000,0,1328000,761534000,0.023,0.37,15055000,16383000,0.393,16383000,15055000,15055000,1.48,1.43,1.48,96834000,93649750,96834000,65140946,4,3.976,11177000,1.61,1.0,41692000,1.0,7223000,0,805224000,793368250,0,730807000,,,794554000,,,109313946,16652000,0,-661000,-15000000,-2578000,64383000,-59548000,-62564000,11817000,0,10154000,10154000,10154000,0,0,0.244,25260000,16432000,0,0.25,1.129,10.766,10.642,16159000,0,15.75,2.622,2.622,0,87709000,41692000,41692000,0,0.012,0.108,0.019,0.361,190000,20770000,1.0,6940568,6940568,,6.007,884165000,0,4901000,0,127.391,
TSBK,MRY,2017-12-31,2017-09-30,2017-09-30,2018-05-09,-124000,952024000,938366500,,,0.052,15.084,-3526000,148188000,148188000,0,14167000,,7.577,0,,,0,0,1262000,837898000,0.016,0.5,21243000,22505000,0.462,22505000,21243000,21243000,1.99,1.92,1.99,111000000,106019750,111000000,98187205,4,4.363,10333000,1.404,1.0,48759000,1.0,7475000,0,796361000,804926500,0,749484000,,,841024000,,,230627205,39247000,0,2828000,-30000000,-3641000,45551000,-20163000,-18216000,13859000,0,14167000,14167000,14167000,0,0,0.291,26111000,22648000,0,0.251,2.078,16.279,15.749,18418000,0,31.34,4.73,4.73,0,98235000,48759000,48759000,0,0.015,0.134,0.026,0.436,156000,21880000,1.0,7358877,7358877,,6.626,944549000,0,7076000,0,128.355,
