ticker,dimension,calendardate,datekey,reportperiod,lastupdated,accoci,assets,assetsavg,assetsc,assetsnc,assetturnover,bvps,capex,cashneq,cashnequsd,cor,consolinc,currentratio,de,debt,debtc,debtnc,debtusd,deferredrev,depamor,deposits,divyield,dps,ebit,ebitda,ebitdamargin,ebitdausd,ebitusd,ebt,eps,epsdil,epsusd,equity,equityavg,equityusd,ev,evebit,evebitda,fcf,fcfps,fxusd,gp,grossmargin,intangibles,intexp,invcap,invcapavg,inventory,investments,investmentsc,investmentsnc,liabilities,liabilitiesc,liabilitiesnc,marketcap,ncf,ncfbus,ncfcommon,ncfdebt,ncfdiv,ncff,ncfi,ncfinv,ncfo,ncfx,netinc,netinccmn,netinccmnusd,netincdis,netincnci,netmargin,opex,opinc,payables,payoutratio,pb,pe,pe1,ppnenet,prefdivis,price,ps,ps1,receivables,retearn,revenue,revenueusd,rnd,roa,roe,roic,ros,sbcomp,sgna,sharefactor,sharesbas,shareswa,shareswadil,sps,tangibles,taxassets,taxexp,taxliabilities,tbvps,workingcapital
TSCO,MRY,2011-12-31,2011-12-31,2011-12-31,2018-05-11,0,1594832000,1575674500,1090249000,504583000,2.686,7.086,-165404000,198835000,198835000,2825871000,222740000,2.367,0.582,1317000,33000,1284000,1317000,0,80347000,0,0.006,0.215,352703000,433050000,0.102,433050000,352703000,350616000,1.55,1.51,1.55,1008290000,949499000,1008290000,4865258420,13,11.235,88740000,0.618,1.0,1406872000,0.332,10258000,2087000,926431000,885610750,830819000,0,0,0,586542000,460625000,125917000,4982394420,-80374000,0,-149652000,-90000,-30850000,-163157000,-171361000,15913000,254144000,0,222740000,222740000,222740000,0,0,0.053,1054169000,352703000,266409000,0.139,4.941,22.369,22.629,480855000,0,35.075,1.177,1.19,0,1146594000,4232743000,4232743000,0,0.141,0.235,0.398,0.083,-2394000,973822000,1.0,142049734,143554000,147842000,29.485,1584574000,8867000,127876000,25701000,11.136,629624000
TSCO,MRY,2012-12-31,2012-12-29,2012-12-29,2018-05-11,0,1706808000,1722293500,1130052000,576756000,2.708,7.298,-152545000,147030000,147030000,3098066000,276457000,2.016,0.665,1280000,38000,1242000,1280000,0,88975000,0,0.008,0.36,436792000,525767000,0.113,525767000,436792000,435737000,1.94,1.9,1.94,1024974000,1050370250,1024974000,6083810409,13,11.571,225757000,1.588,1.0,1566054000,0.336,10258000,1055000,990295000,1022107750,908116000,0,0,0,681834000,560505000,121329000,6161105409,-38335000,0,-252043000,-37000,-51318000,-277562000,-139075000,0,378302000,0,276457000,276457000,276457000,0,0,0.059,1129262000,436792000,320392000,0.186,6.011,22.286,22.544,549998000,0,43.735,1.321,1.333,0,1371733000,4664120000,4664120000,0,0.161,0.263,0.427,0.094,-8195000,1040287000,1.0,140873566,142184000,145514000,32.803,1696550000,23098000,159280000,44836000,12.08,569547000
TSCO,MRY,2013-12-31,2013-12-28,2013-12-28,2018-05-11,0,1903391000,1887612250,1209248000,694143000,2.736,8.922,-217723000,142743000,142743000,3411175000,328234000,2.272,0.527,1242000,42000,1200000,1242000,0,100025000,0,0.006,0.49,514650000,614675000,0.119,614675000,514650000,514093000,2.35,2.32,2.35,1246894000,1151344500,1246894000,10539671814,20,17.147,115958000,0.832,1.0,1753609000,0.34,10258000,557000,1219491000,1260819500,979308000,0,0,0,656497000,532141000,124356000,10544406814,4113000,0,-95240000,-38000,-68484000,-120245000,-209323000,0,333681000,0,328234000,328234000,328234000,0,0,0.064,1238959000,514650000,316487000,0.209,8.457,32.125,32.145,664932000,0,75.54,2.042,2.039,0,1631483000,5164784000,5164784000,0,0.174,0.285,0.408,0.1,-29624000,1138934000,1.0,139587064,139415000,141723000,37.046,1893133000,29930000,185859000,9424000,13.547,677107000
TSCO,MRY,2014-12-31,2014-12-27,2014-12-27,2018-05-11,0,2034571000,2076297250,1273990000,760581000,2.751,9.498,-160282000,51134000,51134000,3761300000,370885000,2.112,0.573,5170000,213000,4957000,5170000,0,114635000,0,0.008,0.61,589472000,704107000,0.123,704107000,589472000,587587000,2.69,2.66,2.69,1293561000,1248562500,1293561000,10698019672,18,15.194,248896000,1.807,1.0,1950415000,0.341,10258000,1885000,1375256000,1437673000,1115450000,0,0,0,741010000,603093000,137917000,10592356672,-91609000,0,-275180000,-114000,-84061000,-340505000,-160282000,0,409178000,0,370885000,370885000,370885000,0,0,0.065,1360943000,589472000,370823000,0.227,8.189,28.56,28.967,721000000,0,77.92,1.854,1.879,0,1918307000,5711715000,5711715000,0,0.179,0.297,0.41,0.103,-2677000,1246308000,1.0,135938869,137769000,139435000,41.459,2024313000,49744000,216702000,12436000,14.863,670897000
TSCO,MRY,2015-12-31,2015-12-26,2015-12-26,2018-05-11,0,2370826000,2351173000,1439461000,931365000,2.648,10.372,-235912000,63813000,63813000,4083333000,410395000,2.144,0.702,167870000,878000,166992000,167870000,0,123569000,0,0.009,0.76,650508000,774077000,0.124,774077000,650508000,647617000,3.03,3.0,3.03,1393294000,1357219750,1393294000,11658320669,17,15.061,220300000,1.625,1.0,2143174000,0.344,10258000,2891000,1793341000,1648725250,1284375000,0,0,0,977532000,671284000,306248000,11508386669,12679000,0,-254013000,149493000,-103101000,-207621000,-235912000,0,456212000,0,410395000,410395000,410395000,0,0,0.066,1492666000,650508000,427249000,0.251,8.26,28.042,28.274,847576000,0,85.67,1.848,1.865,0,2225601000,6226507000,6226507000,0,0.175,0.302,0.395,0.104,19420000,1369097000,1.0,134333917,135582000,136845000,45.924,2360568000,58957000,237222000,5449000,17.572,768177000
TSCO,MRY,2016-12-31,2016-12-31,2016-12-31,2018-05-11,1392000,2674942000,2613492250,1517809000,1157133000,2.594,11.09,-225655000,53916000,53916000,4454377000,437120000,1.953,0.841,301063000,11294000,289769000,301063000,0,142958000,0,0.012,0.92,694080000,837038000,0.123,837038000,694080000,688270000,3.29,3.27,3.29,1453218000,1443147500,1453218000,10215852771,14,12.205,425056000,3.198,1.0,2325202000,0.343,125717000,5810000,2019178000,2011952500,1369656000,0,0,0,1221724000,777194000,444530000,9950038771,-9897000,-143610000,-291541000,122470000,-122272000,-291343000,-369265000,0,650711000,0,437120000,437120000,437120000,0,0,0.064,1631122000,694080000,519522000,0.28,6.847,22.763,23.043,962308000,0,75.81,1.468,1.486,0,2540449000,6779579000,6779579000,0,0.167,0.303,0.345,0.102,23554000,1488164000,1.0,131249687,132905000,133813000,51.011,2549225000,48898000,251150000,5482000,19.455,740615000
TSCO,MRY,2017-12-31,2017-12-30,2017-12-30,2018-05-11,3358000,2868769000,2897273500,1655368000,1213401000,2.505,11.307,-239181000,109148000,109148000,4764417000,422599000,1.949,1.022,462231000,28545000,433686000,462231000,0,165834000,0,0.014,1.05,686382000,852216000,0.117,852216000,686382000,672523000,3.31,3.3,3.31,1418673000,1388034500,1418673000,9862672209,14,11.573,392269000,3.074,1.0,2491965000,0.343,124492000,13859000,2248146000,2390568750,1453208000,0,0,0,1450096000,849214000,600882000,9385936209,55232000,1225000,-353889000,149455000,-133828000,-338262000,-237956000,0,631450000,0,422599000,422599000,422599000,0,0,0.058,1805583000,686382000,576568000,0.317,6.616,22.21,22.583,1044503000,0,74.75,1.293,1.314,0,2828625000,7256382000,7256382000,0,0.146,0.304,0.287,0.095,29202000,1639749000,1.0,125564364,127588000,128204000,56.874,2744277000,23254000,249924000,10772000,21.871,806154000
