ticker,dimension,calendardate,datekey,reportperiod,lastupdated,accoci,assets,assetsavg,assetsc,assetsnc,assetturnover,bvps,capex,cashneq,cashnequsd,cor,consolinc,currentratio,de,debt,debtc,debtnc,debtusd,deferredrev,depamor,deposits,divyield,dps,ebit,ebitda,ebitdamargin,ebitdausd,ebitusd,ebt,eps,epsdil,epsusd,equity,equityavg,equityusd,ev,evebit,evebitda,fcf,fcfps,fxusd,gp,grossmargin,intangibles,intexp,invcap,invcapavg,inventory,investments,investmentsc,investmentsnc,liabilities,liabilitiesc,liabilitiesnc,marketcap,ncf,ncfbus,ncfcommon,ncfdebt,ncfdiv,ncff,ncfi,ncfinv,ncfo,ncfx,netinc,netinccmn,netinccmnusd,netincdis,netincnci,netmargin,opex,opinc,payables,payoutratio,pb,pe,pe1,ppnenet,prefdivis,price,ps,ps1,receivables,retearn,revenue,revenueusd,rnd,roa,roe,roic,ros,sbcomp,sgna,sharefactor,sharesbas,shareswa,shareswadil,sps,tangibles,taxassets,taxexp,taxliabilities,tbvps,workingcapital
TSRI,MRY,2011-12-31,2011-05-31,2011-05-31,2018-04-12,0,17141220,16294888,16774318,366902,2.414,6.296,-15163,4645854,4645854,32151766,260905,3.824,0.345,0,0,0,0,1507439,8472,0,0.0,0.0,439092,447564,0.011,447564,439092,439092,0.1,0.1,0.1,12713029,12639889,12713029,6863328,15,15.335,-841094,-0.416,1.0,7190603,0.183,0,0,8109340,8959332,0,3266542,3016542,250000,4386026,4386026,0,9792591,-1166583,0,-25740,0,0,-75208,-265444,-250281,-825931,0,197092,197092,197092,0,63813,0.005,6708513,482090,943082,0.0,0.77,49.685,48.5,16249,0,4.85,0.249,0.249,8926842,20858282,39342369,39342369,0,0.012,0.016,0.049,0.011,0,6708513,1.0,2019091,2019604,2019604,19.48,17141220,178299,242000,0,8.49,12388292
TSRI,MRY,2012-12-31,2012-05-31,2012-05-31,2018-04-12,0,17164564,17213800,17047092,117472,2.627,6.298,-14909,7514749,7514749,37751112,-12346,3.67,0.372,0,0,0,0,1482652,10339,0,0.0,0.0,-37178,-26839,-0.001,-26839,-37178,-37178,-0.03,-0.03,-0.03,12498022,12624040,12498022,2512802,-67,-93.625,343917,0.172,1.0,7464319,0.165,0,0,5004543,6378370,0,520672,520672,0,4645272,4645272,0,8414559,2868895,0,-152829,0,0,-223556,2733625,2748534,358826,0,-62178,-62178,-62178,0,49832,-0.001,7466502,-2183,1121509,0.0,0.673,-135.33,-141.333,20819,0,4.24,0.186,0.187,8731411,20796104,45215431,45215431,0,-0.004,-0.005,-0.006,-0.001,0,7466502,1.0,1984566,1999277,1999277,22.616,17164564,229518,25000,0,8.65,12401820
TSRI,MRY,2013-12-31,2013-05-31,2013-05-31,2018-04-12,0,13618826,14452205,13406389,212437,3.108,4.549,-8163,1881161,1881161,37548691,-489170,2.859,0.525,0,0,0,0,1448255,12198,0,0.469,1.5,-734128,-721930,-0.016,-721930,-734128,-734128,-0.26,-0.26,-0.26,8925890,9866147,8925890,3795149,-5,-5.257,-1043803,-0.529,1.0,7364958,0.164,0,0,7048176,7232927,0,2008424,2008424,0,4689489,4689489,0,6278598,-5633588,0,-81911,0,-2970093,-3100785,-1497163,-1489000,-1035640,0,-520128,-520128,-520128,0,30958,-0.012,8080713,-715755,852228,-5.769,0.703,-12.071,-12.308,16784,0,3.2,0.14,0.14,9151299,17305883,44913649,44913649,0,-0.036,-0.053,-0.101,-0.016,0,8080713,1.0,1962062,1971484,1971484,22.782,13618826,440579,-214000,0,6.941,8716900
TSRI,MRY,2014-12-31,2014-05-31,2014-05-31,2018-04-12,0,13562586,13430945,13348838,213748,3.688,4.505,-33034,2841967,2841967,41251638,16888,2.875,0.525,0,0,0,0,1491946,15723,0,0.0,0.0,-68936,-53213,-0.001,-53213,-68936,-68936,-0.04,-0.04,-0.04,8839954,8906039,8839954,3365331,-48,-63.243,490953,0.25,1.0,8278229,0.167,0,0,6078111,6654924,0,1514856,1514856,0,4642508,4642508,0,6023530,960806,0,0,0,0,-26147,462966,496000,523987,0,-85936,-85936,-85936,0,102824,-0.002,8253061,25168,929404,0.0,0.681,-70.093,-76.75,34095,0,3.07,0.122,0.122,8799668,17219947,49529867,49529867,0,-0.006,-0.01,-0.01,-0.001,0,8253061,1.0,1962062,1962062,1962062,25.244,13562586,248159,17000,0,6.912,8706330
TSRI,MRY,2015-12-31,2015-05-31,2015-05-31,2018-04-12,0,14051280,13896949,13934696,116584,4.131,4.604,-25264,3669790,3669790,48087428,292291,2.816,0.548,0,0,0,0,1431522,20428,0,0.0,0.0,344711,365139,0.006,365139,344711,344711,0.1,0.1,0.1,9032665,8955863,9032665,5407925,15,14.811,688258,0.351,1.0,9315468,0.162,0,0,5433144,5460321,0,1271568,1271568,0,4948346,4948346,0,7848248,827823,0,0,0,0,-109435,223736,249000,713522,0,192711,192711,192711,0,99580,0.003,8883003,432465,1129105,0.0,0.869,40.725,40.0,38931,0,4.0,0.137,0.137,8757242,17412658,57402896,57402896,0,0.014,0.022,0.063,0.006,0,8883003,1.0,1962062,1962062,1962062,29.256,14051280,148000,152000,3877,7.161,8986350
TSRI,MRY,2016-12-31,2016-05-31,2016-05-31,2018-04-12,0,14089682,14194904,14009031,80651,4.297,4.807,-11832,4514157,4514157,51038879,456201,3.033,0.49,0,0,0,0,1245563,22765,0,0.0,0.0,788226,810991,0.013,810991,788226,788226,0.2,0.2,0.2,9431891,9286903,9431891,3841635,4,4.737,1216008,0.62,1.0,9959402,0.163,0,0,4957337,5246644,0,1553272,1553272,0,4618188,4618188,0,7454265,844367,0,0,0,0,-87641,-295832,-284000,1227840,0,399226,399226,399226,0,56975,0.007,9120526,838876,723705,0.0,0.79,18.672,18.996,27998,0,3.799,0.122,0.122,7714533,17811884,60998281,60998281,0,0.028,0.043,0.15,0.013,0,9120526,1.0,1962062,1962062,1962062,31.089,14089682,131000,389000,14810,7.181,9390843
TSRI,MRY,2017-12-31,2017-05-31,2017-05-31,2018-04-12,0,14535143,14051283,14464840,70303,4.453,3.944,-12628,5723976,5723976,52326521,313967,2.135,0.876,0,0,0,0,1330714,19976,0,0.0,0.0,531189,551165,0.009,551165,531189,531189,0.14,0.14,0.14,7738018,9165313,7738018,9522533,17,17.277,737743,0.376,1.0,10246064,0.164,0,0,2035499,4220067,0,1020888,1020888,0,6775668,6775668,0,14421155,1209819,0,0,0,0,-63924,523372,536000,750371,0,268189,268189,268189,0,45778,0.004,9683601,562463,644834,0.0,1.864,53.772,52.5,20650,0,7.35,0.23,0.23,7342746,16118011,62572585,62572585,0,0.019,0.029,0.126,0.008,0,9683601,1.0,1962062,1962062,1962062,31.891,14535143,200833,263000,0,7.408,7689172
