ticker,dimension,calendardate,datekey,reportperiod,lastupdated,accoci,assets,assetsavg,assetsc,assetsnc,assetturnover,bvps,capex,cashneq,cashnequsd,cor,consolinc,currentratio,de,debt,debtc,debtnc,debtusd,deferredrev,depamor,deposits,divyield,dps,ebit,ebitda,ebitdamargin,ebitdausd,ebitusd,ebt,eps,epsdil,epsusd,equity,equityavg,equityusd,ev,evebit,evebitda,fcf,fcfps,fxusd,gp,grossmargin,intangibles,intexp,invcap,invcapavg,inventory,investments,investmentsc,investmentsnc,liabilities,liabilitiesc,liabilitiesnc,marketcap,ncf,ncfbus,ncfcommon,ncfdebt,ncfdiv,ncff,ncfi,ncfinv,ncfo,ncfx,netinc,netinccmn,netinccmnusd,netincdis,netincnci,netmargin,opex,opinc,payables,payoutratio,pb,pe,pe1,ppnenet,prefdivis,price,ps,ps1,receivables,retearn,revenue,revenueusd,rnd,roa,roe,roic,ros,sbcomp,sgna,sharefactor,sharesbas,shareswa,shareswadil,sps,tangibles,taxassets,taxexp,taxliabilities,tbvps,workingcapital
TTC,MRY,2011-12-31,2011-10-31,2011-10-31,2018-03-07,-6826000,870663000,946862000,532882000,337781000,1.99,2.18,-57447000,80886000,80886000,1247306000,117658000,1.484,2.264,227197000,2019000,225178000,227197000,10619000,48506000,0,0.015,0.2,191796000,240302000,0.128,240302000,191796000,174826000,0.94,0.925,0.94,266767000,294446000,266767000,1766835012,9,7.353,56430000,0.451,1.0,636647000,0.338,127566000,16970000,530328000,538023500,223030000,0,0,0,603896000,359080000,244816000,1657005012,-96480000,-11468000,-115488000,-2633000,-24970000,-140103000,-69275000,0,113877000,-979000,117658000,117658000,117658000,0,0,0.062,452160000,184487000,118036000,0.213,6.211,14.083,14.372,191140000,0,13.51,0.88,0.897,148140000,214387000,1883953000,1883953000,0,0.124,0.4,0.356,0.102,8533000,452160000,1.0,122650260,125068000,127188000,15.063,743097000,62523000,57168000,3872000,6.072,173802000
TTC,MRY,2012-12-31,2012-10-31,2012-10-31,2018-03-07,-9974000,935199000,972022000,612134000,323065000,2.015,2.654,-43242000,125856000,125856000,1285596000,129541000,1.619,1.994,225340000,1858000,223482000,225340000,11143000,53634000,0,0.01,0.22,213168000,266802000,0.136,266802000,213168000,196262000,1.09,1.07,1.09,312402000,312363000,312402000,2562130094,12,9.603,142556000,1.199,1.0,673094000,0.344,124065000,16906000,532496000,555402250,251117000,0,0,0,622797000,378122000,244675000,2479863094,44970000,-4081000,-73048000,-2780000,-26230000,-93041000,-47323000,0,185798000,-464000,129541000,129541000,129541000,0,0,0.066,467481000,205613000,124806000,0.202,7.938,19.143,19.367,180523000,0,21.11,1.266,1.281,147410000,264110000,1958690000,1958690000,0,0.133,0.415,0.384,0.109,9503000,467481000,1.0,117473382,118892000,121236000,16.475,811134000,63314000,66721000,3445000,6.891,234012000
TTC,MRY,2013-12-31,2013-10-31,2013-10-31,2018-03-07,-12570000,1002748000,1033243750,653267000,349481000,1.976,3.124,-49427000,182993000,182993000,1316634000,154845000,1.68,1.795,223544000,0,223544000,223544000,10899000,54134000,0,0.01,0.28,242923000,297057000,0.146,297057000,242923000,226713000,1.335,1.31,1.335,358738000,355810750,358738000,3431137492,14,11.55,172449000,1.489,1.0,724797000,0.355,120222000,16210000,534232000,583663250,240089000,0,0,0,644010000,388845000,255165000,3368789492,57137000,4654000,-89779000,-2154000,-32499000,-118298000,-44773000,0,221876000,-1668000,154845000,154845000,154845000,0,0,0.076,494135000,230662000,136158000,0.21,9.391,21.756,22.075,185096000,0,29.47,1.65,1.672,157171000,314519000,2041431000,2041431000,0,0.15,0.435,0.416,0.119,10237000,494135000,1.0,114312504,115844000,118210000,17.622,882526000,65737000,71868000,7907000,7.686,264422000
TTC,MRY,2014-12-31,2014-10-31,2014-10-31,2018-03-07,-15705000,1192415000,1134770750,824036000,368379000,1.915,3.652,-71138000,314873000,314873000,1399420000,173870000,2.058,1.917,374774000,27458000,347316000,374774000,10947000,53138000,0,0.013,0.4,271871000,325009000,0.15,325009000,271871000,256445000,1.54,1.51,1.54,408727000,387112500,408727000,3483652987,12,10.719,111227000,0.987,1.0,773271000,0.356,115680000,15426000,736216000,636684500,274603000,0,0,0,783688000,400420000,383268000,3436472987,131880000,5436000,-95847000,149055000,-45048000,17017000,-65702000,0,182365000,-1800000,173870000,173870000,173870000,0,0,0.08,510114000,263157000,124271000,0.26,8.408,19.765,20.042,205195000,0,30.865,1.582,1.601,158158000,368754000,2172691000,2172691000,0,0.153,0.449,0.427,0.125,11291000,510114000,1.0,111338830,112718000,115255000,19.275,1076735000,68897000,82575000,4699000,9.622,423616000
TTC,MRY,2015-12-31,2015-10-31,2015-10-31,2018-03-07,-29843000,1303658000,1366226000,672584000,631074000,1.75,4.198,-56374000,126275000,126275000,1554940000,201591000,1.516,1.821,378174000,23356000,354818000,378174000,11365000,63143000,0,0.013,0.5,309788000,372931000,0.156,372931000,309788000,291031000,1.81,1.78,1.81,462165000,451045500,462165000,4401669290,14,11.803,193218000,1.739,1.0,835935000,0.35,314543000,18757000,797280000,824573250,334514000,0,0,0,841493000,443734000,397759000,4125483290,-188598000,-198150000,-96761000,-28510000,-55549000,-181820000,-254524000,0,249592000,-1846000,201591000,201591000,201591000,0,0,0.084,536821000,299114000,152017000,0.276,8.926,20.465,20.793,224995000,0,37.635,1.726,1.749,177013000,382706000,2390875000,2390875000,0,0.148,0.447,0.376,0.13,10836000,536821000,1.0,109618262,111130000,113514000,21.514,989115000,66663000,89440000,4282000,8.985,228850000
TTC,MRY,2016-12-31,2016-10-31,2016-10-31,2018-03-07,-38436000,1384572000,1444836750,779009000,605563000,1.656,5.023,-50723000,273555000,273555000,1517580000,230994000,1.679,1.517,350961000,22484000,328477000,350961000,11830000,64097000,0,0.013,0.6,349796000,413893000,0.173,413893000,349796000,330460000,2.1,2.06,2.1,550035000,537605500,550035000,5313945950,15,12.839,333562000,3.037,1.0,874595000,0.366,302875000,19336000,695264000,764043000,307034000,0,0,0,834537000,463839000,370698000,5233903950,147280000,1810000,-89760000,-25268000,-65890000,-182931000,-48913000,0,384285000,-5161000,230994000,230994000,230994000,0,0,0.097,540199000,334396000,174668000,0.286,9.516,22.658,22.8,222038000,0,47.88,2.188,2.198,163265000,480044000,2392175000,2392175000,0,0.16,0.43,0.458,0.146,10637000,540199000,1.0,109312948,109834000,111987000,21.78,1081697000,57228000,99466000,0,9.879,315170000
TTC,MRY,2017-12-31,2017-10-31,2017-10-31,2018-03-07,-24120000,1493787000,1516250500,859886000,633901000,1.652,5.717,-58276000,310256000,310256000,1584339000,267717000,1.648,1.421,331887000,26258000,305629000,331887000,24761000,64986000,0,0.011,0.7,372297000,437283000,0.175,437283000,372297000,353184000,2.47,2.41,2.47,617092000,599455250,617092000,6770052484,18,15.482,302472000,2.793,1.0,920837000,0.368,308772000,19113000,684850000,721598000,328992000,0,0,0,876695000,521796000,354899000,6773229484,36701000,-23982000,-149080000,-19136000,-75758000,-245268000,-83758000,-1500000,360748000,4979000,267717000,267717000,267717000,0,0,0.107,565727000,355110000,211752000,0.283,10.976,25.3,25.445,235230000,0,62.85,2.704,2.717,183073000,534329000,2505176000,2505176000,0,0.177,0.447,0.516,0.149,13517000,565727000,1.0,107768170,108312000,111252000,23.129,1185015000,64083000,85467000,1726000,10.978,338090000
