ticker,dimension,calendardate,datekey,reportperiod,lastupdated,accoci,assets,assetsavg,assetsc,assetsnc,assetturnover,bvps,capex,cashneq,cashnequsd,cor,consolinc,currentratio,de,debt,debtc,debtnc,debtusd,deferredrev,depamor,deposits,divyield,dps,ebit,ebitda,ebitdamargin,ebitdausd,ebitusd,ebt,eps,epsdil,epsusd,equity,equityavg,equityusd,ev,evebit,evebitda,fcf,fcfps,fxusd,gp,grossmargin,intangibles,intexp,invcap,invcapavg,inventory,investments,investmentsc,investmentsnc,liabilities,liabilitiesc,liabilitiesnc,marketcap,ncf,ncfbus,ncfcommon,ncfdebt,ncfdiv,ncff,ncfi,ncfinv,ncfo,ncfx,netinc,netinccmn,netinccmnusd,netincdis,netincnci,netmargin,opex,opinc,payables,payoutratio,pb,pe,pe1,ppnenet,prefdivis,price,ps,ps1,receivables,retearn,revenue,revenueusd,rnd,roa,roe,roic,ros,sbcomp,sgna,sharefactor,sharesbas,shareswa,shareswadil,sps,tangibles,taxassets,taxexp,taxliabilities,tbvps,workingcapital
TTHI,MRY,2011-12-31,2011-06-30,2011-06-30,2017-07-20,0,43179488,46419507,23735821,19443667,0.221,1.655,22349,17422364,17422364,1299994,-5689613,7.266,0.124,0,0,0,0,0,2106878,0,0.0,0.0,-5689083,-3582205,-0.349,-3582205,-5689083,-5689613,-0.25,-0.25,-0.25,38432070,40781269,38432070,55172347,-9,-15.402,-4397417,-0.189,1.0,8951400,0.873,19043086,530,3447305,6025699,0,5038356,5038356,0,4747418,3266733,1480685,71742380,852331,0,0,0,0,0,5530171,5507822,-4419766,-258074,-5689613,-5689613,-5689613,0,0,-0.555,13818604,-4867204,2380318,0.0,1.867,-12.609,-12.36,400581,0,3.09,6.998,6.998,155477,-137086368,10251394,10251394,8493975,-0.123,-0.14,-0.944,-0.555,991214,5208317,1.0,23217599,23217599,,0.442,24136402,368624,0,0,1.04,20469088
TTHI,MRY,2012-12-31,2012-06-30,2012-06-30,2017-07-20,0,37093030,40136259,19614240,17478790,0.0,1.384,-6799,12955081,12955081,0,-12269845,5.604,0.155,0,0,0,0,0,1834496,0,0.0,0.0,-12268994,-10434498,,-10434498,-12268994,-12269845,-0.48,-0.48,-0.48,32123489,35277779,32123489,30173713,-2,-2.892,-8701296,-0.375,1.0,0,,17263790,851,3373871,3410588,0,6057264,6057264,0,4969541,3500288,1469253,47596077,-4467283,0,4835722,0,0,4835722,-1024635,-1017836,-8694497,416127,-12269845,-12269845,-12269845,0,0,,12731753,-12731753,2613873,0.0,1.482,-3.879,-4.271,215000,0,2.05,,,43658,-149356213,0,0,8198725,-0.306,-0.348,-3.597,,1125542,4407280,1.0,23217599,23217599,,0.0,19829240,241951,0,0,0.854,16113952
TTHI,MRY,2013-12-31,2013-06-30,2013-06-30,2017-07-20,0,37807955,37450492,28701247,9106708,0.479,1.232,-5272,23067937,23067937,0,23297,8.982,0.14,0,0,0,0,0,1820101,0,0.0,0.0,23297,1843398,0.103,1843398,23297,23297,0.0,0.0,0.0,33154612,32639050,33154612,74269937,3187,40.29,8683995,0.323,1.0,17933500,1.0,8938674,0,2605822,2989846,0,5057702,5057702,0,4653343,3195522,1457821,87225018,10112856,0,19597,0,0,19597,993766,999038,8689267,410226,23297,23297,23297,0,0,0.001,18966485,-1032985,2309107,,2.631,3744.045,,168034,0,3.24,4.864,4.864,35792,-149332916,17933500,17933500,8862872,0.001,0.001,0.008,0.001,988229,3557792,1.0,26921302,26921302,,0.666,28869281,180652,0,0,1.072,25505725
TTHI,MRY,2014-12-31,2014-06-30,2014-06-30,2017-07-20,24028,68907236,53357595,60741129,8166107,0.0,2.194,-25697,57212004,57212004,0,-21782255,10.186,0.166,0,0,0,0,0,946897,0,0.0,0.0,-21782255,-20835358,,-20835358,-21782255,-21782255,-0.72,-0.72,-0.72,59094260,46124436,59094260,157905923,-7,-7.579,-14758947,-0.548,1.0,0,,8007181,0,-2275207,165307,0,3059562,3059562,0,9812976,5963258,3849718,180973860,34144067,0,46559749,0,0,46559749,1967303,1993000,-14733250,350265,-21782255,-21782255,-21782255,0,0,,25198115,-25198115,9801544,0.0,3.062,-8.308,-9.333,158926,0,6.72,,,220514,-171115171,0,0,17367385,-0.408,-0.472,-131.768,,1138126,4726574,1.0,26930634,26930634,,0.0,60900055,212393,0,0,2.261,54777871
TTHI,MRY,2015-12-31,2015-06-30,2015-06-30,2017-07-20,-281814,49649085,59278160,41434758,8214327,0.0,1.041,-164270,40510758,40510758,0,-51339528,4.404,0.351,0,0,0,0,0,652253,0,0.0,0.0,-51339528,-50687275,,-50687275,-51339528,-51339528,-1.41,-1.41,-1.41,36737589,47915924,36737589,16926213,0,-0.334,-47967750,-1.359,1.0,0,,8022383,0,-8292208,-5283707,0,0,0,0,12911496,9408152,3503344,74138217,-16701246,0,26181162,0,0,26181162,2236230,3025000,-47803480,2684842,-51339528,-51339528,-51339528,0,0,,54800840,-54800840,12911496,0.0,2.018,-1.444,-1.489,191944,0,2.1,,,265189,-222454699,0,0,49209703,-0.866,-1.071,9.717,,3107537,5514272,1.0,35303913,35303913,,0.0,41626702,399668,0,0,1.179,32026606
