ticker,dimension,calendardate,datekey,reportperiod,lastupdated,accoci,assets,assetsavg,assetsc,assetsnc,assetturnover,bvps,capex,cashneq,cashnequsd,cor,consolinc,currentratio,de,debt,debtc,debtnc,debtusd,deferredrev,depamor,deposits,divyield,dps,ebit,ebitda,ebitdamargin,ebitdausd,ebitusd,ebt,eps,epsdil,epsusd,equity,equityavg,equityusd,ev,evebit,evebitda,fcf,fcfps,fxusd,gp,grossmargin,intangibles,intexp,invcap,invcapavg,inventory,investments,investmentsc,investmentsnc,liabilities,liabilitiesc,liabilitiesnc,marketcap,ncf,ncfbus,ncfcommon,ncfdebt,ncfdiv,ncff,ncfi,ncfinv,ncfo,ncfx,netinc,netinccmn,netinccmnusd,netincdis,netincnci,netmargin,opex,opinc,payables,payoutratio,pb,pe,pe1,ppnenet,prefdivis,price,ps,ps1,receivables,retearn,revenue,revenueusd,rnd,roa,roe,roic,ros,sbcomp,sgna,sharefactor,sharesbas,shareswa,shareswadil,sps,tangibles,taxassets,taxexp,taxliabilities,tbvps,workingcapital
TUES,MRY,2011-12-31,2011-06-30,2011-06-30,2018-05-03,-89000,379156000,388758000,297892000,81264000,2.112,6.09,-20600000,19400000,19400000,507834000,9579000,2.711,0.458,0,0,0,0,0,16103000,0,0.0,0.0,18665000,34768000,0.042,34768000,18665000,15547000,0.22,0.22,0.22,260134000,257806500,260134000,207864602,11,5.979,-20662000,-0.486,1.0,313316000,0.382,0,3118000,249884000,261435000,264361000,0,0,0,119022000,109872000,9150000,200422602,-4122000,0,60000,15400000,0,16440000,-20500000,0,-62000,0,9579000,9579000,9579000,0,0,0.012,295273000,18043000,81047000,0.0,0.77,20.923,21.136,76982000,0,4.65,0.244,0.241,0,51661000,821150000,821150000,0,0.025,0.037,0.071,0.023,2332000,295273000,1.0,43101635,42493000,43078000,19.324,379156000,447000,5968000,6017000,8.876,188020000
TUES,MRY,2012-12-31,2012-06-30,2012-06-30,2018-05-03,-54000,397167000,394756000,317262000,79905000,2.059,6.273,-13765000,39740000,39740000,503918000,3913000,2.472,0.526,0,0,0,0,0,14516000,0,0.0,0.0,7661000,22177000,0.027,22177000,7661000,5407000,0.09,0.09,0.09,260191000,260610750,260191000,140472783,18,6.334,45716000,1.089,1.0,308864000,0.38,0,2254000,229104000,241039750,265630000,0,0,0,136976000,128323000,8653000,179456783,20340000,0,-6015000,-18791000,0,-25376000,-13765000,0,59481000,0,3913000,3913000,3913000,0,0,0.005,301427000,7437000,98009000,0.0,0.69,45.862,47.667,75771000,0,4.29,0.221,0.222,0,55574000,812782000,812782000,0,0.01,0.015,0.032,0.009,1987000,301427000,1.0,41831418,41986000,42536000,19.358,397167000,535000,1494000,5410000,9.576,188939000
TUES,MRY,2013-12-31,2013-06-30,2013-06-30,2018-05-03,0,321880000,368375750,250787000,71093000,2.276,4.881,-9608000,28896000,28896000,578876000,-56376000,2.306,0.552,0,0,0,0,0,13452000,0,0.0,0.0,-61731000,-48279000,-0.058,-48279000,-61731000,-63408000,-1.33,-1.33,-1.33,207457000,229783000,207457000,409689687,-6,-8.486,-12796000,-0.303,1.0,259438000,0.309,0,1677000,184222000,211978000,211981000,0,0,0,114423000,108762000,5661000,444171687,-10844000,0,1702000,0,0,1702000,-9358000,0,-3188000,0,-56376000,-56376000,-56376000,0,0,-0.067,315933000,-56495000,72958000,0.0,2.141,-7.879,-7.797,66009000,0,10.37,0.53,0.523,0,-802000,838314000,838314000,0,-0.153,-0.245,-0.291,-0.074,1988000,315933000,1.0,42832371,42248000,42248000,19.843,321880000,2861000,-7032000,85000,7.574,142025000
TUES,MRY,2014-12-31,2014-06-30,2014-06-30,2018-05-03,0,333222000,339541000,264265000,68957000,2.547,4.708,-13434000,49686000,49686000,562692000,-10176000,2.084,0.639,0,0,0,0,0,12188000,0,0.0,0.0,-8635000,3553000,0.004,3553000,-8635000,-10135000,-0.24,-0.24,-0.24,203310000,205948750,203310000,733055345,-84,206.32,17764000,0.414,1.0,302152000,0.349,0,1500000,156755000,170804000,207663000,0,0,0,129912000,126781000,3131000,774670345,20790000,0,2981000,0,0,2981000,-13389000,0,31198000,0,-10176000,-10176000,-10176000,0,0,-0.012,310205000,-8053000,86284000,0.0,3.81,-76.127,-74.25,65939000,0,17.82,0.896,0.885,0,-10978000,864844000,864844000,0,-0.03,-0.049,-0.051,-0.01,2975000,310205000,1.0,43471961,42943000,42943000,20.139,333222000,878000,41000,1289000,7.717,137484000
TUES,MRY,2015-12-31,2015-06-30,2015-06-30,2018-05-03,0,334875000,339323000,262573000,72302000,2.671,5.049,-15541000,44788000,44788000,579746000,10385000,2.387,0.52,0,0,0,0,0,12426000,0,0.0,0.0,11861000,24287000,0.027,24287000,11861000,10416000,0.24,0.24,0.24,220289000,216487000,220289000,453410945,38,18.669,-5856000,-0.135,1.0,326619000,0.36,0,1445000,180094000,181850500,209984000,0,0,0,114586000,109993000,4593000,496296945,-4898000,0,961000,-50000,0,911000,-15494000,0,9685000,0,10385000,10385000,10385000,0,0,0.011,314263000,12356000,74242000,0.0,2.253,47.79,46.938,70447000,0,11.265,0.548,0.54,0,-593000,906365000,906365000,0,0.031,0.048,0.065,0.013,5362000,314263000,1.0,44056542,43480000,43770000,20.846,334875000,0,31000,0,7.676,152580000
TUES,MRY,2016-12-31,2016-06-30,2016-06-30,2018-05-03,0,361970000,368403750,263597000,98373000,2.596,5.191,-46863000,14150000,14150000,614594000,3713000,2.115,0.593,0,0,0,0,0,16010000,0,0.0,0.0,5044000,21054000,0.022,21054000,5044000,3976000,0.08,0.08,0.08,227282000,226356750,227282000,297576227,58,14.134,-38450000,-0.88,1.0,341802000,0.357,0,1068000,223170000,212110500,242315000,0,0,0,134688000,124650000,10038000,312640227,-30638000,0,-123000,-903000,0,-1026000,-38025000,8797000,8413000,0,3713000,3713000,3713000,0,0,0.004,339398000,2404000,80853000,0.0,1.376,84.202,87.75,94723000,0,7.02,0.327,0.321,0,3120000,956396000,956396000,0,0.01,0.016,0.024,0.005,3115000,339398000,1.0,44535645,43705000,43736000,21.883,361970000,0,263000,0,8.267,138947000
TUES,MRY,2017-12-31,2017-06-30,2017-06-30,2018-05-03,0,358153000,392002750,236518000,121635000,2.466,4.516,-41687000,6263000,6263000,645920000,-32542000,2.119,0.801,30500000,0,30500000,30500000,0,21349000,0,0.0,0.0,-30860000,-9511000,-0.01,-9511000,-30860000,-32345000,-0.74,-0.74,-0.74,198839000,215651000,198839000,122944609,-3,-12.927,-41283000,-0.939,1.0,320745000,0.332,0,1485000,270793000,273602250,221906000,0,0,0,159314000,111597000,47717000,85691609,-7887000,0,-15000,33284000,0,33269000,-41560000,0,404000,0,-32542000,-32542000,-32542000,0,0,-0.034,353025000,-32280000,67326000,0.0,0.431,-2.633,-2.568,118397000,0,1.9,0.089,0.086,0,-29422000,966665000,966665000,0,-0.083,-0.151,-0.113,-0.032,4184000,353025000,1.0,45100847,43943000,43943000,21.998,358153000,0,197000,11000,8.135,124921000
