ticker,dimension,calendardate,datekey,reportperiod,lastupdated,accoci,assets,assetsavg,assetsc,assetsnc,assetturnover,bvps,capex,cashneq,cashnequsd,cor,consolinc,currentratio,de,debt,debtc,debtnc,debtusd,deferredrev,depamor,deposits,divyield,dps,ebit,ebitda,ebitdamargin,ebitdausd,ebitusd,ebt,eps,epsdil,epsusd,equity,equityavg,equityusd,ev,evebit,evebitda,fcf,fcfps,fxusd,gp,grossmargin,intangibles,intexp,invcap,invcapavg,inventory,investments,investmentsc,investmentsnc,liabilities,liabilitiesc,liabilitiesnc,marketcap,ncf,ncfbus,ncfcommon,ncfdebt,ncfdiv,ncff,ncfi,ncfinv,ncfo,ncfx,netinc,netinccmn,netinccmnusd,netincdis,netincnci,netmargin,opex,opinc,payables,payoutratio,pb,pe,pe1,ppnenet,prefdivis,price,ps,ps1,receivables,retearn,revenue,revenueusd,rnd,roa,roe,roic,ros,sbcomp,sgna,sharefactor,sharesbas,shareswa,shareswadil,sps,tangibles,taxassets,taxexp,taxliabilities,tbvps,workingcapital
TWMC,MRY,2011-12-31,2012-01-28,2012-01-28,2018-05-04,-2157000,313120000,284401250,288455000,24665000,1.908,5.098,-2105000,88515000,88515000,344435000,2162000,2.323,0.935,5512000,1503000,4009000,5512000,6280000,6630000,0,0.0,0.0,5741000,12371000,0.023,12371000,5741000,2312000,0.07,0.07,0.07,161846000,155341500,161846000,63597050,11,5.141,14666000,0.465,1.0,198154000,0.365,0,3429000,105957000,147383250,191327000,0,0,0,151274000,124160000,27114000,76749050,13303000,0,0,-1363000,0,-1363000,-2105000,0,16771000,0,2162000,2162000,2162000,0,0,0.004,192653000,5501000,93141000,0.0,0.474,35.499,34.857,16651000,0,2.44,0.141,0.142,8613000,72201000,542589000,542589000,0,0.008,0.014,0.039,0.011,0,192653000,1.0,31454529,31520000,32036000,17.214,313120000,0,150000,0,9.864,164295000
TWMC,MRY,2012-12-31,2013-02-02,2013-02-02,2018-05-04,-2774000,315240000,277433750,297776000,17464000,1.653,5.706,25706000,132982000,132982000,286422000,33734000,2.741,0.744,2940000,936000,2004000,2940000,10464000,4437000,0,0.135,0.47,36366000,40803000,0.089,40803000,36366000,33982000,1.07,1.06,1.07,180760000,167315250,180760000,53104030,1,1.301,61339000,1.943,1.0,172122000,0.375,0,2384000,76571000,117651500,155429000,0,0,0,134480000,108627000,25853000,109879030,44467000,0,564000,-2572000,-14864000,-16872000,25706000,0,35633000,0,33734000,33734000,33734000,0,0,0.074,158572000,13550000,79438000,0.439,0.608,3.257,3.252,9057000,0,3.48,0.24,0.24,9365000,91071000,458544000,458544000,0,0.122,0.202,0.309,0.079,0,158572000,1.0,31574434,31577000,31878000,14.521,315240000,0,248000,0,9.951,189149000
TWMC,MRY,2013-12-31,2014-02-01,2014-02-01,2018-05-04,-119000,311591000,294906250,290967000,20624000,1.335,5.909,-7828000,131002000,131002000,245755000,8277000,3.01,0.632,2004000,1066000,938000,2004000,10092000,4304000,0,0.0,0.0,10455000,14759000,0.037,14759000,10455000,8445000,0.25,0.25,0.25,190970000,184658000,190970000,44002074,4,2.981,-520000,-0.016,1.0,147904000,0.376,0,2010000,85937000,106509000,150167000,0,0,0,120621000,96656000,23965000,127781074,-1980000,0,-524000,-936000,0,-1460000,-7828000,0,7308000,0,8277000,8277000,8277000,0,0,0.021,137529000,10375000,77625000,0.0,0.669,15.438,15.84,11593000,0,3.96,0.325,0.328,9798000,98522000,393659000,393659000,0,0.028,0.045,0.098,0.027,0,137529000,1.0,32267948,32584000,32862000,12.081,311591000,0,168000,0,9.642,194311000
TWMC,MRY,2014-12-31,2015-01-31,2015-01-31,2018-05-04,-2181000,280009000,266996250,255158000,24851000,1.361,5.47,-8774000,118537000,118537000,222572000,1778000,3.123,0.63,938000,938000,0,938000,9852000,4388000,0,0.144,0.5,3845000,8233000,0.023,8233000,3845000,1894000,0.06,0.06,0.06,171740000,169210000,171740000,31009288,8,3.766,8034000,0.253,1.0,140691000,0.387,0,1951000,80696000,102426000,126377000,0,0,0,108269000,81714000,26555000,109158288,-12465000,0,-3397000,-1066000,-16036000,-20499000,-8774000,0,16808000,0,1778000,1778000,1778000,0,0,0.005,136916000,3775000,63527000,8.333,0.636,61.394,57.833,15769000,0,3.47,0.3,0.303,10244000,84264000,363263000,363263000,0,0.007,0.011,0.038,0.011,0,136916000,1.0,31457720,31744000,31897000,11.444,280009000,0,116000,0,8.919,173444000
TWMC,MRY,2015-12-31,2016-01-30,2016-01-30,2018-05-04,-812000,271605000,265389500,230987000,40618000,1.279,5.609,-20700000,104311000,104311000,204089000,2689000,3.307,0.55,0,0,0,0,8983000,5191000,0,0.0,0.0,4730000,9921000,0.029,9921000,4730000,2870000,0.09,0.09,0.09,175268000,170159000,175268000,27214924,5,2.743,-12737000,-0.409,1.0,135415000,0.399,0,1860000,97449000,104209750,120046000,0,0,0,96337000,69845000,26492000,101925924,-14226000,0,-1066000,-938000,0,-2004000,-20185000,-1052000,7963000,0,2689000,2689000,2689000,0,0,0.008,130845000,4570000,51888000,0.0,0.582,37.905,36.444,30666000,0,3.28,0.3,0.301,6630000,86953000,339504000,339504000,0,0.01,0.016,0.045,0.014,538000,130845000,1.0,31074977,31167000,31323000,10.893,271605000,0,181000,0,8.692,161142000
TWMC,MRY,2016-12-31,2017-01-28,2017-01-28,2018-05-04,-802000,307810000,283068750,169334000,138476000,1.249,5.485,-24672000,44077000,44077000,218811000,3211000,2.394,0.555,0,0,0,0,9228000,9282000,0,0.0,0.0,-2787000,6495000,0.018,6495000,-2787000,-3562000,0.1,0.1,0.1,197936000,182305250,197936000,89862625,-32,13.836,-20236000,-0.629,1.0,134659000,0.381,67048000,775000,125952000,124270500,126004000,0,0,0,109874000,70733000,39141000,104734625,-60234000,-36600000,-2608000,-4729000,0,-7337000,-57333000,1100000,4436000,0,3211000,3211000,3211000,0,0,0.009,139691000,-5032000,52307000,0.0,0.529,32.617,29.0,45097000,0,2.9,0.296,0.264,7085000,90164000,353470000,353470000,0,0.011,0.018,-0.022,-0.008,1306000,139691000,1.0,36115388,32162000,32321000,10.99,240762000,0,-6773000,0,6.672,98601000
TWMC,MRY,2017-12-31,2018-02-03,2018-02-03,2018-05-04,-998000,247906000,280062000,153388000,94518000,1.581,4.368,-8407000,43506000,43506000,299013000,-42553000,2.533,0.567,0,0,0,0,7935000,14162000,0,0.0,0.0,-42520000,-28358000,-0.064,-28358000,-42520000,-42852000,-1.18,-1.18,-1.18,158214000,187024000,158214000,46776150,-1,-1.649,-8420000,-0.233,1.0,143843000,0.325,63158000,332000,80681000,124722000,109112000,0,0,0,89692000,60561000,29131000,57934150,-571000,-1474000,-1000,0,0,-5040000,4482000,0,-13000,0,-42553000,-42553000,-42553000,0,0,-0.096,197031000,-53188000,41780000,0.0,0.366,-1.361,-1.356,13546000,0,1.6,0.131,0.131,4469000,47611000,442856000,442856000,0,-0.152,-0.228,-0.341,-0.096,3067000,167924000,1.0,36208844,36191000,36191000,12.237,184748000,0,-299000,0,5.101,92827000
