ticker,dimension,calendardate,datekey,reportperiod,lastupdated,accoci,assets,assetsavg,assetsc,assetsnc,assetturnover,bvps,capex,cashneq,cashnequsd,cor,consolinc,currentratio,de,debt,debtc,debtnc,debtusd,deferredrev,depamor,deposits,divyield,dps,ebit,ebitda,ebitdamargin,ebitdausd,ebitusd,ebt,eps,epsdil,epsusd,equity,equityavg,equityusd,ev,evebit,evebitda,fcf,fcfps,fxusd,gp,grossmargin,intangibles,intexp,invcap,invcapavg,inventory,investments,investmentsc,investmentsnc,liabilities,liabilitiesc,liabilitiesnc,marketcap,ncf,ncfbus,ncfcommon,ncfdebt,ncfdiv,ncff,ncfi,ncfinv,ncfo,ncfx,netinc,netinccmn,netinccmnusd,netincdis,netincnci,netmargin,opex,opinc,payables,payoutratio,pb,pe,pe1,ppnenet,prefdivis,price,ps,ps1,receivables,retearn,revenue,revenueusd,rnd,roa,roe,roic,ros,sbcomp,sgna,sharefactor,sharesbas,shareswa,shareswadil,sps,tangibles,taxassets,taxexp,taxliabilities,tbvps,workingcapital
TYPE,MRY,2011-12-31,2011-12-31,2011-12-31,2018-04-30,-23000,283822000,286460250,64905000,218917000,0.43,5.568,-1925000,53850000,53850000,13324000,22669000,2.004,0.431,37321000,10000000,27321000,37321000,7742000,9346000,0,0.0,0.0,37107000,46453000,0.377,46453000,37107000,34253000,0.63,0.61,0.63,198361000,186688750,198361000,557425761,15,12.0,37388000,1.057,1.0,109888000,0.892,212471000,2854000,22442000,36002250,0,0,0,0,85461000,32380000,53081000,561582761,11064000,-219000,3330000,-30780000,0,-26096000,-2144000,0,39313000,-9000,22302000,22302000,22302000,0,367000,0.181,71646000,38242000,1123000,0.0,2.831,25.181,24.746,2404000,0,15.59,4.558,4.474,6588000,30986000,123212000,123212000,16540000,0.078,0.119,1.031,0.301,5620000,50035000,1.0,36021986,35357630,36817379,3.485,71351000,1239000,11951000,23050000,2.003,32525000
TYPE,MRY,2012-12-31,2012-12-31,2012-12-31,2018-04-30,-506000,320066000,317053500,53217000,266849000,0.473,6.425,-1486000,39340000,39340000,25056000,28965000,1.355,0.361,22321000,10000000,12321000,22321000,8725000,10837000,0,0.005,0.08,45553000,56390000,0.376,56390000,45553000,43711000,0.78,0.76,0.78,235106000,221016250,235106000,585793101,12,10.388,48942000,1.348,1.0,124805000,0.833,261030000,1842000,2744000,22064750,0,0,0,0,84960000,39273000,45687000,591460101,-14510000,-51525000,3215000,-15000000,-1482000,-11753000,-53161000,0,50428000,-24000,28496000,28496000,28496000,0,469000,0.19,78337000,46468000,1038000,0.103,2.516,20.756,20.487,2587000,0,15.98,3.947,3.872,6996000,56980000,149861000,149861000,18007000,0.09,0.129,2.065,0.304,5404000,54861000,1.0,37012522,36311835,37561953,4.127,59036000,4427000,15215000,29986000,1.613,13944000
TYPE,MRY,2013-12-31,2013-12-31,2013-12-31,2018-04-30,998000,356359000,336928000,97013000,259346000,0.495,7.513,-2124000,78411000,78411000,28336000,31085000,3.426,0.242,0,0,0,0,6767000,12090000,0,0.008,0.24,48740000,60830000,0.365,60830000,48740000,47445000,0.81,0.78,0.81,286875000,269504000,286875000,1178810371,24,19.379,49212000,1.301,1.0,138288000,0.83,253034000,1295000,-3404000,-3814500,0,0,0,0,69484000,28318000,41166000,1243145371,39071000,-72000,13916000,-22321000,-8456000,-10086000,-2196000,0,51336000,17000,30582000,30582000,30582000,0,503000,0.184,87599000,50689000,1112000,0.296,4.333,40.65,39.333,3568000,0,31.86,7.461,7.234,8317000,78741000,166624000,166624000,19897000,0.091,0.113,-12.778,0.293,1434000,61739000,1.0,39019001,37833817,39285651,4.404,103325000,6891000,16863000,35110000,2.706,68695000
TYPE,MRY,2014-12-31,2014-12-31,2014-12-31,2018-04-30,-4174000,374458000,363999500,109456000,265002000,0.507,7.639,-7960000,90325000,90325000,33157000,32545000,3.27,0.269,0,0,0,0,7107000,11663000,0,0.011,0.32,50017000,61680000,0.334,61680000,50017000,48815000,0.83,0.81,0.83,295113000,289234750,295113000,1050640709,21,17.034,53619000,1.39,1.0,151343000,0.82,250861000,1202000,-201000,-4070000,0,0,0,0,79345000,33473000,45872000,1133228709,11914000,-11269000,-21205000,0,-11813000,-29122000,-19541000,0,61579000,-1002000,31940000,31940000,31940000,0,605000,0.173,99261000,52082000,1156000,0.386,3.84,35.48,34.735,10578000,0,28.83,6.142,6.026,9279000,98672000,184500000,184500000,20684000,0.088,0.11,-12.289,0.271,6753000,73179000,1.0,39307274,38565368,39466717,4.784,123597000,5491000,16875000,38237000,3.199,75983000
TYPE,MRY,2015-12-31,2015-12-31,2015-12-31,2018-04-30,-7528000,391787000,382596000,109103000,282684000,0.503,7.89,-8637000,96824000,96824000,34729000,26197000,3.092,0.275,0,0,0,0,10086000,10819000,0,0.017,0.4,40816000,51635000,0.268,51635000,40816000,39853000,0.66,0.65,0.66,307182000,299753750,307182000,857062863,20,16.598,44727000,1.152,1.0,157690000,0.82,254999000,963000,4676000,7894000,0,0,0,0,84605000,35288000,49317000,943377863,-2805000,-14290000,-10428000,0,-15116000,-32552000,-22927000,0,53364000,-690000,25575000,25575000,25575000,0,622000,0.133,115246000,42444000,1385000,0.606,3.071,36.887,35.818,15204000,0,23.64,4.903,4.772,15179000,108908000,192419000,192419000,21477000,0.067,0.085,5.171,0.212,11726000,90640000,1.0,39906001,38840094,39382566,4.954,136788000,2558000,14278000,39870000,3.513,73815000
TYPE,MRY,2016-12-31,2016-12-31,2016-12-31,2018-04-30,-10497000,525020000,466411000,125581000,399439000,0.436,7.933,-2501000,109426000,109426000,37576000,14886000,2.59,0.672,105000000,0,105000000,105000000,16081000,12279000,0,0.022,0.44,26178000,38457000,0.189,38457000,26178000,24708000,0.37,0.36,0.37,313978000,317600250,313978000,820377622,31,21.332,38238000,0.97,1.0,165865000,0.815,364206000,1470000,107902000,58148250,0,0,0,0,211042000,48486000,162556000,826291622,3914000,-118302000,-2790000,105000000,-17536000,85244000,-120803000,0,40739000,-1266000,14395000,14395000,14395000,0,491000,0.071,139474000,26391000,2170000,1.189,2.632,57.401,53.649,14166000,0,19.85,4.062,3.845,26549000,105718000,203441000,203441000,28915000,0.031,0.045,0.45,0.129,16701000,107166000,1.0,41626782,39405700,39731923,5.163,160814000,2967000,10313000,41980000,4.063,77095000
TYPE,MRY,2017-12-31,2017-12-31,2017-12-31,2018-04-30,-2521000,526050000,520535250,136188000,389862000,0.453,8.286,-7045000,100809000,100809000,42290000,11560000,2.263,0.597,93000000,0,93000000,93000000,15102000,12397000,0,0.019,0.452,8407000,20804000,0.088,20804000,8407000,5224000,0.27,0.27,0.27,329368000,318680750,329368000,1004268076,119,48.273,25837000,0.652,1.0,193499000,0.821,363987000,3183000,94067000,102866750,0,0,0,0,196682000,60187000,136495000,1005798076,-8612000,0,-4957000,-12000000,-18751000,-35708000,-7045000,0,32882000,1259000,10615000,10615000,10615000,0,945000,0.045,179795000,13704000,1467000,1.674,3.054,94.753,89.259,16763000,0,24.1,4.266,4.049,34461000,97815000,235789000,235789000,37663000,0.02,0.033,0.082,0.036,20120000,138065000,1.0,41734360,39619133,39858248,5.951,162063000,1204000,-5391000,31309000,4.077,76001000
