ticker,dimension,calendardate,datekey,reportperiod,lastupdated,accoci,assets,assetsavg,assetsc,assetsnc,assetturnover,bvps,capex,cashneq,cashnequsd,cor,consolinc,currentratio,de,debt,debtc,debtnc,debtusd,deferredrev,depamor,deposits,divyield,dps,ebit,ebitda,ebitdamargin,ebitdausd,ebitusd,ebt,eps,epsdil,epsusd,equity,equityavg,equityusd,ev,evebit,evebitda,fcf,fcfps,fxusd,gp,grossmargin,intangibles,intexp,invcap,invcapavg,inventory,investments,investmentsc,investmentsnc,liabilities,liabilitiesc,liabilitiesnc,marketcap,ncf,ncfbus,ncfcommon,ncfdebt,ncfdiv,ncff,ncfi,ncfinv,ncfo,ncfx,netinc,netinccmn,netinccmnusd,netincdis,netincnci,netmargin,opex,opinc,payables,payoutratio,pb,pe,pe1,ppnenet,prefdivis,price,ps,ps1,receivables,retearn,revenue,revenueusd,rnd,roa,roe,roic,ros,sbcomp,sgna,sharefactor,sharesbas,shareswa,shareswadil,sps,tangibles,taxassets,taxexp,taxliabilities,tbvps,workingcapital
UFPI,MRY,2011-12-31,2011-12-31,2011-12-31,2018-05-02,3600000,764007000,813208000,358194000,405813000,2.241,9.976,-31118000,11305000,11305000,1622609000,5913000,2.697,0.311,52470000,40270000,12200000,52470000,0,35987000,0,0.013,0.133,11155000,47142000,0.026,47142000,11155000,7423000,0.077,0.077,0.077,582599000,577605250,582599000,637510966,57,13.523,-19603000,-0.337,1.0,199727000,0.11,167966000,3732000,504411000,562704000,194697000,0,0,0,181408000,132795000,48613000,603693966,-32048000,0,2971000,-3800000,-7818000,-10314000,-32990000,-1996000,11515000,-259000,4549000,4549000,4549000,0,1364000,0.002,187716000,12011000,49433000,1.727,1.036,132.709,133.636,222467000,0,10.29,0.331,0.329,127316000,410848000,1822336000,1822336000,0,0.006,0.008,0.02,0.006,1492000,181363000,1.0,58668024,58221000,58599000,31.3,596041000,13176000,2874000,19049000,10.206,225399000
UFPI,MRY,2012-12-31,2012-12-29,2012-12-29,2018-05-02,4258000,860540000,846641250,453173000,407367000,2.427,10.233,-12104000,14478000,14478000,1829824000,26010000,3.948,0.416,95790000,0,95790000,95790000,0,33379000,0,0.011,0.133,43041000,76420000,0.037,76420000,43041000,38988000,0.403,0.403,0.403,607525000,603445500,607525000,799285553,18,10.459,-17825000,-0.3,1.0,225109000,0.11,169757000,4053000,657311000,591823250,243180000,0,0,0,253015000,114784000,138231000,748275553,-3005000,-16974000,2061000,43050000,-7905000,36695000,-34223000,1656000,-5721000,244000,23934000,23934000,23934000,0,2076000,0.012,180581000,44528000,66054000,0.33,1.232,31.264,31.274,221268000,0,12.603,0.364,0.364,163225000,426887000,2054933000,2054933000,0,0.028,0.04,0.073,0.021,1292000,184919000,1.0,59371242,59371242,,34.612,690783000,18492000,15054000,24930000,11.635,338389000
UFPI,MRY,2013-12-31,2013-12-28,2013-12-28,2018-05-02,3466000,916987000,948690500,496398000,420589000,2.604,10.883,-38245000,720000,720000,2189896000,45804000,3.569,0.411,85779000,1079000,84700000,85779000,0,33564000,0,0.008,0.137,72387000,105951000,0.043,105951000,72387000,67536000,0.72,0.717,0.72,649734000,634171000,649734000,1114229433,15,10.516,16195000,0.271,1.0,280552000,0.114,169727000,4851000,693220000,740488750,287305000,0,0,0,267253000,139099000,128154000,1035400433,-7647000,-11478000,2144000,-11136000,-8166000,-18422000,-43603000,141000,54440000,-62000,43082000,43082000,43082000,0,2722000,0.017,206284000,74268000,72918000,0.19,1.594,24.033,24.088,237410000,0,17.343,0.419,0.419,180452000,461812000,2470448000,2470448000,0,0.045,0.068,0.098,0.029,1820000,204390000,1.0,59700198,59700198,,41.381,747260000,10466000,24454000,26788000,12.517,357299000
UFPI,MRY,2014-12-31,2014-12-27,2014-12-27,2018-05-02,1348000,1023800000,1016986500,573006000,450794000,2.616,11.674,-36300000,405000,405000,2334987000,61564000,3.266,0.463,99266000,621000,98645000,99266000,0,36323000,0,0.012,0.203,95967000,132290000,0.05,132290000,95967000,91700000,0.957,0.953,0.957,699560000,683700250,699560000,1112669729,11,8.411,36820000,0.614,1.0,325342000,0.122,191881000,4267000,755320000,763626750,340048000,0,0,0,324240000,175460000,148780000,1054873729,0,-34641000,-4325000,13945000,-12205000,-5205000,-67063000,3725000,73120000,-852000,57551000,57551000,57551000,0,4013000,0.022,227975000,97367000,89105000,0.212,1.508,18.329,18.394,248269000,0,17.603,0.397,0.397,195912000,502334000,2660329000,2660329000,0,0.057,0.084,0.126,0.036,1999000,229775000,1.0,59924658,59924658,,44.395,831919000,19297000,34149000,30933000,13.883,397546000
UFPI,MRY,2015-12-31,2015-12-26,2015-12-26,2018-05-02,-4585000,1107679000,1131682750,648232000,459447000,2.551,12.689,-40679000,88342000,88342000,2487167000,85132000,3.175,0.445,85895000,1145000,84750000,85895000,0,41241000,0,0.012,0.273,131598000,172839000,0.06,172839000,131598000,126465000,1.33,1.33,1.33,766409000,742585250,766409000,1415834451,10,8.192,128117000,2.121,1.0,399904000,0.139,198687000,5133000,702370000,801225750,304918000,6743000,6743000,0,341270000,204175000,137095000,1386790451,87937000,-3761000,274000,-13560000,-16507000,-33002000,-46636000,-2291000,168796000,-1221000,80595000,80595000,80595000,0,4537000,0.028,264437000,135467000,95041000,0.205,1.809,17.207,17.263,251150000,0,22.96,0.48,0.48,222964000,565636000,2887071000,2887071000,0,0.071,0.109,0.164,0.046,1922000,264265000,1.0,60400281,60400281,,47.799,908992000,9096000,45870000,23838000,15.049,444057000
UFPI,MRY,2016-12-31,2016-12-31,2016-12-31,2018-05-02,-5630000,1292058000,1235744500,756438000,535620000,2.622,14.108,-50636000,34489000,34489000,2765903000,105497000,2.783,0.502,131454000,22395000,109059000,131454000,0,43618000,0,0.009,0.29,160928000,204546000,0.063,204546000,160928000,156353000,1.66,1.65,1.66,860466000,830529750,860466000,2165709347,13,10.588,121884000,1.998,1.0,474590000,0.146,227606000,4575000,889640000,820545750,397227000,10348000,10348000,0,431592000,271777000,159815000,2077415347,-53853000,-80969000,536000,23708000,-17680000,3211000,-227657000,-1211000,172520000,-1927000,101179000,101179000,101179000,0,4318000,0.031,310152000,164438000,124660000,0.175,2.414,20.532,20.518,297851000,0,34.06,0.641,0.641,282253000,649135000,3240493000,3240493000,0,0.082,0.122,0.196,0.05,2335000,310152000,1.0,60992817,60992817,,53.129,1064452000,13005000,55174000,20817000,17.452,484661000
UFPI,MRY,2017-12-31,2017-12-30,2017-12-30,2018-05-02,144000,1464677000,1477825250,863487000,601190000,2.667,15.922,-68197000,28816000,28816000,3398356000,124040000,2.847,0.504,171854000,27180000,144674000,171854000,0,53396000,0,0.009,0.32,177697000,231093000,0.059,231093000,177697000,171479000,1.95,1.94,1.95,974023000,934454250,974023000,2453122291,13,10.615,68386000,1.118,1.0,542826000,0.138,254969000,6218000,1049500000,1102329500,460308000,19628000,11269000,8359000,490654000,303246000,187408000,2301373291,-5673000,-60587000,-12317000,30740000,-19607000,-5247000,-137659000,-7140000,136583000,650000,119512000,119512000,119512000,0,4528000,0.03,361357000,181469000,140106000,0.164,2.363,19.256,19.292,328629000,0,37.62,0.584,0.584,327751000,736212000,3941182000,3941182000,0,0.081,0.128,0.161,0.045,3805000,362220000,1.0,61174197,61174197,,64.426,1209708000,9093000,51967000,14079000,19.775,560241000
