ticker,dimension,calendardate,datekey,reportperiod,lastupdated,accoci,assets,assetsavg,assetsc,assetsnc,assetturnover,bvps,capex,cashneq,cashnequsd,cor,consolinc,currentratio,de,debt,debtc,debtnc,debtusd,deferredrev,depamor,deposits,divyield,dps,ebit,ebitda,ebitdamargin,ebitdausd,ebitusd,ebt,eps,epsdil,epsusd,equity,equityavg,equityusd,ev,evebit,evebitda,fcf,fcfps,fxusd,gp,grossmargin,intangibles,intexp,invcap,invcapavg,inventory,investments,investmentsc,investmentsnc,liabilities,liabilitiesc,liabilitiesnc,marketcap,ncf,ncfbus,ncfcommon,ncfdebt,ncfdiv,ncff,ncfi,ncfinv,ncfo,ncfx,netinc,netinccmn,netinccmnusd,netincdis,netincnci,netmargin,opex,opinc,payables,payoutratio,pb,pe,pe1,ppnenet,prefdivis,price,ps,ps1,receivables,retearn,revenue,revenueusd,rnd,roa,roe,roic,ros,sbcomp,sgna,sharefactor,sharesbas,shareswa,shareswadil,sps,tangibles,taxassets,taxexp,taxliabilities,tbvps,workingcapital
UNIS,MRY,2011-12-31,2011-06-30,2011-06-30,2017-04-27,3775000,89478000,90757750,21330000,68148000,0.073,10.182,-30037000,20310000,20310000,2597000,-40682000,2.116,0.67,22687000,2274000,20413000,22687000,8118000,3482000,0,0.0,0.0,-40171000,-36689000,-5.517,-36689000,-40171000,-40682000,-7.0,-7.0,-7.0,53572000,57274000,53572000,264012815,-6,-7.196,-58558000,-11.13,1.0,4053000,0.609,13307000,511000,68467000,56039750,626000,0,0,0,35906000,10081000,25825000,272541815,-2840000,0,36541000,19697000,0,53838000,-30037000,0,-28521000,1880000,-40682000,-40682000,-40682000,0,0,-6.118,45211000,-41158000,2405000,0.0,5.087,-6.699,-7.4,54020000,0,51.8,40.984,40.984,13000,-120332000,6650000,6650000,9631000,-0.448,-0.71,-0.717,-6.041,9022000,31571000,1.0,5261425,5261425,,1.264,76171000,0,0,0,14.477,11249000
UNIS,MRY,2012-12-31,2012-06-30,2012-06-30,2017-04-27,3435000,82308000,94464250,15740000,66568000,0.058,8.314,-4000000,13810000,13810000,584000,-52302000,1.224,0.882,28765000,5655000,23110000,28765000,5190000,4582000,0,0.0,0.0,-50182000,-45600000,-8.262,-45600000,-50182000,-52302000,-7.8,-7.8,-7.8,43745000,53476500,43745000,180700165,-3,-3.963,-47217000,-8.974,1.0,4935000,0.894,12768000,2120000,71637000,73666500,212000,0,0,0,38563000,12858000,25705000,177836165,-6500000,0,34929000,5813000,0,40742000,-4000000,0,-43217000,-25000,-52302000,-52302000,-52302000,0,0,-9.477,55404000,-50469000,2399000,0.0,4.065,-3.4,-4.333,52514000,0,33.8,32.223,32.223,1042000,-172634000,5519000,5519000,23137000,-0.554,-0.978,-0.681,-9.093,7886000,27685000,1.0,5261425,5261425,,1.049,69540000,0,0,0,13.217,2882000
UNIS,MRY,2013-12-31,2013-06-30,2013-06-30,2017-04-27,2457000,68401000,76870750,9270000,59131000,0.036,6.766,-2240000,8136000,8136000,128000,-63198000,0.729,0.921,23871000,3826000,20045000,23871000,3060000,5435000,0,0.0,0.0,-60806000,-55371000,-20.186,-55371000,-60806000,-63198000,-7.79,-7.79,-7.79,35598000,41711250,35598000,182358172,-2,-3.293,-43573000,-8.282,1.0,2615000,0.953,11521000,2392000,59907000,64624000,71000,0,0,0,32803000,12708000,20095000,166787172,-5674000,0,42933000,-5024000,0,37909000,-2240000,0,-41333000,-10000,-63198000,-63198000,-63198000,0,0,-23.04,63673000,-61058000,3428000,0.0,4.685,-2.639,-4.069,46106000,0,31.7,60.805,60.805,654000,-235832000,2743000,2743000,21749000,-0.822,-1.515,-0.941,-22.168,13287000,32437000,1.0,5261425,5261425,,0.521,56880000,0,0,0,10.811,-3438000
UNIS,MRY,2014-12-31,2014-06-30,2014-06-30,2017-04-27,2797000,81768000,80990250,13878000,67890000,0.181,1.165,-12149000,10768000,10768000,0,-57899000,1.682,12.337,55448000,613000,54835000,55448000,13267000,4079000,0,0.0,0.0,-50567000,-46488000,-3.165,-46488000,-50567000,-57899000,-5.9,-5.9,-5.9,6131000,23115750,6131000,171767180,-3,-3.695,-48750000,-9.266,1.0,14689000,1.0,11830000,7332000,106366000,83397500,142000,0,0,0,75637000,8252000,67385000,155738180,2632000,0,19390000,31897000,0,51287000,-12149000,0,-36601000,95000,-57899000,-57899000,-57899000,0,0,-3.942,65856000,-51167000,3583000,0.0,25.402,-2.69,-5.017,54588000,0,29.6,10.602,10.602,1860000,-293731000,14689000,14689000,34111000,-0.715,-2.505,-0.606,-3.443,8316000,27894000,1.0,5261425,5261425,,2.792,69938000,0,0,0,13.293,5626000
UNIS,MRY,2015-12-31,2015-06-30,2015-06-30,2017-04-27,669000,95413000,95458750,19304000,76109000,0.138,-1.365,-16633000,16967000,16967000,0,-90849000,1.129,-6.326,79455000,775000,78680000,79455000,22492000,4923000,0,0.0,0.0,-84481000,-79558000,-6.046,-79558000,-84481000,-90849000,-8.1,-8.1,-8.1,-17914000,-9073500,-17914000,322944379,-3,-4.059,-71834000,-5.475,1.0,13158000,1.0,9685000,6368000,131119000,126299500,151000,0,0,0,113327000,17097000,96230000,282112379,3935000,0,57157000,19342000,0,75750000,-16633000,0,-55201000,19000,-90849000,-90849000,-90849000,0,0,-6.904,93360000,-80202000,6306000,0.0,-15.748,-3.105,-2.654,66148000,0,21.5,21.44,21.44,1530000,-384580000,13158000,13158000,52487000,-0.952,10.013,-0.669,-6.421,11775000,36176000,1.0,13121506,13121506,,1.003,85728000,0,0,0,6.533,2207000
UNIS,MRY,2016-12-31,2016-06-30,2016-06-30,2017-04-27,380000,87661000,104435500,23210000,64451000,0.142,-5.206,-17322000,21102000,21102000,0,-100783000,1.241,-2.011,105114000,669000,104445000,105114000,49210000,5491000,0,0.0,0.0,-90596000,-85105000,-5.734,-85105000,-90596000,-100783000,-7.04,-7.04,-7.04,-86733000,-61920750,-86733000,129573800,-1,-1.523,-45754000,-2.747,1.0,14841000,1.0,9423000,10187000,143549000,137464750,89000,0,0,0,174394000,18701000,155693000,54806800,6399000,0,9387000,38754000,0,52179000,-17322000,0,-28432000,-26000,-100783000,-100783000,-100783000,0,0,-6.791,118217000,-103376000,2662000,0.0,-0.632,-0.544,-0.467,54773000,0,3.29,3.693,3.693,374000,-485363000,14841000,14841000,43191000,-0.965,1.628,-0.659,-6.104,13889000,43196000,1.0,16658602,16658602,,0.891,78238000,0,0,0,4.697,4509000
