ticker,dimension,calendardate,datekey,reportperiod,lastupdated,accoci,assets,assetsavg,assetsc,assetsnc,assetturnover,bvps,capex,cashneq,cashnequsd,cor,consolinc,currentratio,de,debt,debtc,debtnc,debtusd,deferredrev,depamor,deposits,divyield,dps,ebit,ebitda,ebitdamargin,ebitdausd,ebitusd,ebt,eps,epsdil,epsusd,equity,equityavg,equityusd,ev,evebit,evebitda,fcf,fcfps,fxusd,gp,grossmargin,intangibles,intexp,invcap,invcapavg,inventory,investments,investmentsc,investmentsnc,liabilities,liabilitiesc,liabilitiesnc,marketcap,ncf,ncfbus,ncfcommon,ncfdebt,ncfdiv,ncff,ncfi,ncfinv,ncfo,ncfx,netinc,netinccmn,netinccmnusd,netincdis,netincnci,netmargin,opex,opinc,payables,payoutratio,pb,pe,pe1,ppnenet,prefdivis,price,ps,ps1,receivables,retearn,revenue,revenueusd,rnd,roa,roe,roic,ros,sbcomp,sgna,sharefactor,sharesbas,shareswa,shareswadil,sps,tangibles,taxassets,taxexp,taxliabilities,tbvps,workingcapital
USAK,MRY,2011-12-31,2011-12-31,2011-12-31,2018-04-30,0,336191000,348946250,74897000,261294000,1.489,12.165,-21379000,2659000,2659000,304910000,-10777000,1.245,1.648,124487000,25560000,98927000,124487000,0,49263000,0,0.0,0.0,-12397000,36866000,0.071,36866000,-12397000,-15742000,-1.05,-1.05,-1.05,126972000,132222250,126972000,213211165,-17,5.783,2283000,0.219,1.0,214498000,0.413,0,3345000,397867000,399744500,1831000,2003000,0,2003000,209219000,60152000,149067000,80683165,-67000,0,7000,-2332000,0,-2319000,-21410000,0,23662000,0,-10777000,-10777000,-10777000,0,0,-0.021,227147000,-12649000,21691000,0.0,0.635,-7.487,-7.362,258800000,0,7.73,0.155,0.155,55359000,83438000,519408000,519408000,0,-0.031,-0.082,-0.031,-0.024,10000,140933000,1.0,10437667,10437667,,49.763,336191000,0,-4965000,46886000,32.209,14745000
USAK,MRY,2012-12-31,2012-12-31,2012-12-31,2018-04-30,0,331494000,336100000,85527000,245967000,1.525,10.614,-4363000,1742000,1742000,308174000,-17671000,1.442,2.029,143435000,20905000,122530000,143435000,0,45058000,0,0.0,0.0,-23208000,21850000,0.043,21850000,-23208000,-27260000,-1.71,-1.71,-1.71,109430000,115735250,109430000,175834972,-7,8.047,11173000,1.084,1.0,204254000,0.399,0,4052000,413869000,389381500,1790000,1979000,0,1979000,222064000,59318000,162746000,35997972,-917000,0,0,-12105000,0,-12105000,-4348000,0,15536000,0,-17671000,-17671000,-17671000,0,0,-0.034,227526000,-23272000,22484000,0.0,0.329,-2.037,-2.018,243614000,0,3.45,0.07,0.069,64491000,65767000,512428000,512428000,0,-0.053,-0.153,-0.06,-0.045,131000,146387000,1.0,10434195,10310000,10310000,49.702,331494000,0,-9589000,37257000,32.153,26209000
USAK,MRY,2013-12-31,2013-12-31,2013-12-31,2018-04-30,0,314946000,331574250,88435000,226511000,1.674,9.586,2833000,14000,14000,330973000,-9993000,1.493,2.184,128891000,20048000,108843000,128891000,0,44947000,0,0.0,0.0,-10870000,34077000,0.061,34077000,-10870000,-14532000,-0.97,-0.97,-0.97,98930000,104143000,98930000,283554246,-26,8.321,38726000,3.751,1.0,224032000,0.404,0,3662000,384580000,410711000,1425000,1953000,0,1953000,216016000,59243000,156773000,141130246,-1728000,0,2000,-40494000,0,-40492000,2871000,0,35893000,0,-9993000,-9993000,-9993000,0,0,-0.018,234133000,-10101000,21019000,0.0,1.427,-14.123,-13.794,224196000,0,13.38,0.254,0.249,68145000,55049000,555005000,555005000,0,-0.03,-0.096,-0.026,-0.02,216000,147879000,1.0,10547851,10323000,10323000,53.764,314946000,2787000,-4539000,36647000,30.518,29192000
USAK,MRY,2014-12-31,2014-12-31,2014-12-31,2018-04-30,0,303944000,317990500,87591000,216353000,1.895,9.55,-39613000,205000,205000,339432000,6285000,1.325,2.068,117512000,24048000,93464000,117512000,0,44071000,0,0.0,0.0,14644000,58715000,0.097,58715000,14644000,11636000,0.61,0.6,0.61,99068000,98900250,99068000,413421269,28,7.041,12265000,1.184,1.0,263045000,0.437,0,3008000,355139000,364577000,1863000,0,0,0,204876000,66112000,138764000,299097269,191000,0,19000,-12113000,0,-12094000,-39593000,0,51878000,0,6285000,6285000,6285000,0,0,0.01,245392000,17653000,23582000,0.0,3.019,47.589,46.557,215695000,0,28.4,0.496,0.488,76790000,54802000,602477000,602477000,0,0.02,0.064,0.04,0.024,366000,157472000,1.0,10531594,10356000,10485000,58.177,303944000,0,5351000,35064000,29.299,21479000
USAK,MRY,2015-12-31,2015-12-31,2015-12-31,2018-04-30,0,286456000,296819500,78267000,208189000,1.711,9.349,-27412000,87000,87000,265245000,11069000,1.393,2.055,101435000,12190000,89245000,101435000,0,37480000,0,0.0,0.0,21578000,59058000,0.116,59058000,21578000,19341000,1.07,1.06,1.07,93777000,103333750,93777000,248879429,11,4.214,32713000,3.165,1.0,242689000,0.478,0,2237000,331599000,318280500,748000,0,0,0,192679000,56205000,136474000,177016429,-118000,0,-18174000,-29661000,0,-40806000,-19437000,0,60125000,0,11069000,11069000,11069000,0,0,0.022,219618000,23071000,24473000,0.0,1.888,15.992,16.308,206784000,0,17.45,0.349,0.355,64577000,65871000,507934000,507934000,0,0.037,0.107,0.068,0.042,1093000,144248000,1.0,10144208,10337000,10401000,49.137,286456000,0,8272000,37943000,28.557,22062000
USAK,MRY,2016-12-31,2016-12-31,2016-12-31,2018-04-30,0,294968000,298740250,73496000,221472000,1.436,7.331,-33902000,122000,122000,231098000,-7699000,1.275,4.035,152418000,20685000,131733000,152418000,0,29954000,0,0.0,0.0,-8040000,21914000,0.051,21914000,-8040000,-11218000,-0.9,-0.9,-0.9,58588000,68803750,58588000,223189278,-27,10.185,-11715000,-1.37,1.0,198001000,0.461,0,3178000,389602000,369543500,413000,0,0,0,236380000,57662000,178718000,72203278,35000,0,-28456000,20414000,0,11750000,-33902000,0,22187000,0,-7699000,-7699000,-7699000,0,0,-0.018,205517000,-7516000,18779000,0.0,1.232,-9.378,-9.678,220283000,0,8.71,0.168,0.174,62113000,57963000,429099000,429099000,0,-0.026,-0.112,-0.022,-0.019,976000,125647000,1.0,8289699,8550000,8550000,50.187,294968000,0,-3519000,37775000,36.908,15834000
USAK,MRY,2017-12-31,2017-12-31,2017-12-31,2018-04-30,0,253855000,262718750,64591000,189264000,1.7,8.281,-101000,71000,71000,244934000,7497000,1.009,2.818,107485000,17044000,90441000,107485000,0,28463000,0,0.0,0.0,-2455000,26008000,0.058,26008000,-2455000,-6263000,0.93,0.93,0.93,66488000,55666500,66488000,271150546,-110,10.426,35356000,4.404,1.0,201599000,0.451,0,3808000,297233000,323041750,458000,0,0,0,187367000,64036000,123331000,150440546,-51000,0,-56000,-48851000,0,-46387000,10879000,0,35457000,0,7497000,7497000,7497000,0,0,0.017,203667000,-2068000,24332000,0.0,2.263,20.067,19.495,187816000,0,18.13,0.337,0.326,57925000,65460000,446533000,446533000,0,0.029,0.135,-0.008,-0.005,459000,125010000,1.0,8297879,8029000,8056000,55.615,253855000,0,-13760000,21136000,31.617,555000
