ticker,dimension,calendardate,datekey,reportperiod,lastupdated,accoci,assets,assetsavg,assetsc,assetsnc,assetturnover,bvps,capex,cashneq,cashnequsd,cor,consolinc,currentratio,de,debt,debtc,debtnc,debtusd,deferredrev,depamor,deposits,divyield,dps,ebit,ebitda,ebitdamargin,ebitdausd,ebitusd,ebt,eps,epsdil,epsusd,equity,equityavg,equityusd,ev,evebit,evebitda,fcf,fcfps,fxusd,gp,grossmargin,intangibles,intexp,invcap,invcapavg,inventory,investments,investmentsc,investmentsnc,liabilities,liabilitiesc,liabilitiesnc,marketcap,ncf,ncfbus,ncfcommon,ncfdebt,ncfdiv,ncff,ncfi,ncfinv,ncfo,ncfx,netinc,netinccmn,netinccmnusd,netincdis,netincnci,netmargin,opex,opinc,payables,payoutratio,pb,pe,pe1,ppnenet,prefdivis,price,ps,ps1,receivables,retearn,revenue,revenueusd,rnd,roa,roe,roic,ros,sbcomp,sgna,sharefactor,sharesbas,shareswa,shareswadil,sps,tangibles,taxassets,taxexp,taxliabilities,tbvps,workingcapital
UTI,MRY,2011-12-31,2011-09-30,2011-09-30,2018-05-05,0,266029000,257179500,133915000,132114000,1.757,5.749,-29034000,53670000,53670000,223628000,26897000,1.267,0.881,0,0,0,0,61394000,24842000,0,0.0,0.0,45095000,69937000,0.155,69937000,45095000,45089000,1.1,1.09,1.1,141423000,131580250,141423000,296885557,6,4.245,29038000,1.189,1.0,228272000,0.505,20579000,6000,86096000,77682000,0,55882000,50052000,5830000,124606000,105684000,18922000,334026557,4696000,0,1269000,0,0,611000,-53987000,-24953000,58072000,0,26897000,26897000,26897000,0,0,0.06,183726000,44546000,36895000,0.0,2.362,12.419,12.355,100377000,0,13.59,0.739,0.735,11205000,61429000,451900000,451900000,0,0.105,0.204,0.581,0.1,5198000,183726000,1.0,24578849,24427000,24740000,18.5,245450000,8279000,18192000,4475000,9.978,28231000
UTI,MRY,2012-12-31,2012-09-30,2012-09-30,2018-05-05,0,268158000,264356000,134984000,133174000,1.565,5.899,-11336000,45769000,45769000,211979000,9115000,1.357,0.836,0,0,0,0,52564000,23819000,0,0.022,0.3,15104000,38923000,0.094,38923000,15104000,15100000,0.37,0.37,0.37,146085000,147123250,146085000,280465224,18,7.206,7586000,0.307,1.0,201650000,0.488,20579000,4000,102370000,92887000,0,55988000,51455000,4533000,122073000,99440000,22633000,338989224,-7592000,-4000000,-1300000,0,-7425000,-9931000,-16583000,-1248000,18922000,0,9115000,9115000,9115000,0,0,0.022,187397000,14253000,40865000,0.811,2.32,37.19,37.027,91939000,0,13.7,0.82,0.818,14910000,63036000,413629000,413629000,0,0.034,0.062,0.163,0.037,6333000,187397000,1.0,24743739,24711000,24937000,16.739,247579000,13553000,5985000,744000,9.997,35544000
UTI,MRY,2013-12-31,2013-09-30,2013-09-30,2018-05-05,0,280194000,262025250,134079000,146115000,1.451,5.685,-9298000,41405000,41405000,199540000,3901000,1.446,1.013,0,0,0,0,47025000,22156000,0,0.033,0.4,6915000,29071000,0.076,29071000,6915000,6914000,0.16,0.16,0.16,139164000,141085250,139164000,271551744,39,9.341,17429000,0.711,1.0,180782000,0.475,20579000,1000,125511000,126326250,0,61719000,57531000,4188000,141030000,92699000,48331000,296623744,-10015000,0,-4897000,0,-9820000,-15980000,-20762000,-7754000,26727000,0,3901000,3901000,3901000,0,0,0.01,174757000,6025000,39229000,2.5,2.131,76.038,75.813,103070000,0,12.13,0.78,0.782,12137000,57420000,380322000,380322000,0,0.015,0.028,0.055,0.018,6224000,174757000,1.0,24453730,24515000,24704000,15.514,259615000,16288000,3013000,283000,10.606,41380000
UTI,MRY,2014-12-31,2014-09-30,2014-09-30,2018-05-05,0,288069000,283206500,127532000,160537000,1.336,5.406,-11982000,45529000,45529000,200054000,2037000,1.246,1.163,37712000,5234000,32478000,37712000,46365000,18923000,0,0.043,0.4,7594000,26517000,0.07,26517000,7594000,5747000,0.08,0.08,0.08,133192000,135208500,133192000,240036780,31,9.052,15074000,0.612,1.0,178339000,0.471,20579000,1847000,157338000,164928250,0,57163000,45906000,11257000,154877000,102335000,52542000,229936780,4389000,568000,-1423000,-613000,-9875000,-13465000,-9202000,2163000,27056000,0,2037000,2037000,2037000,0,0,0.005,172002000,6337000,38827000,5.0,1.726,112.88,116.875,106927000,0,9.35,0.608,0.609,12118000,49582000,378393000,378393000,0,0.007,0.015,0.046,0.02,5636000,172002000,1.0,24592169,24640000,24920000,15.357,267490000,19393000,3710000,4336000,10.857,25197000
UTI,MRY,2015-12-31,2015-09-30,2015-09-30,2018-05-05,20000,274302000,273900250,108057000,166245000,1.324,4.702,-29027000,35262000,35262000,194416000,-9149000,1.12,1.417,44790000,737000,44053000,44790000,44693000,17294000,0,0.091,0.32,-8341000,8953000,0.025,8953000,-8341000,-10681000,-0.38,-0.38,-0.38,113475000,124887750,113475000,101915650,-12,11.383,-20785000,-0.852,1.0,168258000,0.464,8222000,2340000,179114000,170399750,0,29805000,28086000,1719000,160827000,96494000,64333000,84724650,-9547000,464000,-6619000,-663000,-7310000,-15111000,-2678000,25731000,8242000,0,-9149000,-9149000,-9149000,0,0,-0.025,177481000,-9223000,42620000,-0.842,0.747,-9.261,-9.237,124144000,0,3.51,0.234,0.236,22409000,32638000,362674000,362674000,0,-0.033,-0.073,-0.049,-0.023,4265000,165124000,1.0,24138077,24391000,24391000,14.869,266080000,24787000,-1532000,1187000,11.026,11563000
UTI,MRY,2016-12-31,2016-09-30,2016-09-30,2018-05-05,18000,297159000,269313250,161949000,135210000,1.289,5.598,-7473000,125001000,125001000,194395000,-47696000,1.713,1.175,44054000,913000,43141000,44054000,44491000,15067000,0,0.022,0.04,-18087000,-3020000,-0.009,-3020000,-18087000,-21526000,-2.02,-2.02,-2.02,136614000,118903500,136614000,-18919270,1,6.265,-89000,-0.004,1.0,152751000,0.44,9005000,3439000,112647000,142562750,0,1691000,1691000,0,160545000,94560000,65985000,43337729,89607000,-2025000,0,-736000,-1457000,64876000,17347000,27709000,7384000,0,-47696000,-49120000,-49120000,0,0,-0.141,171374000,-18623000,42545000,-0.02,0.317,-0.882,-0.881,114033000,1424000,1.78,0.125,0.125,15253000,-17454000,347146000,347146000,0,-0.182,-0.413,-0.127,-0.052,4904000,171374000,1.0,24347039,24313000,24313000,14.278,288154000,0,26170000,3141000,11.808,67389000
UTI,MRY,2017-12-31,2017-09-30,2017-09-30,2018-05-05,0,274102000,271925000,146826000,127276000,1.192,5.069,-8188000,64960000,64960000,181027000,-8128000,1.7,1.179,43141000,1106000,42035000,43141000,41338000,14204000,0,0.0,0.0,650000,14854000,0.046,14854000,650000,-2731000,-0.54,-0.54,-0.54,125776000,129807000,125776000,80615683,124,5.427,-18166000,-0.735,1.0,143236000,0.442,9005000,3381000,156889000,143946250,0,47779000,47779000,0,148326000,86389000,61937000,85909683,-68907000,390000,0,-913000,0,-6758000,-52171000,-46056000,-9978000,0,-8128000,-13378000,-13378000,0,0,-0.041,145060000,-1824000,37481000,0.0,0.683,-6.422,-6.426,106664000,5250000,3.47,0.265,0.264,15197000,-30832000,324263000,324263000,0,-0.049,-0.103,0.005,0.002,2945000,145060000,1.0,24757834,24712000,24712000,13.122,265097000,0,5397000,3631000,10.685,60437000
