ticker,dimension,calendardate,datekey,reportperiod,lastupdated,accoci,assets,assetsavg,assetsc,assetsnc,assetturnover,bvps,capex,cashneq,cashnequsd,cor,consolinc,currentratio,de,debt,debtc,debtnc,debtusd,deferredrev,depamor,deposits,divyield,dps,ebit,ebitda,ebitdamargin,ebitdausd,ebitusd,ebt,eps,epsdil,epsusd,equity,equityavg,equityusd,ev,evebit,evebitda,fcf,fcfps,fxusd,gp,grossmargin,intangibles,intexp,invcap,invcapavg,inventory,investments,investmentsc,investmentsnc,liabilities,liabilitiesc,liabilitiesnc,marketcap,ncf,ncfbus,ncfcommon,ncfdebt,ncfdiv,ncff,ncfi,ncfinv,ncfo,ncfx,netinc,netinccmn,netinccmnusd,netincdis,netincnci,netmargin,opex,opinc,payables,payoutratio,pb,pe,pe1,ppnenet,prefdivis,price,ps,ps1,receivables,retearn,revenue,revenueusd,rnd,roa,roe,roic,ros,sbcomp,sgna,sharefactor,sharesbas,shareswa,shareswadil,sps,tangibles,taxassets,taxexp,taxliabilities,tbvps,workingcapital
V,MRY,2011-12-31,2011-09-30,2011-09-30,2018-04-27,-176000000,34760000000,34404500000,9190000000,25570000000,0.267,8.17,-353000000,4984000000,4984000000,1459000000,3646000000,2.663,0.315,0,0,0,0,0,288000000,0,0.007,0.15,5660000000,5948000000,0.647,5948000000,5660000000,5660000000,1.295,1.29,1.295,26437000000,26044750000,26437000000,63535965562,11,10.682,3519000000,1.068,1.0,7729000000,0.841,23104000000,0,3221000000,1762000000,0,1982000000,1271000000,711000000,8323000000,3451000000,4872000000,70027965562,-1740000000,-268000000,-1925000000,-54000000,-423000000,-3304000000,-2299000000,-1678000000,3872000000,-9000000,3650000000,3650000000,3650000000,0,-4000000,0.397,2273000000,5456000000,618000000,0.116,2.649,19.186,16.548,1541000000,0,21.43,7.622,7.688,972000000,6706000000,9188000000,9188000000,0,0.106,0.14,3.212,0.616,136000000,1621000000,1.0,3267753876,3296000000,4088000000,2.788,11656000000,489000000,2010000000,4205000000,3.602,5739000000
V,MRY,2012-12-31,2012-09-30,2012-09-30,2018-04-27,-171000000,40013000000,37842000000,11786000000,28227000000,0.275,8.559,-374000000,6506000000,6506000000,1726000000,2142000000,1.482,0.448,0,0,0,0,0,333000000,0,0.007,0.22,2209000000,2542000000,0.244,2542000000,2209000000,2209000000,0.792,0.79,0.792,27630000000,27402500000,27630000000,103083314620,46,40.552,4635000000,1.431,1.0,8695000000,0.834,23101000000,0,2452000000,2756500000,0,4029000000,743000000,3286000000,12383000000,7954000000,4429000000,108923314620,-53000000,-3000000,-536000000,-6000000,-595000000,-2655000000,-2414000000,-2037000000,5009000000,7000000,2144000000,2144000000,2144000000,0,-2000000,0.206,6556000000,2139000000,871000000,0.278,3.942,50.804,42.386,1634000000,0,33.57,10.452,10.437,1177000000,7809000000,10421000000,10421000000,0,0.057,0.078,0.801,0.212,76000000,1709000000,1.0,3244662336,3240000000,3856000000,3.216,16912000000,2206000000,65000000,4058000000,5.239,3832000000
V,MRY,2013-12-31,2013-09-30,2013-09-30,2018-04-27,21000000,35956000000,35539750000,7822000000,28134000000,0.331,11.419,-471000000,2235000000,2235000000,1932000000,4980000000,1.804,0.338,0,0,0,0,0,397000000,0,0.007,0.33,7257000000,7654000000,0.65,7654000000,7257000000,7257000000,1.9,1.9,1.9,26870000000,27089000000,26870000000,148988502990,20,19.465,2551000000,1.084,1.0,9846000000,0.836,23032000000,0,6354000000,7022500000,0,4888000000,2069000000,2819000000,9086000000,4335000000,4751000000,150490502990,112000000,0,-5257000000,-6000000,-864000000,-1746000000,-1164000000,-693000000,3022000000,0,4980000000,4980000000,4980000000,0,0,0.423,2607000000,7239000000,1409000000,0.174,5.601,30.219,25.145,1732000000,0,47.775,12.777,9.544,1560000000,7974000000,11778000000,11778000000,0,0.14,0.184,1.033,0.616,105000000,1739000000,1.0,3149984364,2353000000,2897000000,5.006,12924000000,623000000,2277000000,4149000000,5.493,3487000000
V,MRY,2014-12-31,2014-09-30,2014-09-30,2018-04-27,-17000000,38569000000,37438750000,9562000000,29007000000,0.339,12.238,-553000000,3469000000,3469000000,1875000000,5438000000,1.592,0.407,0,0,0,0,0,435000000,0,0.007,0.4,7732000000,8167000000,0.643,8167000000,7732000000,7724000000,2.16,2.16,2.16,27413000000,27252000000,27413000000,160148327458,20,19.609,6652000000,2.938,1.0,10827000000,0.852,23164000000,8000000,5930000000,6254250000,0,5025000000,1979000000,3046000000,11156000000,6006000000,5150000000,163311327458,-215000000,-149000000,-4027000000,0,-1006000000,-6478000000,-941000000,-239000000,7205000000,-1000000,5438000000,5438000000,5438000000,0,0,0.428,3130000000,7697000000,1479000000,0.185,5.957,30.032,24.696,1892000000,0,53.343,12.857,9.508,1608000000,9131000000,12702000000,12702000000,0,0.145,0.2,1.236,0.609,82000000,1735000000,1.0,3061561184,2264000000,2794000000,5.61,15405000000,1028000000,2286000000,4145000000,6.877,3556000000
V,MRY,2015-12-31,2015-09-30,2015-09-30,2018-04-27,-74000000,39367000000,39128750000,10021000000,29346000000,0.355,13.602,-404000000,4590000000,4590000000,2079000000,6328000000,1.871,0.319,0,0,0,0,0,494000000,0,0.007,0.48,8998000000,9492000000,0.684,9492000000,8998000000,8995000000,2.58,2.58,2.58,29842000000,28662000000,29842000000,151084186795,16,15.917,6180000000,2.783,1.0,11801000000,0.85,23186000000,3000000,6236000000,6721000000,0,5886000000,2497000000,3389000000,9525000000,5355000000,4170000000,154374186795,1547000000,-93000000,-2828000000,0,-1177000000,-3603000000,-1435000000,-938000000,6584000000,1000000,6328000000,6328000000,6328000000,0,0,0.456,2737000000,9064000000,907000000,0.186,5.173,24.395,27.0,1888000000,0,69.66,11.122,11.147,1255000000,11843000000,13880000000,13880000000,0,0.162,0.221,1.339,0.648,103000000,1755000000,1.0,2216109486,2221000000,2724000000,6.249,16181000000,0,2667000000,3273000000,7.375,4666000000
V,MRY,2016-12-31,2016-09-30,2016-09-30,2018-04-27,-458000000,64035000000,59301250000,14313000000,49722000000,0.254,15.358,-523000000,6646000000,6646000000,2226000000,5991000000,1.779,0.946,15882000000,0,15882000000,15882000000,0,502000000,0,0.007,0.56,8439000000,8941000000,0.593,8941000000,8439000000,8012000000,2.49,2.48,2.49,32912000000,31086500000,32912000000,186718008991,22,20.883,5051000000,2.328,1.0,12856000000,0.852,42300000000,427000000,22925000000,24795000000,0,7250000000,3319000000,3931000000,31123000000,8046000000,23077000000,177753008991,2101000000,-9082000000,-6892000000,15873000000,-1350000000,7477000000,-10916000000,-1311000000,5574000000,-34000000,5991000000,5991000000,5991000000,0,0,0.397,4973000000,7883000000,2287000000,0.225,5.401,29.67,33.213,2150000000,0,82.7,11.786,11.899,2508000000,10462000000,15082000000,15082000000,0,0.101,0.193,0.34,0.56,158000000,2054000000,1.0,2149371330,2170000000,2678000000,6.95,21735000000,0,2021000000,4808000000,10.142,6267000000
V,MRY,2017-12-31,2017-09-30,2017-09-30,2018-04-27,878000000,67977000000,64643500000,19023000000,48954000000,0.284,15.75,-695000000,10905000000,10905000000,2628000000,6699000000,1.903,1.075,18367000000,1749000000,16618000000,18367000000,0,556000000,0,0.006,0.66,12257000000,12813000000,0.698,12813000000,12257000000,11694000000,2.8,2.8,2.8,32760000000,31803250000,32760000000,227171680872,18,17.73,8513000000,4.046,1.0,15730000000,0.857,42958000000,563000000,22487000000,20909000000,0,5490000000,3564000000,1926000000,35217000000,9994000000,25223000000,219747680872,4255000000,-302000000,-6742000000,2473000000,-1579000000,-5924000000,735000000,1732000000,9208000000,236000000,6699000000,6699000000,6699000000,0,0,0.365,3586000000,12144000000,2182000000,0.236,6.708,32.803,37.586,2253000000,0,105.24,11.97,12.061,2554000000,9508000000,18358000000,18358000000,0,0.104,0.211,0.586,0.668,235000000,2391000000,1.0,2088062342,2104000000,2654000000,8.725,25019000000,0,4995000000,5980000000,12.028,9029000000
