ticker,dimension,calendardate,datekey,reportperiod,lastupdated,accoci,assets,assetsavg,assetsc,assetsnc,assetturnover,bvps,capex,cashneq,cashnequsd,cor,consolinc,currentratio,de,debt,debtc,debtnc,debtusd,deferredrev,depamor,deposits,divyield,dps,ebit,ebitda,ebitdamargin,ebitdausd,ebitusd,ebt,eps,epsdil,epsusd,equity,equityavg,equityusd,ev,evebit,evebitda,fcf,fcfps,fxusd,gp,grossmargin,intangibles,intexp,invcap,invcapavg,inventory,investments,investmentsc,investmentsnc,liabilities,liabilitiesc,liabilitiesnc,marketcap,ncf,ncfbus,ncfcommon,ncfdebt,ncfdiv,ncff,ncfi,ncfinv,ncfo,ncfx,netinc,netinccmn,netinccmnusd,netincdis,netincnci,netmargin,opex,opinc,payables,payoutratio,pb,pe,pe1,ppnenet,prefdivis,price,ps,ps1,receivables,retearn,revenue,revenueusd,rnd,roa,roe,roic,ros,sbcomp,sgna,sharefactor,sharesbas,shareswa,shareswadil,sps,tangibles,taxassets,taxexp,taxliabilities,tbvps,workingcapital
VAC,MRY,2011-12-31,2011-12-30,2011-12-30,2018-05-04,19000000,2845000000,3243500000,,,0.501,33.65,-15000000,191000000,191000000,1081000000,-172000000,,1.509,850000000,,,850000000,28000000,33000000,46000000,0.0,0.0,-217000000,-184000000,-0.113,-184000000,-217000000,-217000000,-5.12,-5.12,-5.12,1134000000,1519000000,1134000000,1321430155,-6,-7.182,306000000,9.08,1.0,543000000,0.334,0,0,3504000000,4038000000,959000000,0,,,1711000000,,,578430155,84000000,19000000,0,-182000000,0,-246000000,9000000,20000000,321000000,0,-172000000,-172000000,-172000000,0,0,-0.106,766000000,-223000000,145000000,0.0,0.51,-3.363,-3.352,285000000,0,17.16,0.356,0.356,1253000000,-2000000,1624000000,1624000000,0,-0.053,-0.113,-0.054,-0.134,11000000,422000000,1.0,33708051,33700000,33700000,48.19,2845000000,0,-45000000,78000000,84.421,
VAC,MRY,2012-12-31,2012-12-28,2012-12-28,2018-05-04,21000000,2613000000,2681750000,,,0.611,32.73,-17000000,171000000,171000000,1070000000,7000000,,1.294,678000000,,,678000000,32000000,30000000,64000000,0.0,0.0,48000000,78000000,0.048,78000000,48000000,31000000,0.19,0.18,0.19,1139000000,1148250000,1139000000,1918379657,39,24.595,146000000,4.244,1.0,569000000,0.347,0,17000000,3120000000,3235000000,888000000,0,,,1474000000,,,1409379657,-7000000,8000000,9000000,-180000000,0,-172000000,3000000,0,163000000,-1000000,7000000,7000000,7000000,0,0,0.004,533000000,36000000,113000000,0.0,1.237,201.34,214.895,261000000,0,40.83,0.86,0.857,1156000000,2000000,1639000000,1639000000,0,0.003,0.006,0.015,0.029,12000000,415000000,1.0,34518238,34400000,36200000,47.645,2613000000,0,24000000,42000000,75.086,
VAC,MRY,2013-12-31,2014-01-03,2014-01-03,2018-05-04,23000000,2632000000,2593000000,,,0.675,34.231,-21977000,286000000,286000000,1111721000,79730000,,1.177,678000000,,,678000000,19000000,22595000,48000000,0.0,0.0,143778000,166373000,0.095,166373000,143778000,131204000,2.25,2.18,2.25,1209000000,1196250000,1209000000,2263512464,15,13.605,138771000,3.923,1.0,637967000,0.365,0,12574000,3024000000,3040500000,870000000,0,,,1423000000,,,1865512464,96604000,3543000,-21829000,-4727000,0,-28275000,-35911000,0,160748000,42000,79730000,79730000,79730000,0,0,0.046,494047000,143920000,129000000,0.0,1.543,23.398,23.404,254000000,0,52.66,1.066,1.065,1079000000,82000000,1749688000,1749688000,0,0.031,0.067,0.047,0.082,12015000,414989000,1.0,35425607,35373000,36621000,49.464,2632000000,0,51474000,60000000,74.521,
VAC,MRY,2014-12-31,2015-01-02,2015-01-02,2018-05-04,17054000,2530579000,2451644750,,,0.7,33.084,-15202000,456422000,456422000,1058909000,80756000,,1.344,703013000,,,703013000,38818000,18682000,60192000,0.003,0.25,162283000,180965000,0.105,180965000,162283000,150591000,2.4,2.33,2.4,1079703000,1142925750,1079703000,2751023870,16,15.202,276209000,8.205,1.0,657107000,0.383,0,11692000,2777170000,2775542500,772784000,0,,,1450876000,,,2424023870,147004000,82347000,-200619000,27270000,-8179000,-185650000,43126000,0,291411000,-1883000,80756000,80756000,80756000,0,0,0.047,500609000,156498000,114079000,0.104,2.245,30.017,30.971,147379000,0,74.33,1.413,1.458,1026928000,153732000,1716016000,1716016000,0,0.033,0.071,0.058,0.095,9818000,416326000,1.0,32611649,33665000,34635000,50.973,2530579000,0,69835000,78883000,77.542,
VAC,MRY,2015-12-31,2016-01-01,2016-01-01,2018-05-04,11381000,2399718000,2409706500,,,0.751,31.778,-83393000,248512000,248512000,1095841000,122799000,,1.458,678793000,,,678793000,78196000,22217000,49128000,0.018,1.05,219307000,241524000,0.133,241524000,219307000,206497000,3.9,3.82,3.9,976267000,1028842000,976267000,2095438620,9,8.676,35021000,1.112,1.0,714954000,0.395,0,12810000,2829999000,2731199750,669243000,0,,,1423451000,,,1769164620,-207910000,20644000,-201380000,-28762000,-23793000,-259127000,-62749000,0,118414000,-4448000,122799000,122799000,122799000,0,0,0.068,496951000,218003000,139120000,0.269,1.812,14.407,14.603,288803000,0,56.95,0.977,0.99,1052481000,243781000,1810795000,1810795000,0,0.051,0.119,0.08,0.121,14142000,436703000,1.0,31065226,31487000,32168000,57.509,2399718000,0,83698000,109076000,78.113,
VAC,MRY,2016-12-31,2016-12-30,2016-12-30,2018-05-04,5460000,2391419000,2340482000,,,0.773,33.336,-34770000,213102000,213102000,1064437000,137348000,,1.634,737224000,,,737224000,95495000,21044000,55542000,0.015,1.25,231840000,252884000,0.14,252884000,231840000,222928000,4.93,4.83,4.93,907819000,885466750,907819000,2802837377,12,11.083,106609000,3.824,1.0,744049000,0.411,0,8912000,2915541000,2873401750,712536000,0,,,1483600000,,,2290719377,-35410000,68953000,-177830000,49693000,-34195000,-206159000,34183000,0,141379000,-4813000,137348000,137348000,137348000,0,0,0.076,518778000,225271000,124439000,0.254,2.523,16.678,17.211,202802000,0,84.85,1.267,1.308,1134044000,346341000,1808486000,1808486000,0,0.059,0.155,0.081,0.128,13949000,458128000,1.0,26997282,27882000,28422000,64.862,2391419000,0,85580000,149168000,87.817,
VAC,MRY,2017-12-31,2017-12-31,2017-12-31,2018-05-04,16745000,2844582000,2611807000,,,0.747,39.284,-26297000,490612000,490612000,1134471000,226778000,,1.733,1095213000,,,1095213000,69058000,21494000,84087000,0.011,1.45,235455000,256949000,0.132,256949000,235455000,225883000,8.38,8.18,8.38,1040815000,973026000,1040815000,4233786463,17,16.477,115875000,4.374,1.0,817474000,0.419,0,9572000,3449183000,3212705500,728379000,0,,,1803767000,,,3582339463,277510000,33000,-67973000,321422000,-38028000,170737000,-38364000,0,142172000,2965000,226778000,226778000,226778000,0,0,0.116,586192000,231282000,145405000,0.173,3.442,15.797,16.135,252727000,0,135.21,1.835,1.835,1206211000,529396000,1951945000,1951945000,0,0.087,0.233,0.073,0.121,16286000,518940000,1.0,26494634,26494634,,73.673,2844582000,0,-895000,89987000,107.364,
