ticker,dimension,calendardate,datekey,reportperiod,lastupdated,accoci,assets,assetsavg,assetsc,assetsnc,assetturnover,bvps,capex,cashneq,cashnequsd,cor,consolinc,currentratio,de,debt,debtc,debtnc,debtusd,deferredrev,depamor,deposits,divyield,dps,ebit,ebitda,ebitdamargin,ebitdausd,ebitusd,ebt,eps,epsdil,epsusd,equity,equityavg,equityusd,ev,evebit,evebitda,fcf,fcfps,fxusd,gp,grossmargin,intangibles,intexp,invcap,invcapavg,inventory,investments,investmentsc,investmentsnc,liabilities,liabilitiesc,liabilitiesnc,marketcap,ncf,ncfbus,ncfcommon,ncfdebt,ncfdiv,ncff,ncfi,ncfinv,ncfo,ncfx,netinc,netinccmn,netinccmnusd,netincdis,netincnci,netmargin,opex,opinc,payables,payoutratio,pb,pe,pe1,ppnenet,prefdivis,price,ps,ps1,receivables,retearn,revenue,revenueusd,rnd,roa,roe,roic,ros,sbcomp,sgna,sharefactor,sharesbas,shareswa,shareswadil,sps,tangibles,taxassets,taxexp,taxliabilities,tbvps,workingcapital
VCO,MRY,2011-12-31,2011-12-31,2011-12-31,2018-04-28,0,774130310000,679844662000,372483703000,401646607000,0.622,533.077,-24268957000,20855397000,40117895,280156889000,50482390000,2.219,0.943,230636563000,52921462000,177715101000,443657508,0,0,0,0.025,0.953,69838989000,69838989000,0.165,134343798,134343798,63523182000,1351.6,1351.6,2.6,398211562000,384443494500,766008421,,,,-9914366000,-13.272,519.853,142578540000,0.337,52465920000,6315807000,763587520000,635327063500,173973666000,30447552000,14990887000,15456665000,375626346000,167858036000,207768310000,1400636216,4097848000,0,0,130768148000,0,126459955000,-136686581000,-111566004000,14354591000,-30117000,50482390000,50482390000,97109023,0,0,0.119,102401099000,40177441000,73544613000,0.367,1.828,14.423,14.423,259664661000,0,37.5,1.722,34.448,131111418000,310204731000,422735429000,813183064,0,0.074,0.131,0.11,0.165,0,101367937000,0.05,747005982,747005982,,1.089,721664390000,22762075000,13040792000,42392874000,966.076,204625667000
VCO,MRY,2012-12-31,2012-12-31,2012-12-31,2018-04-28,0,856112952000,815121631000,447627630000,408485322000,0.55,567.434,-27634564000,58876331000,122949487,302963228000,30303050000,1.989,1.018,272725471000,103139210000,169586261000,569523547,0,0,0,0.028,1.075,49279860000,49279860000,0.11,102909495,102909495,40487415000,803.8,803.8,1.679,423876779000,411044170500,885167806,1863231023,18,18.106,-8831055000,-11.822,478.866,145286553000,0.324,49674732000,8792445000,795207634000,779397577000,192199415000,40582715000,22368140000,18214575000,431662978000,225079726000,206583252000,1429769412,38020933000,0,0,58894301000,0,48648402000,-28553689000,0,18803509000,-877289000,30021933000,30021933000,62693806,0,281117000,0.067,110419142000,34867411000,76981484000,0.64,1.615,22.806,22.805,322210017000,0,38.28,1.527,30.549,143078785000,326929352000,448249781000,936065137,0,0.037,0.073,0.063,0.11,0,109294906000,0.05,747005982,747005982,,1.253,806438220000,25654891000,10465482000,49759196000,1079.561,222547904000
VCO,MRY,2013-12-31,2013-12-31,2013-12-31,2018-04-28,0,849863383000,852988167500,434356328000,415507055000,0.558,574.581,-26788360000,12850652000,24451136,311387251000,33609121000,2.208,0.978,253288577000,68018532000,185270045000,481936145,0,0,0,0.018,0.661,51645518000,51645518000,0.109,98266736,98266736,41935647000,888.2,888.2,1.69,429215461000,426546120000,816674984,1844978972,18,18.775,193867000,0.26,525.565,164235034000,0.345,53568676000,9709871000,840023368000,817615501000,223694941000,42583718000,22194922000,20388796000,419768605000,196709264000,223059341000,1391298641,-46025678000,0,0,-39364562000,0,-47023370000,-27129075000,393982000,26982227000,1144540000,33173641000,33173641000,63120006,0,435480000,0.07,128903834000,35331200000,75807176000,0.391,1.704,22.042,22.042,330068153000,0,37.25,1.537,30.748,146709957000,347130684000,475622285000,904973976,0,0.039,0.078,0.063,0.109,0,127610397000,0.05,747005982,747005982,,1.211,796294707000,22796690000,8762006000,52021492000,1065.982,237647064000
VCO,MRY,2014-12-31,2014-12-31,2014-12-31,2018-04-28,0,918011308000,883937345500,473925163000,444086145000,0.66,591.138,-26025583000,30304154000,50016263,360130910000,37997164000,2.229,1.076,277592022000,61269989000,216322033000,458158827,0,0,0,0.017,0.658,66140898000,66140898000,0.113,109163930,109163930,55798591000,1001.2,1001.2,1.652,441583677000,435399569000,728823033,1837781136,16,16.835,-6649417000,-8.901,605.886,223182154000,0.383,59777055000,10342307000,892875825000,866449596500,218336130000,49200492000,28889395000,20311097000,475030485000,212646296000,262384189000,1410720797,17453502000,0,0,31091532000,0,22906001000,-25838560000,1208506000,19376166000,1009895000,37397592000,37397592000,61723808,0,599572000,0.064,161280090000,61902064000,86786683000,0.398,1.936,22.855,22.857,341758199000,0,37.77,1.465,29.306,165117318000,367635107000,583313064000,962743912,0,0.042,0.086,0.076,0.113,0,159300027000,0.05,747005982,747005982,,1.289,858234253000,23730134000,18400999000,64656174000,1148.899,261278867000
VCO,MRY,2015-12-31,2015-12-31,2015-12-31,2018-04-28,0,982687472000,950349390000,510057865000,472629607000,0.669,608.209,-22197478000,30635184000,43228679,391505147000,50362388000,1.913,1.163,299842059000,90851939000,208990120000,423100974,0,0,0,0.025,0.758,76350316000,76350316000,0.12,107736363,107736363,66315471000,1333.2,1333.2,1.881,454335548000,447959612500,641103565,1556007703,14,14.443,40229734000,53.855,708.677,244688927000,0.385,69527379000,10034845000,915773479000,904324652000,235986491000,50832264000,12741602000,38090662000,528351924000,266593489000,261758435000,1141425103,331030000,0,0,-34459266000,0,-42117408000,-20585284000,3271006000,62427212000,606510000,49797379000,49797379000,70268059,0,565009000,0.078,175350811000,69338116000,113765884000,0.403,1.78,16.244,16.245,347762584000,0,30.56,1.271,25.429,202420987000,397480284000,636194074000,897720399,0,0.052,0.111,0.084,0.12,0,172453298000,0.05,747005982,747005982,,1.202,913160093000,27263281000,16518092000,66850111000,1222.427,243464376000
VCO,MRY,2016-12-31,2016-12-31,2016-12-31,2018-04-28,0,1015838586000,999263029000,520469187000,495369399000,0.659,691.038,-32168491000,47213517000,70565885,412381871000,48529588000,1.765,0.965,250991082000,101999046000,148992036000,375134263,0,0,0,0.025,0.832,75778961000,75778961000,0.115,113260138,113260138,65473512000,1283.2,1283.2,1.918,516209477000,485272512500,771532839,1629962962,14,14.391,11699168000,15.661,669.07,246065750000,0.374,67417543000,10305449000,857328646000,886551062500,230289756000,36424055000,12990616000,23433439000,498131966000,294869962000,203262004000,1231439361,16578333000,0,0,13953042000,0,5792952000,-30237057000,4610564000,43867659000,-2845221000,47931093000,47931093000,71638383,0,598495000,0.073,184542517000,61523233000,124187505000,0.434,1.596,17.19,17.191,361938676000,0,32.97,1.251,25.026,197911718000,426521298000,658447621000,984123665,0,0.048,0.099,0.085,0.115,0,182475244000,0.05,747005982,747005982,,1.317,948421043000,32686446000,17542419000,80010155000,1269.63,225599225000
VCO,MRY,2017-12-31,2017-12-31,2017-12-31,2018-04-28,0,1056826587000,1036332586500,531907388000,524919199000,0.621,734.086,-45454949000,31162346000,50637544,412079217000,49990420000,1.659,0.922,268262608000,140452483000,127810125000,435915825,0,0,0,0.018,0.669,73280135000,73280135000,0.114,119077238,119077238,63294458000,1327.2,1327.2,2.157,548366807000,532288142000,891073755,1688944373,14,14.184,-25457675000,-34.08,615.4,231705470000,0.36,74448442000,9985677000,898786267000,878057456500,235733091000,39020505000,17200796000,21819709000,505593351000,320692140000,184901211000,1381587563,-16051171000,26294000,0,25735908000,0,16311089000,-51433175000,-3525151000,19997274000,-926359000,49574670000,49574670000,80556822,0,415750000,0.077,177424632000,54280838000,128408116000,0.31,1.55,17.15,17.152,381736948000,0,36.99,1.321,26.413,199544534000,455924169000,643784687000,1046123929,0,0.048,0.093,0.083,0.114,0,174387362000,0.05,747005982,747005982,,1.4,982378145000,46411893000,13719788000,72186724000,1315.087,211215248000
