ticker,dimension,calendardate,datekey,reportperiod,lastupdated,accoci,assets,assetsavg,assetsc,assetsnc,assetturnover,bvps,capex,cashneq,cashnequsd,cor,consolinc,currentratio,de,debt,debtc,debtnc,debtusd,deferredrev,depamor,deposits,divyield,dps,ebit,ebitda,ebitdamargin,ebitdausd,ebitusd,ebt,eps,epsdil,epsusd,equity,equityavg,equityusd,ev,evebit,evebitda,fcf,fcfps,fxusd,gp,grossmargin,intangibles,intexp,invcap,invcapavg,inventory,investments,investmentsc,investmentsnc,liabilities,liabilitiesc,liabilitiesnc,marketcap,ncf,ncfbus,ncfcommon,ncfdebt,ncfdiv,ncff,ncfi,ncfinv,ncfo,ncfx,netinc,netinccmn,netinccmnusd,netincdis,netincnci,netmargin,opex,opinc,payables,payoutratio,pb,pe,pe1,ppnenet,prefdivis,price,ps,ps1,receivables,retearn,revenue,revenueusd,rnd,roa,roe,roic,ros,sbcomp,sgna,sharefactor,sharesbas,shareswa,shareswadil,sps,tangibles,taxassets,taxexp,taxliabilities,tbvps,workingcapital
VIAB,MRY,2011-12-31,2011-09-30,2011-09-30,2018-04-25,-164000000,22801000000,22538750000,5261000000,17540000000,0.662,15.2,-155000000,1021000000,1021000000,7868000000,2173000000,1.335,1.639,7365000000,23000000,7342000000,7365000000,187000000,271000000,0,0.021,0.8,3610000000,3881000000,0.26,3881000000,3610000000,3198000000,3.64,3.59,3.64,8644000000,9158000000,8644000000,28258876274,7,7.281,2489000000,4.238,1.0,7046000000,0.472,11456000000,412000000,13747000000,13219000000,5067000000,0,0,0,14168000000,3942000000,10226000000,22259876274,184000000,-72000000,-2286000000,629000000,-417000000,-2227000000,-227000000,0,2644000000,-6000000,2136000000,2136000000,2136000000,0,37000000,0.143,3342000000,3704000000,386000000,0.22,2.575,10.421,10.643,1057000000,0,38.74,1.493,1.526,2732000000,8418000000,14914000000,14914000000,0,0.095,0.233,0.273,0.242,128000000,2921000000,1.0,574596703,587300000,594300000,25.394,11345000000,41000000,1062000000,123000000,19.949,1319000000
VIAB,MRY,2012-12-31,2012-09-30,2012-09-30,2018-04-25,-264000000,22250000000,22384500000,4853000000,17397000000,0.62,14.578,-154000000,848000000,848000000,6993000000,2021000000,1.267,1.989,8149000000,18000000,8131000000,8149000000,230000000,236000000,0,0.02,1.05,3483000000,3719000000,0.268,3719000000,3483000000,3066000000,3.73,3.69,3.73,7448000000,7685750000,7448000000,34966768026,10,9.402,2344000000,4.417,1.0,6894000000,0.496,11373000000,417000000,14348000000,13790500000,5037000000,0,0,0,14811000000,3830000000,10981000000,27576768026,-173000000,-18000000,-2541000000,801000000,-554000000,-2413000000,-256000000,0,2498000000,-2000000,1981000000,1981000000,1981000000,0,40000000,0.143,2998000000,3896000000,255000000,0.282,3.703,13.921,14.367,1068000000,0,53.59,1.986,2.048,2533000000,9820000000,13887000000,13887000000,0,0.088,0.258,0.253,0.251,122000000,2757000000,1.0,514587946,530700000,537500000,26.167,10877000000,68000000,1085000000,5000000,21.29,1023000000
VIAB,MRY,2013-12-31,2013-09-30,2013-09-30,2018-04-25,-101000000,23829000000,22657000000,6726000000,17103000000,0.609,11.084,-160000000,2403000000,2403000000,6799000000,2437000000,1.775,3.589,11885000000,18000000,11867000000,11885000000,230000000,237000000,0,0.014,1.15,3929000000,4166000000,0.302,4166000000,3929000000,3465000000,4.93,4.84,4.93,5193000000,6515250000,5193000000,47630767108,12,11.433,2923000000,6.012,1.0,6995000000,0.507,11358000000,464000000,18163000000,15751250000,4715000000,0,0,0,18639000000,3790000000,14849000000,39861767108,1555000000,124000000,-4261000000,3732000000,-555000000,-1159000000,-335000000,0,3083000000,-34000000,2395000000,2395000000,2395000000,12000000,42000000,0.174,3053000000,3942000000,316000000,0.233,7.676,16.644,16.953,1040000000,0,83.58,2.89,2.946,2987000000,11629000000,13794000000,13794000000,0,0.106,0.368,0.249,0.285,128000000,2829000000,1.0,476929494,486200000,494800000,28.371,12471000000,0,1070000000,649000000,26.619,2936000000
VIAB,MRY,2014-12-31,2014-09-30,2014-09-30,2018-04-25,-293000000,23047000000,23158750000,5252000000,17795000000,0.595,8.872,-123000000,1000000000,1000000000,6542000000,2463000000,1.335,5.19,12699000000,18000000,12681000000,12699000000,350000000,217000000,0,0.016,1.26,4056000000,4273000000,0.31,4273000000,4056000000,3441000000,5.53,5.43,5.53,3719000000,4274000000,3719000000,43740943357,10,10.237,2474000000,5.726,1.0,7241000000,0.525,11934000000,615000000,18877000000,19092750000,4743000000,0,0,0,19300000000,3935000000,15365000000,32547943357,-1403000000,-732000000,-3356000000,884000000,-541000000,-3100000000,-855000000,0,2597000000,-45000000,2391000000,2391000000,2391000000,1000000,72000000,0.173,3170000000,4071000000,475000000,0.228,8.752,13.613,13.913,1016000000,0,76.94,2.361,2.412,3066000000,13465000000,13783000000,13783000000,0,0.103,0.559,0.212,0.294,122000000,2899000000,1.0,423030197,432100000,440200000,31.898,11113000000,0,1050000000,266000000,26.51,1317000000
VIAB,MRY,2015-12-31,2015-09-30,2015-09-30,2018-04-25,-534000000,22143000000,22352750000,4578000000,17565000000,0.594,8.889,-142000000,506000000,506000000,6868000000,2002000000,1.188,5.241,12285000000,18000000,12267000000,12285000000,481000000,222000000,0,0.034,1.46,3080000000,3302000000,0.249,3302000000,3080000000,2423000000,4.78,4.73,4.78,3538000000,3016250000,3538000000,29818417493,9,9.03,2171000000,5.398,1.0,6400000000,0.482,11796000000,657000000,18273000000,19198500000,4402000000,0,0,0,18544000000,3853000000,14691000000,17156417493,-494000000,-115000000,-1402000000,-410000000,-564000000,-2477000000,-257000000,0,2313000000,-73000000,1922000000,1922000000,1922000000,0,80000000,0.145,3342000000,3058000000,506000000,0.305,4.849,8.926,9.023,947000000,0,43.13,1.293,1.307,2807000000,14780000000,13268000000,13268000000,0,0.086,0.637,0.16,0.232,101000000,2860000000,1.0,397783851,402200000,406000000,32.989,10347000000,0,501000000,150000000,25.997,725000000
VIAB,MRY,2016-12-31,2016-09-30,2016-09-30,2018-04-25,-692000000,22508000000,22510000000,4522000000,17986000000,0.555,10.779,-172000000,379000000,379000000,6684000000,1473000000,1.231,4.25,11913000000,17000000,11896000000,11913000000,419000000,221000000,0,0.037,1.4,2573000000,2794000000,0.224,2794000000,2573000000,1957000000,3.63,3.61,3.63,4277000000,3989000000,4277000000,27285594247,10,9.766,1199000000,3.024,1.0,5804000000,0.465,11715000000,616000000,18655000000,18452000000,4876000000,0,0,0,18178000000,3672000000,14506000000,15112594247,-127000000,-58000000,-89000000,-368000000,-635000000,-1173000000,-299000000,0,1371000000,-26000000,1438000000,1438000000,1438000000,0,35000000,0.115,3285000000,2519000000,453000000,0.386,3.533,10.509,10.496,932000000,0,38.1,1.21,1.21,2712000000,15628000000,12488000000,12488000000,0,0.064,0.36,0.139,0.206,163000000,2851000000,1.0,396656017,396500000,398000000,31.496,10793000000,0,519000000,381000000,27.2,850000000
VIAB,MRY,2017-12-31,2017-09-30,2017-09-30,2018-04-25,-618000000,23698000000,23369500000,5801000000,17897000000,0.568,15.001,-195000000,1389000000,1389000000,7436000000,1922000000,1.546,2.913,11119000000,19000000,11100000000,11119000000,463000000,223000000,0,0.029,0.8,2785000000,3008000000,0.227,3008000000,2785000000,2167000000,4.69,4.68,4.69,6035000000,5159000000,6035000000,21943845671,7,7.295,1476000000,3.691,1.0,5827000000,0.439,11978000000,618000000,17697000000,18550500000,4901000000,0,0,0,17579000000,3753000000,13826000000,11195845671,1010000000,-378000000,172000000,-783000000,-319000000,-1010000000,329000000,0,1671000000,20000000,1874000000,1874000000,1874000000,0,48000000,0.141,3363000000,2464000000,431000000,0.171,1.855,5.974,5.936,978000000,0,27.84,0.844,0.839,2970000000,17124000000,13263000000,13263000000,0,0.08,0.363,0.15,0.21,68000000,3005000000,1.0,402149629,399900000,400600000,33.166,11720000000,0,293000000,294000000,29.132,2048000000
