ticker,dimension,calendardate,datekey,reportperiod,lastupdated,accoci,assets,assetsavg,assetsc,assetsnc,assetturnover,bvps,capex,cashneq,cashnequsd,cor,consolinc,currentratio,de,debt,debtc,debtnc,debtusd,deferredrev,depamor,deposits,divyield,dps,ebit,ebitda,ebitdamargin,ebitdausd,ebitusd,ebt,eps,epsdil,epsusd,equity,equityavg,equityusd,ev,evebit,evebitda,fcf,fcfps,fxusd,gp,grossmargin,intangibles,intexp,invcap,invcapavg,inventory,investments,investmentsc,investmentsnc,liabilities,liabilitiesc,liabilitiesnc,marketcap,ncf,ncfbus,ncfcommon,ncfdebt,ncfdiv,ncff,ncfi,ncfinv,ncfo,ncfx,netinc,netinccmn,netinccmnusd,netincdis,netincnci,netmargin,opex,opinc,payables,payoutratio,pb,pe,pe1,ppnenet,prefdivis,price,ps,ps1,receivables,retearn,revenue,revenueusd,rnd,roa,roe,roic,ros,sbcomp,sgna,sharefactor,sharesbas,shareswa,shareswadil,sps,tangibles,taxassets,taxexp,taxliabilities,tbvps,workingcapital
VIDE,MRY,2011-12-31,2011-02-28,2011-02-28,2018-01-17,0,63470000,64769750,54032000,9438000,0.912,3.435,-855000,2787000,2787000,43544000,1087000,3.958,1.204,21871000,1339000,20532000,21871000,1026000,1213000,0,0.0,0.0,3350000,4563000,0.077,4563000,3350000,2404000,0.13,0.13,0.13,28804000,28861000,28804000,53536984,15,11.733,5069000,0.606,1.0,15495000,0.262,2880000,946000,66024000,55079500,30593000,0,0,0,34666000,13650000,21016000,32289984,928000,0,0,-2722000,0,-2722000,-2243000,-1388000,5924000,0,1087000,1087000,1087000,1314000,0,0.018,11076000,4419000,4387000,0.0,1.121,29.706,29.615,4522000,0,3.85,0.547,0.546,10688000,28488000,59039000,59039000,0,0.017,0.038,0.061,0.057,220000,11076000,1.0,8387009,8370000,8700000,7.054,60590000,4252000,1317000,0,7.226,40382000
VIDE,MRY,2012-12-31,2012-02-29,2012-02-29,2018-01-17,0,51603000,53283000,43771000,7832000,1.205,3.814,-612000,148000,148000,44286000,3577000,6.766,0.782,16880000,945000,15935000,16880000,342000,1091000,0,0.0,0.0,6143000,7234000,0.113,7234000,6143000,5350000,0.47,0.46,0.47,28953000,28177750,28953000,61819169,10,8.546,3550000,0.466,1.0,19945000,0.311,2512000,793000,59354000,60346750,29736000,250000,0,250000,22650000,6469000,16181000,44499169,-1251000,-999000,-398000,-4792000,0,-5190000,-223000,1388000,4162000,0,3577000,3577000,3577000,0,0,0.056,13922000,6023000,3237000,0.0,1.537,12.44,12.468,4416000,0,5.86,0.693,0.694,10429000,32065000,64231000,64231000,0,0.067,0.127,0.102,0.096,243000,13922000,1.0,7593715,7612000,7802000,8.438,49091000,1937328000,1773000,0,6.467,37302000
VIDE,MRY,2013-12-31,2013-02-28,2013-02-28,2018-01-17,0,52293000,52056250,44530000,7763000,0.231,3.82,-399000,379000,379000,10717000,8000,1.997,0.809,15317000,15036000,281000,15317000,40000,397000,0,0.0,0.0,-728000,-331000,-0.028,-331000,-728000,-1425000,0.0,0.0,0.0,28908000,29123750,28908000,44573787,-61,-134.664,1781000,0.235,1.0,1308000,0.109,768000,697000,44162000,48715500,11173000,714000,92000,622000,23385000,22301000,1084000,28374787,123000,0,-70000,-1562000,0,-1632000,-399000,0,2180000,0,8000,8000,8000,-2490000,0,0.001,4558000,-3250000,2029000,,0.982,3546.848,,1851000,0,3.75,2.36,2.361,3233000,32073000,12025000,12025000,0,0.0,0.0,-0.015,-0.061,16000,4558000,1.0,7566610,7570000,7623000,1.589,51525000,3297000,-1433000,0,6.809,22229000
VIDE,MRY,2014-12-31,2014-02-28,2014-02-28,2018-01-17,0,27480000,37682750,22748000,4732000,0.382,3.248,420000,3499000,3499000,15489000,-2681000,11.854,0.134,281000,48000,233000,281000,0,394000,0,0.0,0.0,-2453000,-2059000,-0.143,-2059000,-2453000,-3167000,-0.35,-0.35,-0.35,24234000,28286000,24234000,28164926,-11,-13.679,1514000,0.2,1.0,-1078000,-0.075,684000,714000,21659000,31219500,9915000,7612000,5914000,1698000,3246000,1919000,1327000,29157926,3251000,23690000,-2166000,-15037000,0,-17203000,19229000,-4881000,1094000,0,-2681000,-2681000,-2681000,-2779000,0,-0.186,4747000,-5825000,946000,0.0,1.203,-10.876,-10.971,1561000,0,3.84,2.023,2.014,1876000,29392000,14411000,14411000,0,-0.071,-0.095,-0.079,-0.17,8000,4747000,1.0,7593210,7557000,7582000,1.907,26796000,2421880000,-486000,0,3.591,20829000
VIDE,MRY,2015-12-31,2015-02-28,2015-02-28,2018-01-17,0,17830000,22187000,14731000,3099000,0.578,2.458,437000,62000,62000,11433000,-5993000,5.853,0.212,233000,50000,183000,233000,0,378000,0,0.0,0.0,-4713000,-4335000,-0.338,-4335000,-4713000,-4713000,-0.94,-0.94,-0.94,14710000,19408750,14710000,17508457,-3,-4.039,-4000,-0.001,1.0,1385000,0.108,559000,0,14925000,18590250,7005000,3618000,2548000,1070000,3120000,2517000,603000,17263457,-3327000,-315000,-3541000,4082000,0,641000,-3636000,-3758000,-441000,0,-5993000,-5993000,-5993000,-44000,0,-0.468,4904000,-3519000,719000,0.0,1.174,-2.881,-2.872,1371000,0,2.7,1.347,1.345,1504000,23399000,12818000,12818000,0,-0.27,-0.309,-0.254,-0.368,10000,4904000,1.0,6393873,6384000,6393000,2.008,17271000,720000,1280000,0,2.886,12214000
VIDE,MRY,2016-12-31,2016-02-29,2016-02-29,2018-01-17,0,11944000,14251750,9849000,2095000,1.289,1.436,-170000,595000,595000,16335000,-6146000,3.226,0.412,268000,137000,131000,268000,160000,335000,604000,0.0,0.0,-6139000,-5804000,-0.316,-5804000,-6139000,-6139000,-1.04,-1.04,-1.04,8460000,10672500,8460000,3956599,0,-0.682,921000,0.156,1.0,2034000,0.111,0,0,8564000,10654500,7216000,1073000,345000,728000,3484000,3053000,431000,4066599,423000,0,-116000,35000,0,-3659000,2991000,3161000,1091000,0,-6146000,-6146000,-6146000,0,0,-0.335,5659000,-3625000,1264000,0.0,0.481,-0.662,-0.663,1313000,0,0.69,0.221,0.222,1581000,17253000,18369000,18369000,0,-0.431,-0.576,-0.576,-0.334,12000,5188000,1.0,5893623,5909000,5910000,3.109,11944000,0,7000,11000,2.027,6796000
VIDE,MRY,2017-12-31,2017-02-28,2017-02-28,2018-01-17,0,11430000,12491000,9533000,1897000,1.572,1.266,-300000,135000,135000,16900000,-1006000,3.051,0.533,1133000,466000,667000,1133000,0,237000,418000,0.0,0.0,-987000,-750000,-0.038,-750000,-987000,-987000,-0.17,-0.17,-0.17,7458000,7717500,7458000,7388822,-7,-9.852,-1466000,-0.249,1.0,2739000,0.139,0,0,9303000,9412250,5838000,1133000,543000,590000,3972000,3125000,847000,6479822,-460000,0,0,100000,0,729000,-23000,277000,-1166000,0,-1006000,-1006000,-1006000,0,0,-0.051,4259000,-1520000,1397000,0.0,0.869,-6.441,-6.471,1281000,0,1.1,0.33,0.33,2771000,16247000,19639000,19639000,0,-0.081,-0.13,-0.105,-0.05,4000,4259000,1.0,5890748,5891000,5891000,3.334,11430000,0,19000,10000,1.94,6408000
