ticker,dimension,calendardate,datekey,reportperiod,lastupdated,accoci,assets,assetsavg,assetsc,assetsnc,assetturnover,bvps,capex,cashneq,cashnequsd,cor,consolinc,currentratio,de,debt,debtc,debtnc,debtusd,deferredrev,depamor,deposits,divyield,dps,ebit,ebitda,ebitdamargin,ebitdausd,ebitusd,ebt,eps,epsdil,epsusd,equity,equityavg,equityusd,ev,evebit,evebitda,fcf,fcfps,fxusd,gp,grossmargin,intangibles,intexp,invcap,invcapavg,inventory,investments,investmentsc,investmentsnc,liabilities,liabilitiesc,liabilitiesnc,marketcap,ncf,ncfbus,ncfcommon,ncfdebt,ncfdiv,ncff,ncfi,ncfinv,ncfo,ncfx,netinc,netinccmn,netinccmnusd,netincdis,netincnci,netmargin,opex,opinc,payables,payoutratio,pb,pe,pe1,ppnenet,prefdivis,price,ps,ps1,receivables,retearn,revenue,revenueusd,rnd,roa,roe,roic,ros,sbcomp,sgna,sharefactor,sharesbas,shareswa,shareswadil,sps,tangibles,taxassets,taxexp,taxliabilities,tbvps,workingcapital
VIRC,MRY,2011-12-31,2012-01-31,2012-01-31,2018-04-28,-15328000,94225000,109258750,45808000,48417000,1.523,2.17,-2157000,2897000,2897000,118283000,-13803000,1.683,2.05,11508000,5497000,6011000,11508000,0,5021000,0,0.028,0.05,-12626000,-7605000,-0.046,-7605000,-12626000,-13748000,-0.97,-0.97,-0.97,30896000,41104000,30896000,29516201,-2,-3.881,-2941000,-0.207,1.0,48158000,0.289,0,1122000,75626000,85483500,27791000,0,0,0,63329000,27210000,36119000,25550201,1369000,0,-126000,4976000,-710000,4140000,-1987000,0,-784000,0,-13803000,-13803000,-13803000,0,0,-0.083,60784000,-12626000,11684000,-0.052,0.827,-1.851,-1.835,39208000,0,1.78,0.154,0.152,13144000,-68980000,166441000,166441000,0,-0.126,-0.336,-0.148,-0.076,735000,56215000,1.0,14354046,14235000,14235000,11.692,94225000,2524000,55000,1709000,6.619,18598000
VIRC,MRY,2012-12-31,2013-01-31,2013-01-31,2018-04-28,-15986000,82163000,99126250,36962000,45201000,1.593,1.878,-1997000,853000,853000,107304000,-3830000,1.513,2.041,4053000,4053000,0,4053000,0,4368000,0,0.0,0.0,-2483000,1885000,0.012,1885000,-2483000,-4039000,-0.27,-0.27,-0.27,27020000,30813000,27020000,39317490,-15,20.858,5263000,0.366,1.0,50609000,0.32,0,1556000,60927000,75159250,25317000,0,0,0,55143000,24436000,30707000,38849490,-2044000,0,-97000,-7454000,0,-7551000,-1753000,0,7260000,0,-3830000,-3830000,-3830000,0,0,-0.024,53092000,-2483000,11864000,0.0,1.438,-10.143,-9.889,36882000,0,2.67,0.246,0.243,8868000,-72810000,157913000,157913000,0,-0.039,-0.124,-0.033,-0.016,698000,52369000,1.0,14550371,14387000,14387000,10.976,82163000,1743000,-209000,714000,5.711,12526000
VIRC,MRY,2013-12-31,2014-01-31,2014-01-31,2018-04-28,-13980000,83344000,96803250,39639000,43705000,1.602,1.888,-3613000,1051000,1051000,102488000,-1730000,1.75,2.019,8248000,2248000,6000000,8248000,0,4209000,0,0.0,0.0,-1431000,2778000,0.018,2778000,-1431000,-2733000,-0.12,-0.12,-0.12,27605000,28703500,27605000,41229435,-28,14.841,-3856000,-0.264,1.0,52554000,0.339,0,1302000,67885000,75865500,27780000,0,0,0,55739000,22656000,33083000,38593435,198000,0,-116000,4195000,0,4079000,-3638000,0,-243000,0,-1730000,-1730000,-1730000,0,0,-0.011,53985000,-1431000,12355000,0.0,1.398,-22.308,-21.833,36305000,0,2.62,0.249,0.247,8520000,-74540000,155042000,155042000,0,-0.018,-0.06,-0.019,-0.009,523000,52587000,1.0,14730319,14620000,14620000,10.605,83344000,1104000,-1003000,69000,5.701,16983000
VIRC,MRY,2014-12-31,2015-01-31,2015-01-31,2018-04-28,-20234000,81811000,97536000,38815000,42996000,1.682,1.53,-3312000,470000,470000,108654000,849000,1.813,2.624,9519000,3366000,6153000,9519000,0,4408000,0,0.0,0.0,2372000,6780000,0.041,6780000,2372000,918000,0.06,0.06,0.06,22573000,27824750,22573000,42749862,18,6.305,-1653000,-0.112,1.0,55398000,0.338,0,1454000,69455000,78397750,26678000,0,0,0,59238000,21405000,37833000,35794862,-581000,0,-129000,1271000,0,1142000,-3382000,0,1659000,0,849000,849000,849000,0,0,0.005,53026000,2372000,9901000,0.0,1.586,42.161,40.167,35221000,0,2.41,0.218,0.217,10657000,-73690000,164052000,164052000,0,0.009,0.031,0.03,0.014,502000,52741000,1.0,14852640,14756000,14987000,11.118,81811000,1047000,69000,42000,5.544,17410000
VIRC,MRY,2015-12-31,2016-01-31,2016-01-31,2018-04-28,-14330000,89435000,100432250,46772000,42663000,1.679,2.234,-4253000,815000,815000,108985000,4549000,2.053,1.685,6760000,663000,6097000,6760000,0,4757000,0,0.0,0.0,5948000,10705000,0.063,10705000,5948000,4667000,0.31,0.31,0.31,33313000,28924250,33313000,49031379,8,4.58,3254000,0.218,1.0,59610000,0.354,0,1281000,72602000,79126000,34603000,0,0,0,56122000,22778000,33344000,46494379,345000,0,-206000,-2759000,0,-2965000,-4197000,0,7507000,0,4549000,4549000,4549000,0,0,0.027,53662000,5948000,12982000,0.0,1.396,10.221,10.0,34820000,0,3.1,0.276,0.274,9963000,-69140000,168595000,168595000,0,0.045,0.157,0.075,0.035,493000,53653000,1.0,14998187,14914000,15118000,11.304,89435000,1020000,118000,38000,5.997,23994000
VIRC,MRY,2016-12-31,2017-01-31,2017-01-31,2018-04-28,-11394000,108187000,115725250,48493000,59694000,1.499,3.939,-4406000,788000,788000,110874000,22760000,2.247,0.823,5011000,68000,4943000,5011000,0,5026000,0,0.0,0.0,5944000,10970000,0.063,10970000,5944000,4727000,1.51,1.51,1.51,59354000,47484500,59354000,69117521,11,6.301,1456000,0.097,1.0,62543000,0.361,0,1217000,90825000,94307750,35689000,0,0,0,48833000,21585000,27248000,66790521,-27000,0,-264000,-1154000,0,-1418000,-4471000,0,5862000,0,22760000,22760000,22760000,0,0,0.131,56599000,5944000,12388000,0.0,1.125,2.935,2.914,34325000,0,4.4,0.385,0.382,10131000,-46380000,173417000,173417000,0,0.197,0.479,0.063,0.034,609000,56601000,1.0,15179664,15067000,15266000,11.51,108187000,17283000,-18033000,36000,7.18,26908000
VIRC,MRY,2017-12-31,2018-01-31,2018-01-31,2018-04-28,-9259000,116623000,131867250,55713000,60910000,1.435,3.851,-13386000,534000,534000,123816000,-3209000,2.01,0.986,16681000,4681000,12000000,16681000,0,5466000,0,0.003,0.015,3959000,9425000,0.05,9425000,3959000,2414000,-0.21,-0.21,-0.21,58712000,61149750,58712000,85232047,21,9.043,-11704000,-0.768,1.0,65471000,0.346,0,1545000,105047000,112307250,42057000,0,0,0,57911000,27723000,30188000,72180047,-254000,0,-339000,11670000,0,11331000,-13267000,0,1682000,0,-3209000,-3209000,-3209000,0,0,-0.017,61512000,3959000,14106000,-0.071,1.229,-22.493,-22.381,42442000,0,4.7,0.381,0.379,11414000,-49648000,189287000,189287000,0,-0.024,-0.052,0.035,0.021,830000,61528000,1.0,15357457,15244000,15244000,12.417,116623000,10264000,5623000,44000,7.65,27990000
