ticker,dimension,calendardate,datekey,reportperiod,lastupdated,accoci,assets,assetsavg,assetsc,assetsnc,assetturnover,bvps,capex,cashneq,cashnequsd,cor,consolinc,currentratio,de,debt,debtc,debtnc,debtusd,deferredrev,depamor,deposits,divyield,dps,ebit,ebitda,ebitdamargin,ebitdausd,ebitusd,ebt,eps,epsdil,epsusd,equity,equityavg,equityusd,ev,evebit,evebitda,fcf,fcfps,fxusd,gp,grossmargin,intangibles,intexp,invcap,invcapavg,inventory,investments,investmentsc,investmentsnc,liabilities,liabilitiesc,liabilitiesnc,marketcap,ncf,ncfbus,ncfcommon,ncfdebt,ncfdiv,ncff,ncfi,ncfinv,ncfo,ncfx,netinc,netinccmn,netinccmnusd,netincdis,netincnci,netmargin,opex,opinc,payables,payoutratio,pb,pe,pe1,ppnenet,prefdivis,price,ps,ps1,receivables,retearn,revenue,revenueusd,rnd,roa,roe,roic,ros,sbcomp,sgna,sharefactor,sharesbas,shareswa,shareswadil,sps,tangibles,taxassets,taxexp,taxliabilities,tbvps,workingcapital
VOD,MRY,2011-12-31,2011-03-31,2011-03-31,2017-06-20,15545000000,151220000000,154102500000,17003000000,134217000000,0.298,1.695,-4299000000,6252000000,10041228139,30814000000,7968000000,0.628,0.727,38281000000,9906000000,28375000000,61482446320,0,0,0,0.044,1.3,9498000000,9498000000,0.207,15254572115,15254572115,9498000000,1.55,1.54,2.489,87555000000,88968000000,140620558178,203232782829,13,13.323,7696000000,0.149,0.623,15070000000,0.328,68558000000,0,87616000000,88549500000,537000000,40160000000,674000000,39486000000,63659000000,27075000000,36584000000,151406511897,1854000000,1022000000,-1980000000,224000000,-4468000000,-8259000000,-1882000000,4234000000,11995000000,-12000000,7870000000,7870000000,12639869714,0,98000000,0.172,14517000000,553000000,15502000000,0.522,1.077,11.978,11.773,20181000000,0,29.307,2.055,20.545,13136000000,-77661000000,45884000000,73693491992,0,0.051,0.088,0.107,0.207,0,8367000000,0.1,51662535016,51662535016,,1.426,82662000000,2299000000,1628000000,8748000000,1.6,-10072000000
VOD,MRY,2012-12-31,2012-03-31,2012-03-31,2017-06-20,10971000000,139576000000,145398000000,20025000000,119551000000,0.319,1.521,-4645000000,7138000000,11369283502,31546000000,7049000000,0.834,0.798,34620000000,6258000000,28362000000,55142139935,0,0,0,0.076,2.14,9549000000,9549000000,0.206,15209482791,15209482791,9549000000,1.4,1.39,2.23,76935000000,82245000000,122540743384,194523505173,12,12.79,8110000000,0.16,0.628,14871000000,0.32,59514000000,0,83519000000,85567500000,486000000,37222000000,1323000000,35899000000,61374000000,24025000000,37349000000,142715003655,1229000000,11810000000,-3512000000,-672000000,-6643000000,-15369000000,3843000000,-348000000,12755000000,-346000000,7003000000,7003000000,11154257826,0,46000000,0.151,12352000000,2519000000,16560000000,0.96,1.165,12.795,12.649,18655000000,0,28.206,1.93,19.303,14226000000,-84184000000,46417000000,73932198422,0,0.048,0.085,0.112,0.206,0,8302000000,0.1,50597552839,50597552839,,1.461,80062000000,2304000000,2546000000,8745000000,1.582,-4000000000
VOD,MRY,2013-12-31,2013-03-31,2013-03-31,2017-06-20,11195000000,138324000000,138950000000,21649000000,116675000000,0.274,1.468,-3853000000,7531000000,11446349889,26567000000,901000000,0.763,0.921,39704000000,11800000000,27904000000,60346019919,0,0,0,0.054,1.56,1133000000,1133000000,0.03,1722044140,1722044140,1133000000,0.15,0.15,0.228,71477000000,74206000000,108637730853,183167156851,106,106.366,4971000000,0.102,0.658,11474000000,0.302,44139000000,0,97989000000,90754000000,353000000,52570000000,5350000000,47220000000,65836000000,28369000000,37467000000,140994470118,335000000,4128000000,-1499000000,5283000000,-4806000000,-2743000000,-5746000000,-2724000000,8824000000,170000000,657000000,657000000,998572816,-4616000000,244000000,0.017,14719000000,-3245000000,15239000000,6.843,1.298,141.196,126.982,17584000000,0,28.95,2.439,24.386,12850000000,-88834000000,38041000000,57818429976,0,0.005,0.009,0.012,0.03,0,7019000000,0.1,48702667319,48702667319,,1.187,94185000000,3245000000,476000000,8743000000,1.934,-6720000000
VOD,MRY,2014-12-31,2014-03-31,2014-03-31,2017-06-20,8652000000,121840000000,130082000000,24722000000,97118000000,0.295,1.475,-4317000000,10134000000,16865741441,27942000000,59586000000,0.987,0.707,29201000000,7747000000,21454000000,48598432587,0,0,0,0.045,1.64,42838000000,42838000000,1.117,71294121954,71294121954,42838000000,22.38,22.21,37.246,70802000000,71139500000,117833848981,229187017936,3,3.215,1910000000,0.04,0.601,10404000000,0.271,46688000000,0,69180000000,83584500000,441000000,8086000000,4419000000,3667000000,50059000000,25039000000,25020000000,176648120111,2721000000,35526000000,-15286000000,-11615000000,-5076000000,-34249000000,30743000000,1279000000,6227000000,-115000000,59420000000,59420000000,98891094975,-48108000000,166000000,1.55,13878000000,-3474000000,16795000000,0.044,1.499,1.786,0.988,22851000000,0,36.81,2.768,27.68,12156000000,-51428000000,38346000000,63818208144,0,0.457,0.835,0.513,1.117,0,7278000000,0.1,47989164714,47989164714,,1.33,75152000000,21415000000,-16582000000,1670000000,1.566,-317000000
VOD,MRY,2015-12-31,2015-03-31,2015-03-31,2017-06-20,1815000000,122573000000,122206500000,19847000000,102726000000,0.346,2.502,-6390000000,6882000000,10217640796,30882000000,6073000000,0.687,0.829,35058000000,12623000000,22435000000,52050283501,0,0,0,0.056,1.82,1152000000,1152000000,0.027,1710363585,1710363585,1152000000,2.17,2.16,3.222,66145000000,68473500000,98204860580,118442768542,69,69.25,3325000000,0.126,0.674,11345000000,0.269,43490000000,0,78362000000,73771000000,482000000,7609000000,3855000000,3754000000,54840000000,28897000000,25943000000,86405790002,-3030000000,-2568000000,18000000,3084000000,-2927000000,-2418000000,-10327000000,692000000,9715000000,-221000000,5917000000,5917000000,8784914355,-57000000,156000000,0.14,9201000000,2144000000,16172000000,0.565,0.88,9.836,10.143,26603000000,0,32.68,1.378,13.782,12918000000,-49471000000,42227000000,62694030504,0,0.048,0.086,0.016,0.027,0,9201000000,0.1,26439960221,26439960221,,2.371,79083000000,24420000000,-4765000000,1194000000,2.991,-9050000000
VOD,MRY,2016-12-31,2016-03-31,2016-03-31,2017-06-20,31295000000,169107000000,145840000000,31938000000,137169000000,0.342,3.143,-8101000000,12922000000,18535120194,36713000000,-4839000000,0.764,1.008,57349000000,20260000000,37089000000,82260533046,0,0,0,0.054,1.74,-185000000,-185000000,-0.004,-265361185,-265361185,-185000000,-2.02,-2.02,-2.897,83325000000,74735000000,119520112226,128060500359,-482,-482.589,6235000000,0.235,0.697,13097000000,0.263,58564000000,0,113173000000,95767500000,716000000,10447000000,5337000000,5110000000,83971000000,41797000000,42174000000,84971079411,3419000000,32000000,25000000,8842000000,-4188000000,4082000000,-13871000000,1782000000,14336000000,-1128000000,-5122000000,-5122000000,-7346918869,0,283000000,-0.103,11551000000,1546000000,21795000000,-0.601,0.711,-11.566,-11.061,35515000000,0,32.05,1.189,11.893,17354000000,-95683000000,49810000000,71446706150,0,-0.035,-0.069,-0.002,-0.004,0,10982000000,0.1,26512038085,26512038085,,2.695,110543000000,29708000000,4937000000,1247000000,4.17,-9859000000
VOD,MRY,2017-12-31,2017-03-31,2017-03-31,2017-06-20,30057000000,154684000000,161895500000,25542000000,129142000000,0.294,2.719,-6242000000,8835000000,11032717282,34576000000,-5861000000,0.835,1.121,46574000000,12051000000,34523000000,58159340659,0,0,0,0.064,1.64,-1315000000,-1315000000,-0.028,-1642107892,-1642107892,-1315000000,-2.25,-2.25,-2.81,72200000000,77762500000,90159840159,117655260063,-71,-71.649,7981000000,0.301,0.801,13055000000,0.274,46220000000,0,115608000000,114390500000,576000000,12717000000,6120000000,6597000000,80965000000,30595000000,50370000000,67578282158,-3609000000,910000000,25000000,-648000000,-3714000000,-9096000000,-8423000000,1378000000,14223000000,-313000000,-6079000000,-6079000000,-7591158841,0,218000000,-0.128,10429000000,2626000000,18571000000,-0.584,0.75,-8.902,-9.056,30204000000,0,25.445,1.136,11.362,14430000000,-105851000000,47631000000,59479270729,0,-0.038,-0.078,-0.011,-0.028,0,10429000000,0.1,26558570312,26558570312,,2.24,108464000000,24450000000,4764000000,1196000000,4.084,-5053000000
