ticker,dimension,calendardate,datekey,reportperiod,lastupdated,accoci,assets,assetsavg,assetsc,assetsnc,assetturnover,bvps,capex,cashneq,cashnequsd,cor,consolinc,currentratio,de,debt,debtc,debtnc,debtusd,deferredrev,depamor,deposits,divyield,dps,ebit,ebitda,ebitdamargin,ebitdausd,ebitusd,ebt,eps,epsdil,epsusd,equity,equityavg,equityusd,ev,evebit,evebitda,fcf,fcfps,fxusd,gp,grossmargin,intangibles,intexp,invcap,invcapavg,inventory,investments,investmentsc,investmentsnc,liabilities,liabilitiesc,liabilitiesnc,marketcap,ncf,ncfbus,ncfcommon,ncfdebt,ncfdiv,ncff,ncfi,ncfinv,ncfo,ncfx,netinc,netinccmn,netinccmnusd,netincdis,netincnci,netmargin,opex,opinc,payables,payoutratio,pb,pe,pe1,ppnenet,prefdivis,price,ps,ps1,receivables,retearn,revenue,revenueusd,rnd,roa,roe,roic,ros,sbcomp,sgna,sharefactor,sharesbas,shareswa,shareswadil,sps,tangibles,taxassets,taxexp,taxliabilities,tbvps,workingcapital
VSTM,MRY,2011-12-31,2011-09-30,2011-09-30,2018-05-04,0,42364000,,41427000,937000,,-5.613,-762000,41507000,41507000,0,-8462000,20.631,-6.546,0,0,0,0,0,43000,0,,0.0,-8462000,-8419000,,-8419000,-8462000,-8462000,-7.7,-7.7,-7.7,-7639000,,-7639000,,,,-6390000,-5.825,1.0,0,,0,0,-1151000,,0,0,0,0,50003000,2008000,47995000,,41421000,0,39000,0,0,47897000,-848000,0,-5628000,0,-8462000,-8482000,-8482000,0,0,,8462000,-8462000,1246000,0.0,,,,719000,20000,,,,0,-8462000,0,0,5883000,,,,,794000,2579000,1.0,,1097000,1097000,0.0,42364000,0,0,0,31.127,39419000
VSTM,MRY,2012-12-31,2012-12-31,2012-12-31,2018-05-04,22000,92923000,102030500,57082000,35841000,0.0,4.452,-310000,10182000,10182000,0,-31984000,23.794,0.027,0,0,0,0,0,207000,0,0.0,0.0,-31984000,-31777000,,-31777000,-31984000,-31984000,-1.7,-1.7,-1.7,90466000,99030500,90466000,175619959,-5,-5.527,-22911000,-1.221,1.0,0,,0,0,80342000,83409250,0,81424000,46480000,34944000,2457000,2399000,58000,186831959,-10858000,0,57602000,0,0,57602000,-45859000,-45549000,-22601000,0,-31984000,-31990000,-31990000,0,0,,32230000,-32230000,1848000,0.0,2.065,-5.84,-5.171,811000,6000,8.79,,,0,-46451000,0,0,21712000,-0.314,-0.323,-0.383,,7400000,10518000,1.0,21255058,18765000,18765000,0.0,92923000,0,0,0,4.573,54683000
VSTM,MRY,2013-12-31,2013-12-31,2013-12-31,2018-05-04,28000,125261000,105973000,101955000,23306000,0.0,4.637,-56000,18975000,18975000,0,-41202000,13.064,0.067,0,0,0,0,0,236000,0,0.0,0.0,-41202000,-40966000,,-40966000,-41202000,-41202000,-1.82,-1.82,-1.82,117446000,100418250,117446000,269658144,-6,-6.582,-26361000,-1.162,1.0,0,,0,0,98482000,79445500,0,104767000,82423000,22344000,7815000,7804000,11000,292384144,8793000,0,59793000,0,0,58491000,-23393000,-23337000,-26305000,0,-41202000,-41202000,-41202000,0,0,,41402000,-41402000,2760000,0.0,2.49,-7.096,-6.264,631000,0,11.4,,,0,-87653000,0,0,25930000,-0.389,-0.41,-0.519,,9676000,15472000,1.0,25647732,22680000,22680000,0.0,125261000,0,0,0,4.945,94151000
VSTM,MRY,2014-12-31,2014-12-31,2014-12-31,2018-05-04,11000,98649000,104900000,95316000,3333000,0.0,3.381,-2429000,34104000,34104000,0,-53365000,10.356,0.111,0,0,0,0,0,427000,0,0.0,0.0,-53365000,-52938000,,-52938000,-53365000,-53365000,-2.07,-2.07,-2.07,88766000,96520250,88766000,215828934,-4,-4.077,-39331000,-1.524,1.0,0,,0,0,55341000,74197000,0,58774000,58774000,0,9883000,9204000,679000,236674934,15012000,0,9554000,0,0,8774000,43140000,45686000,-36902000,0,-53365000,-53365000,-53365000,0,0,,53607000,-53607000,3216000,0.0,2.666,-4.435,-4.415,2825000,0,9.14,,,0,-141018000,0,0,35448000,-0.509,-0.553,-0.719,,12360000,18159000,1.0,25894413,25804000,25804000,0.0,98649000,0,0,0,3.757,86112000
VSTM,MRY,2015-12-31,2015-12-31,2015-12-31,2018-05-04,43000,113094000,128614750,110843000,2251000,0.0,2.773,-211000,25073000,25073000,0,-57865000,10.965,0.104,0,0,0,0,0,754000,0,0.0,0.0,-57865000,-57111000,,-57111000,-57865000,-57865000,-1.61,-1.61,-1.61,102469000,117969500,102469000,48664735,0,-0.852,-45770000,-1.274,1.0,0,,0,0,77912000,90844500,0,85388000,85388000,0,10625000,10109000,516000,68698735,-9031000,0,64002000,0,0,63585000,-27057000,-26846000,-45559000,0,-57865000,-57865000,-57865000,0,0,,58199000,-58199000,3942000,0.0,0.67,-1.187,-1.155,2048000,0,1.86,,,0,-198883000,0,0,40565000,-0.45,-0.491,-0.637,,10085000,17634000,1.0,36934804,35932000,35932000,0.0,113094000,0,0,0,3.061,100734000
VSTM,MRY,2016-12-31,2016-12-31,2016-12-31,2018-05-04,29000,83629000,92665000,81295000,2334000,0.0,1.954,-39000,32511000,32511000,0,-36440000,7.397,0.157,0,0,0,0,0,670000,0,0.0,0.0,-36440000,-35770000,,-35770000,-36440000,-36440000,-0.99,-0.99,-0.99,72297000,84942250,72297000,3995508,0,-0.112,-29523000,-0.798,1.0,0,,0,0,40127000,54104500,0,48548000,48548000,0,11332000,10991000,341000,41431508,7479000,0,0,0,0,-5000,36968000,36966000,-29484000,0,-36440000,-36440000,-36440000,0,0,,37002000,-37002000,4095000,0.0,0.573,-1.137,-1.131,1417000,0,1.12,,,0,-235323000,0,0,19779000,-0.393,-0.429,-0.674,,6287000,17223000,1.0,36992418,36988000,36988000,0.0,83629000,0,0,0,2.261,70304000
VSTM,MRY,2017-12-31,2017-12-31,2017-12-31,2018-05-04,-2000,89791000,72754500,87787000,2004000,0.0,1.371,0,82338000,82338000,0,-67802000,5.125,0.557,14828000,0,14828000,14828000,0,556000,0,0.0,0.0,-67243000,-66687000,,-66687000,-67243000,-67802000,-1.76,-1.76,-1.76,57684000,51843250,57684000,75205445,-1,-1.128,-57310000,-1.492,1.0,0,,0,559000,5153000,15455500,0,4496000,4496000,0,32107000,17128000,14979000,124302445,49827000,0,48511000,14811000,0,63184000,43953000,43953000,-57310000,0,-67802000,-67802000,-67802000,0,0,,67804000,-67804000,9186000,0.0,2.155,-1.833,-1.744,861000,0,3.07,,,0,-303142000,0,0,46423000,-0.932,-1.308,-4.351,,5033000,21381000,1.0,40489396,38422000,38422000,0.0,89791000,0,0,0,2.134,70659000
