ticker,dimension,calendardate,datekey,reportperiod,lastupdated,accoci,assets,assetsavg,assetsc,assetsnc,assetturnover,bvps,capex,cashneq,cashnequsd,cor,consolinc,currentratio,de,debt,debtc,debtnc,debtusd,deferredrev,depamor,deposits,divyield,dps,ebit,ebitda,ebitdamargin,ebitdausd,ebitusd,ebt,eps,epsdil,epsusd,equity,equityavg,equityusd,ev,evebit,evebitda,fcf,fcfps,fxusd,gp,grossmargin,intangibles,intexp,invcap,invcapavg,inventory,investments,investmentsc,investmentsnc,liabilities,liabilitiesc,liabilitiesnc,marketcap,ncf,ncfbus,ncfcommon,ncfdebt,ncfdiv,ncff,ncfi,ncfinv,ncfo,ncfx,netinc,netinccmn,netinccmnusd,netincdis,netincnci,netmargin,opex,opinc,payables,payoutratio,pb,pe,pe1,ppnenet,prefdivis,price,ps,ps1,receivables,retearn,revenue,revenueusd,rnd,roa,roe,roic,ros,sbcomp,sgna,sharefactor,sharesbas,shareswa,shareswadil,sps,tangibles,taxassets,taxexp,taxliabilities,tbvps,workingcapital
WDFC,MRY,2011-12-31,2011-08-31,2011-08-31,2018-04-06,-358000,279777000,286691250,143156000,136621000,1.173,12.143,-2705000,56393000,56393000,168297000,36433000,2.64,0.39,10715000,10715000,0,10715000,0,4386000,0,0.026,1.08,54607000,58993000,0.175,58993000,54607000,53531000,2.16,2.14,2.16,201226000,208930500,201226000,621662826,11,10.538,27304000,1.625,1.0,168112000,0.5,125385000,1076000,54484000,50359250,17604000,533000,533000,0,78551000,54230000,24321000,681228826,-19535000,0,-21184000,-10714000,-18230000,-48933000,-3220000,-515000,30009000,2609000,36433000,36433000,36433000,0,0,0.108,113980000,54132000,19373000,0.5,3.385,18.698,19.046,8482000,0,41.14,2.025,2.055,58324000,176008000,336409000,336409000,0,0.127,0.174,1.084,0.162,1838000,112443000,1.0,16558795,16803000,16982000,20.021,154392000,4849000,17098000,23226000,9.316,88926000
WDFC,MRY,2012-12-31,2012-08-31,2012-08-31,2018-04-06,-2727000,300870000,295444750,166117000,134753000,1.16,11.769,-2598000,69719000,69719000,174302000,35485000,1.857,0.622,45000000,45000000,0,45000000,0,4869000,0,0.023,1.14,51642000,56511000,0.165,56511000,51642000,50913000,2.22,2.2,2.22,185462000,184444000,185462000,743859790,14,13.163,31651000,1.989,1.0,168482000,0.492,123003000,729000,63703000,57702500,29797000,1033000,1033000,0,115408000,89445000,25963000,770568790,13326000,0,-32810000,34285000,-18228000,-16082000,-3113000,-515000,34249000,-1728000,35485000,35485000,35485000,0,0,0.104,116753000,51729000,21242000,0.514,4.155,21.715,21.986,9063000,0,48.81,2.248,2.266,55491000,193265000,342784000,342784000,0,0.12,0.192,0.895,0.151,2098000,114620000,1.0,15787109,15914000,16046000,21.54,177867000,5551000,15428000,24814000,11.287,76672000
WDFC,MRY,2013-12-31,2013-08-31,2013-08-31,2018-04-06,-5043000,323064000,315655000,192143000,130921000,1.168,11.709,-2696000,53434000,53434000,179385000,39813000,1.633,0.8,63000000,63000000,0,63000000,0,5359000,0,0.021,1.22,57560000,62919000,0.171,62919000,57560000,56867000,2.55,2.54,2.55,179507000,182760000,179507000,901746776,15,14.332,48873000,3.15,1.0,189163000,0.513,119528000,693000,95457000,92585250,32433000,37516000,37516000,0,143557000,117645000,25912000,891019776,-16285000,0,-26646000,18000000,-19044000,-26840000,-39534000,-36838000,51569000,-1480000,39813000,39813000,39813000,0,0,0.108,132526000,56637000,19693000,0.478,4.964,22.38,22.816,8535000,0,58.18,2.418,2.45,56878000,214034000,368548000,368548000,0,0.126,0.218,0.622,0.156,1603000,129189000,1.0,15314881,15517000,15619000,23.751,203536000,5672000,17054000,25157000,13.276,74498000
WDFC,MRY,2014-12-31,2014-08-31,2014-08-31,2018-04-06,1103000,347680000,335124000,215654000,132026000,1.143,11.422,-3754000,57803000,57803000,184144000,43746000,1.42,1.052,98000000,98000000,0,98000000,0,5860000,0,0.019,1.33,63961000,69821000,0.182,69821000,63961000,62959000,2.89,2.87,2.89,169415000,177410000,169415000,1059727929,16,15.178,34976000,2.321,1.0,198853000,0.519,119170000,1002000,116796000,114593000,34989000,45050000,45050000,0,178265000,151911000,26354000,1021622929,4369000,0,-41489000,35000000,-20184000,-25842000,-10503000,-4950000,38730000,1984000,43746000,43746000,43746000,0,0,0.114,135116000,63737000,18031000,0.46,6.03,23.354,23.772,9702000,0,68.7,2.667,2.704,63618000,237596000,382997000,382997000,0,0.131,0.247,0.558,0.167,1432000,132499000,1.0,14870785,15072000,15148000,25.411,228510000,5855000,19213000,25782000,15.407,63743000
WDFC,MRY,2015-12-31,2015-08-31,2015-08-31,2018-04-06,-8722000,339257000,335830750,205252000,134005000,1.126,10.902,-5451000,53896000,53896000,177972000,44807000,4.279,1.149,108000000,0,108000000,108000000,0,6464000,0,0.018,1.48,64315000,70779000,0.187,70779000,64315000,63110000,3.05,3.04,3.05,157858000,158614500,157858000,1274319173,19,18.004,49613000,3.402,1.0,200178000,0.529,119370000,1205000,226019000,174105750,32052000,48603000,48603000,0,181399000,47972000,133427000,1213236173,-3907000,-4117000,-28148000,10000000,-21720000,-38663000,-16951000,-7383000,55064000,-3357000,44807000,44807000,44807000,0,0,0.118,134788000,65390000,17128000,0.485,7.686,27.077,27.456,11376000,0,83.74,3.208,3.229,58750000,260683000,378150000,378150000,0,0.133,0.282,0.369,0.17,1577000,131749000,1.0,14488132,14582000,14649000,25.933,219887000,5824000,18303000,25432000,15.186,157280000
WDFC,MRY,2016-12-31,2016-08-31,2016-08-31,2018-04-06,-27298000,339668000,346185500,209472000,130196000,1.1,9.864,-4053000,50891000,50891000,166301000,52628000,3.569,1.419,122000000,0,122000000,122000000,0,6465000,0,0.014,1.64,74492000,80957000,0.213,80957000,74492000,72789000,3.65,3.64,3.65,140395000,147890250,140395000,1755521509,23,21.685,56551000,3.946,1.0,214369000,0.563,114840000,1703000,237243000,243783750,31793000,57633000,57633000,0,199273000,58694000,140579000,1684894509,-3005000,0,-30931000,14000000,-23669000,-38536000,-20920000,-16867000,60604000,-4153000,52628000,52628000,52628000,0,0,0.138,143021000,71348000,18690000,0.449,12.001,32.015,32.425,11545000,0,118.35,4.426,4.456,64680000,289642000,380670000,380670000,0,0.152,0.356,0.306,0.196,1591000,140045000,1.0,14236540,14332000,14379000,26.561,224828000,621000,20161000,19746000,15.796,150778000
WDFC,MRY,2017-12-31,2017-08-31,2017-08-31,2018-04-06,-28075000,369717000,352851250,224854000,144863000,1.078,9.948,-19720000,37082000,37082000,166621000,52930000,2.981,1.652,154000000,20000000,134000000,154000000,0,6769000,0,0.017,1.89,77204000,83973000,0.221,83973000,77204000,74622000,3.73,3.72,3.73,139387000,132934250,139387000,1648901717,21,19.636,32617000,2.315,1.0,213885000,0.562,111841000,2582000,299371000,284601500,35340000,80166000,80166000,0,230330000,75423000,154907000,1527106717,-13809000,0,-30334000,32000000,-26808000,-23603000,-42291000,-22571000,52337000,-252000,52930000,52930000,52930000,0,0,0.139,137976000,75909000,20898000,0.507,10.956,28.851,29.209,29439000,0,108.95,4.013,4.034,64259000,315764000,380506000,380506000,0,0.15,0.398,0.271,0.203,2599000,135097000,1.0,14016583,14089000,14123000,27.007,257876000,495000,21692000,20255000,18.405,149431000
