ticker,dimension,calendardate,datekey,reportperiod,lastupdated,accoci,assets,assetsavg,assetsc,assetsnc,assetturnover,bvps,capex,cashneq,cashnequsd,cor,consolinc,currentratio,de,debt,debtc,debtnc,debtusd,deferredrev,depamor,deposits,divyield,dps,ebit,ebitda,ebitdamargin,ebitdausd,ebitusd,ebt,eps,epsdil,epsusd,equity,equityavg,equityusd,ev,evebit,evebitda,fcf,fcfps,fxusd,gp,grossmargin,intangibles,intexp,invcap,invcapavg,inventory,investments,investmentsc,investmentsnc,liabilities,liabilitiesc,liabilitiesnc,marketcap,ncf,ncfbus,ncfcommon,ncfdebt,ncfdiv,ncff,ncfi,ncfinv,ncfo,ncfx,netinc,netinccmn,netinccmnusd,netincdis,netincnci,netmargin,opex,opinc,payables,payoutratio,pb,pe,pe1,ppnenet,prefdivis,price,ps,ps1,receivables,retearn,revenue,revenueusd,rnd,roa,roe,roic,ros,sbcomp,sgna,sharefactor,sharesbas,shareswa,shareswadil,sps,tangibles,taxassets,taxexp,taxliabilities,tbvps,workingcapital
WEN,MRY,2011-12-31,2012-01-01,2012-01-01,2018-05-08,102000,4289129000,4508699250,735397000,3553732000,0.539,5.129,-146763000,475231000,475231000,1816109000,9875000,2.184,1.149,1356999000,6597000,1350402000,1356999000,0,145302000,0,0.015,0.08,130513000,275815000,0.113,275815000,130513000,16403000,0.02,0.02,0.02,1996069000,2071989250,1996069000,2953770592,22,10.709,99954000,0.257,1.0,615249000,0.253,2174719000,114110000,2659435000,2840319750,12903000,119271000,0,119271000,2293060000,336743000,1956317000,2085792592,-37277000,93675000,-151197000,-38702000,-32366000,-224584000,-58197000,-4844000,246717000,-1213000,9875000,9875000,9875000,8037000,0,0.004,478128000,137121000,81301000,4.0,1.045,211.22,268.0,1192200000,0,5.36,0.858,0.858,68349000,-434999000,2431358000,2431358000,0,0.002,0.005,0.046,0.054,17688000,292390000,1.0,389140409,389140409,,6.248,2114410000,80970000,6528000,458107000,5.434,398654000
WEN,MRY,2012-12-31,2012-12-30,2012-12-30,2018-05-08,5981000,4303199000,4304965750,709827000,3593372000,0.582,5.078,-197590000,453361000,453361000,1881248000,9467000,2.474,1.167,1457562000,12911000,1444651000,1457562000,0,154174000,0,0.021,0.1,84604000,238778000,0.095,238778000,84604000,-14000000,0.02,0.02,0.02,1985855000,1989628500,1985855000,2853564644,33,11.951,-7175000,-0.018,1.0,623994000,0.249,2177738000,98604000,2842800000,2772526000,13805000,113283000,0,113283000,2317344000,286862000,2030482000,1849828644,-21870000,-19585000,7806000,26289000,-39043000,-24129000,-189385000,27949000,190415000,1229000,7083000,7083000,7083000,-1509000,2384000,0.003,501247000,122747000,70826000,5.0,0.932,261.165,236.5,1250338000,0,4.73,0.738,0.738,61164000,-467007000,2505242000,2505242000,0,0.002,0.004,0.031,0.034,11473000,287808000,1.0,391084280,391084280,,6.406,2125461000,91489000,-21083000,438217000,5.435,422965000
WEN,MRY,2013-12-31,2013-12-29,2013-12-29,2018-05-08,-10337000,4363040000,4315167000,922411000,3440629000,0.562,4.926,-224245000,580152000,580152000,1780931000,44632000,2.639,1.261,1463828000,38543000,1425285000,1463828000,0,200219000,0,0.021,0.18,130188000,330407000,0.136,330407000,130188000,61544000,0.12,0.11,0.12,1929486000,1947705000,1929486000,4393483731,33,13.297,105602000,0.27,1.0,642738000,0.265,2148324000,68644000,2748866000,2735975000,10226000,83197000,0,83197000,2433554000,349526000,2084028000,3434992731,126791000,144500000,-26950000,-15293000,-70681000,-122901000,-76690000,21648000,329847000,-3465000,45487000,45487000,45487000,2903000,-855000,0.019,503408000,139330000,83700000,1.5,1.78,75.516,73.083,1165487000,0,8.77,1.417,1.417,62885000,-492215000,2423669000,2423669000,0,0.011,0.023,0.048,0.054,19613000,291544000,1.0,391675340,391675340,,6.188,2214716000,120206000,16057000,482499000,5.654,572885000
WEN,MRY,2014-12-31,2014-12-28,2014-12-28,2018-05-08,-31294000,4137599000,4157046500,562102000,3575497000,0.481,4.702,-298471000,267112000,267112000,1392931000,121434000,1.652,1.409,1438174000,53202000,1384972000,1438174000,0,159860000,0,0.023,0.205,249544000,409404000,0.205,409404000,249544000,197550000,0.33,0.32,0.33,1717576000,1728452750,1717576000,4362286675,17,10.655,-43695000,-0.12,1.0,605571000,0.303,2173869000,51994000,2794568000,2770638000,6861000,74054000,0,74054000,2420023000,340224000,2079799000,3258181675,-312876000,107432000,-270428000,-38380000,-75117000,-374562000,-187812000,1477000,254776000,-5278000,121434000,121434000,121434000,-5010000,0,0.061,362983000,242588000,77309000,0.621,1.897,26.831,27.03,1241170000,0,8.92,1.63,1.63,68211000,-445917000,1998502000,1998502000,0,0.029,0.07,0.09,0.125,18880000,260732000,1.0,365267004,365267004,,5.471,1963730000,73661000,76116000,493843000,5.376,221878000
WEN,MRY,2015-12-31,2016-01-03,2016-01-03,2018-05-08,-70823000,4108720000,4357470500,616569000,3492151000,0.429,2.753,-251622000,370085000,370085000,1231852000,161142000,2.294,4.457,2426113000,23290000,2402823000,2426113000,0,153732000,0,0.021,0.225,341358000,495090000,0.265,495090000,341358000,255291000,0.5,0.49,0.5,752914000,1228164250,752914000,5172805698,15,10.448,22692000,0.083,1.0,638445000,0.341,2110368000,86067000,3785606000,3601824500,4312000,58369000,0,58369000,3355806000,268774000,3087032000,2945373698,59940000,281564000,-1070765000,966777000,-71845000,-237558000,35380000,1804000,274314000,-12196000,161142000,161142000,161142000,-21163000,0,0.086,363975000,274470000,53681000,0.45,3.912,18.278,21.54,1227944000,0,10.77,1.575,1.575,104854000,-356632000,1870297000,1870297000,0,0.037,0.131,0.095,0.183,23231000,256553000,1.0,273479452,273479452,,6.839,1998352000,0,94149000,459713000,7.307,347795000
WEN,MRY,2016-12-31,2017-01-01,2017-01-01,2018-05-08,-63241000,3939314000,4084817000,452532000,3486782000,0.351,2.053,-150023000,255852000,255852000,812461000,129624000,1.967,6.465,2512282000,24652000,2487630000,2512282000,0,124304000,0,0.018,0.245,316492000,440796000,0.307,440796000,316492000,201690000,0.49,0.49,0.49,527736000,658266000,527736000,5641283764,17,12.798,38911000,0.151,1.0,622957000,0.434,2063941000,114802000,3901722000,3945685000,2851000,180585000,0,180585000,3411578000,230081000,3181497000,3475021764,-128976000,259964000,-317185000,-24617000,-63832000,-412061000,92107000,-2863000,188934000,2044000,129624000,129624000,129624000,0,0,0.09,308177000,314780000,27635000,0.5,6.585,26.808,27.592,1192339000,0,13.52,2.421,2.421,98825000,-290857000,1435418000,1435418000,0,0.032,0.197,0.08,0.22,18141000,245869000,1.0,257028237,257028237,,5.585,1875373000,0,72066000,446513000,7.296,222451000
WEN,MRY,2017-12-31,2017-12-31,2017-12-31,2018-05-08,-46198000,4096938000,4062049750,404353000,3692585000,0.301,2.367,-81710000,204080000,204080000,600962000,194029000,1.78,6.147,2754402000,30172000,2724230000,2754402000,0,125687000,0,0.017,0.28,219078000,344765000,0.282,344765000,219078000,101019000,0.79,0.77,0.79,573203000,511924000,573203000,6482078437,29,18.801,169930000,0.702,1.0,622446000,0.509,2064919000,118059000,4355179000,4230350000,3156000,285091000,0,285091000,3523735000,227162000,3296573000,3976870437,-26793000,-5272000,-113347000,-28270000,-68322000,-217084000,-67311000,-5264000,251640000,5962000,194029000,194029000,194029000,0,0,0.159,407688000,214758000,22764000,0.354,6.938,20.496,20.785,1263059000,0,16.42,3.251,3.251,114390000,-163289000,1223408000,1223408000,0,0.048,0.379,0.052,0.179,20928000,208581000,1.0,242196738,242196738,,5.051,2032019000,0,-93010000,299053000,8.39,177191000
