ticker,dimension,calendardate,datekey,reportperiod,lastupdated,accoci,assets,assetsavg,assetsc,assetsnc,assetturnover,bvps,capex,cashneq,cashnequsd,cor,consolinc,currentratio,de,debt,debtc,debtnc,debtusd,deferredrev,depamor,deposits,divyield,dps,ebit,ebitda,ebitdamargin,ebitdausd,ebitusd,ebt,eps,epsdil,epsusd,equity,equityavg,equityusd,ev,evebit,evebitda,fcf,fcfps,fxusd,gp,grossmargin,intangibles,intexp,invcap,invcapavg,inventory,investments,investmentsc,investmentsnc,liabilities,liabilitiesc,liabilitiesnc,marketcap,ncf,ncfbus,ncfcommon,ncfdebt,ncfdiv,ncff,ncfi,ncfinv,ncfo,ncfx,netinc,netinccmn,netinccmnusd,netincdis,netincnci,netmargin,opex,opinc,payables,payoutratio,pb,pe,pe1,ppnenet,prefdivis,price,ps,ps1,receivables,retearn,revenue,revenueusd,rnd,roa,roe,roic,ros,sbcomp,sgna,sharefactor,sharesbas,shareswa,shareswadil,sps,tangibles,taxassets,taxexp,taxliabilities,tbvps,workingcapital
WILC,MRY,2011-12-31,2011-12-31,2011-12-31,2018-04-30,587000,347683000,357483500,304052000,43631000,0.74,22.927,-1333000,34661000,9081012,202699000,18521000,8.252,0.12,0,0,0,0,0,3506000,0,0.0,0.0,22530000,26036000,0.098,6821304,5902750,22217000,1.35,1.35,0.354,310317000,305833500,81301539,30581645,5,4.483,35121000,2.595,3.817,61705000,0.233,36000,313000,276138000,235788500,32613000,163430000,163430000,0,37366000,36848000,518000,62086007,-78970000,0,-10141000,0,0,-11123000,-104301000,-99574000,36454000,0,18311000,18311000,4797392,-4172000,-210000,0.069,44617000,17088000,27296000,0.0,0.764,12.942,12.932,42545000,0,4.574,0.896,0.894,73348000,188371000,264404000,69272557,0,0.051,0.06,0.096,0.085,200000,44857000,1.0,13573679,13534954,13534954,5.118,347647000,933000,3906000,4551000,25.685,267204000
WILC,MRY,2012-12-31,2012-12-31,2012-12-31,2018-04-30,639000,384717000,366200000,342971000,41746000,0.782,25.718,-1359000,57563000,15425024,217468000,24006000,6.808,0.153,9930000,9930000,0,2660919,0,3134000,0,0.0,0.0,32173000,35307000,0.123,9461135,8621324,31763000,1.85,1.85,0.496,333761000,322039000,89437168,53369806,6,5.641,-8480000,-0.653,3.732,69041000,0.241,36000,410000,286673000,281405500,49270000,158810000,158810000,0,50956000,50375000,581000,61956805,22902000,0,-702000,9930000,0,9228000,20795000,8654000,-7121000,0,24006000,24006000,6432832,0,0,0.084,45584000,23457000,33223000,0.0,0.693,9.631,9.582,41628000,0,4.75,0.807,0.803,77328000,212377000,286509000,76775158,0,0.066,0.075,0.114,0.112,88000,45630000,1.0,13043538,12977481,12977481,5.916,384681000,20000,7757000,2117000,29.642,292596000
WILC,MRY,2013-12-31,2013-12-31,2013-12-31,2018-04-30,786000,395048000,389882500,353988000,41060000,0.862,28.198,-6048000,36197000,10423037,252355000,31808000,12.614,0.08,18000,18000,0,5183,0,4459000,0,0.0,0.0,42201000,46660000,0.139,13435890,12151907,41325000,2.45,2.45,0.705,365843000,349802000,105345618,92998338,7,6.922,-2318000,-0.179,3.473,83677000,0.249,36000,876000,330771000,308722000,54001000,178164000,178164000,0,29205000,28062000,1143000,106259066,-21366000,0,0,-9912000,0,-9912000,-15184000,-9136000,3730000,0,31808000,31808000,9159211,0,0,0.095,54484000,29193000,25527000,0.0,1.009,11.601,11.609,40974000,0,8.19,1.098,1.098,85626000,244185000,336032000,96761449,0,0.082,0.091,0.137,0.126,190000,54538000,1.0,12974245,12974245,12974245,7.458,395012000,0,9517000,1136000,30.446,325926000
WILC,MRY,2014-12-31,2014-12-31,2014-12-31,2018-04-30,0,411349000,403198500,365428000,45921000,0.815,29.756,-7108000,82902000,21075350,249136000,18854000,14.826,0.065,0,0,0,0,0,3634000,0,0.0,0.0,26415000,30049000,0.091,7639058,6715222,26040000,1.45,1.45,0.369,386066000,375954500,98145718,79487645,11,10.405,12545000,0.967,3.934,79605000,0.242,36000,375000,303763000,317267000,48586000,142178000,142178000,0,25283000,24648000,635000,89911517,46705000,0,0,-18000,0,-18000,27070000,34178000,19653000,0,18854000,18854000,4793064,0,0,0.057,55984000,23621000,22528000,0.0,0.916,18.759,18.8,45247000,0,6.93,1.076,1.076,90390000,263039000,328741000,83572554,0,0.047,0.05,0.083,0.08,2124000,58927000,1.0,12974245,12974245,12974245,6.441,411313000,1877000,7186000,0,31.702,340780000
WILC,MRY,2015-12-31,2015-12-31,2015-12-31,2018-04-30,0,418863000,415106000,370909000,47954000,0.753,30.534,-2538000,79421000,20423009,237452000,6844000,20.08,0.048,16000,16000,0,4114,0,3723000,0,0.0,0.0,10388000,14111000,0.045,3628625,2671261,9410000,0.52,0.52,0.134,399712000,392889000,102785435,32757935,12,9.028,11800000,0.901,3.889,75062000,0.24,36000,978000,320950000,312356500,34517000,165295000,165295000,0,19151000,18472000,679000,54102601,-3481000,0,0,16000,0,6806000,-24625000,-22087000,14338000,0,6844000,6844000,1759925,0,0,0.022,68037000,7025000,16516000,0.0,0.526,30.741,31.185,44167000,0,4.17,0.673,0.679,89843000,269883000,312514000,80362579,0,0.016,0.017,0.033,0.033,152000,70219000,1.0,12974245,13090729,13090729,6.139,418827000,5447000,2566000,0,31.994,352437000
WILC,MRY,2016-12-31,2016-12-31,2016-12-31,2018-04-30,0,411471000,415167000,366840000,44631000,0.709,29.53,-1725000,129577000,33641508,217585000,10852000,18.699,0.052,0,0,0,0,0,3762000,0,0.066,0.378,19322000,23084000,0.078,5993197,5016486,16179000,0.82,0.82,0.213,391004000,395358000,101514655,55314909,11,9.23,15627000,1.18,3.852,76617000,0.26,36000,3143000,262240000,291595000,41877000,104921000,104921000,0,20467000,19618000,849000,76400068,50156000,0,0,-16000,-19249000,-19265000,52069000,53794000,17352000,0,10852000,10852000,2817457,0,0,0.037,53870000,22747000,17365000,1.776,0.753,27.117,27.103,42241000,0,5.77,1.0,1.0,85022000,261486000,294202000,76382376,0,0.026,0.027,0.066,0.066,0,53982000,1.0,13240913,13240913,13240913,5.769,411435000,7797000,5327000,0,31.073,347222000
WILC,MRY,2017-12-31,2017-12-31,2017-12-31,2018-04-30,0,436922000,424196500,395174000,41748000,0.735,31.386,-2289000,113062000,32565534,237645000,25023000,19.57,0.051,0,0,0,0,0,3682000,0,0.0,0.0,34702000,38384000,0.123,11055840,9995305,30933000,1.89,1.89,0.544,415581000,403292500,119700849,59590390,5,5.39,12150000,0.918,3.472,74333000,0.238,36000,3769000,303631000,282935500,39899000,143514000,143514000,0,21341000,20193000,1148000,95202164,-16515000,0,0,0,0,0,-30954000,-28665000,14439000,0,25023000,25023000,7207438,0,0,0.08,57568000,16765000,18046000,0.0,0.795,13.209,13.208,41209000,0,7.19,1.059,1.059,91939000,286509000,311978000,89859814,0,0.059,0.062,0.123,0.111,0,57929000,1.0,13240913,13240913,13240913,6.787,436886000,7263000,5910000,0,32.995,374981000
