ticker,dimension,calendardate,datekey,reportperiod,lastupdated,accoci,assets,assetsavg,assetsc,assetsnc,assetturnover,bvps,capex,cashneq,cashnequsd,cor,consolinc,currentratio,de,debt,debtc,debtnc,debtusd,deferredrev,depamor,deposits,divyield,dps,ebit,ebitda,ebitdamargin,ebitdausd,ebitusd,ebt,eps,epsdil,epsusd,equity,equityavg,equityusd,ev,evebit,evebitda,fcf,fcfps,fxusd,gp,grossmargin,intangibles,intexp,invcap,invcapavg,inventory,investments,investmentsc,investmentsnc,liabilities,liabilitiesc,liabilitiesnc,marketcap,ncf,ncfbus,ncfcommon,ncfdebt,ncfdiv,ncff,ncfi,ncfinv,ncfo,ncfx,netinc,netinccmn,netinccmnusd,netincdis,netincnci,netmargin,opex,opinc,payables,payoutratio,pb,pe,pe1,ppnenet,prefdivis,price,ps,ps1,receivables,retearn,revenue,revenueusd,rnd,roa,roe,roic,ros,sbcomp,sgna,sharefactor,sharesbas,shareswa,shareswadil,sps,tangibles,taxassets,taxexp,taxliabilities,tbvps,workingcapital
WIT,MRY,2011-12-31,2011-03-31,2011-03-31,2017-08-18,0,371443000000,350685500000,232314000000,139129000000,0.774,49.165,-11690000000,61141000000,1371946434,186613000000,53321000000,2.309,0.547,52802000000,33043000000,19759000000,1184827130,6595000000,8211000000,0,0.026,0.19,63779000000,71990000000,0.265,1615387772,1431140668,61855000000,10.87,10.8,0.244,239680000000,217896000000,5378193378,35795911133,25,22.159,28747000000,5.897,44.565,84824000000,0.312,58369000000,1924000000,204117000000,184126500000,9707000000,56968000000,50991000000,5977000000,131072000000,100618000000,30454000000,35848823200,-3180000000,-140000000,25000000,-10818000000,-15585000000,-26378000000,-17239000000,-9369000000,40437000000,523000000,52977000000,52977000000,1188753966,-3051000000,676000000,0.195,30886000000,53938000000,42024000000,0.779,6.666,30.157,30.031,55094000000,0,7.325,5.886,5.863,85776000000,203250000000,271437000000,6090790537,0,0.151,0.243,0.346,0.235,1092000000,30886000000,1.0,4894037297,4874985842,4906819012,1.249,313074000000,15661000000,8878000000,12662000000,64.22,131696000000
WIT,MRY,2012-12-31,2012-03-31,2012-03-31,2017-08-18,0,436001000000,403722000000,273488000000,162513000000,0.79,58.233,-12203000000,77666000000,1531650454,225794000000,55987000000,2.324,0.525,58958000000,36448000000,22510000000,1162710162,9569000000,10129000000,0,0.013,0.07,72056000000,82185000000,0.258,1620769610,1421015697,68685000000,11.38,11.35,0.224,285314000000,262497000000,5626674706,26812714465,18,16.543,27873000000,5.689,50.707,92953000000,0.292,72166000000,3371000000,227442000000,215779500000,10662000000,50123000000,43429000000,6694000000,149838000000,117685000000,32153000000,26998500595,14623000000,-7920000000,22000000,-190000000,-17229000000,-17397000000,-8056000000,6268000000,40076000000,1680000000,55730000000,55730000000,1099050805,-3419000000,500000000,0.175,36369000000,56584000000,47258000000,0.312,4.798,24.565,24.507,58988000000,0,5.5,4.295,4.287,110353000000,241912000000,318747000000,6286006584,0,0.138,0.212,0.334,0.226,949000000,36369000000,1.0,4908818290,4899554914,4915023076,1.283,363835000000,18519000000,12955000000,12988000000,74.259,155803000000
WIT,MRY,2013-12-31,2013-03-31,2013-03-31,2017-08-18,0,439730000000,437865500000,307403000000,132327000000,0.855,57.845,-10145000000,84838000000,1561855511,260665000000,66696000000,2.124,0.545,63816000000,62962000000,854000000,1174843481,10347000000,10835000000,0,0.012,0.06,85964000000,96799000000,0.259,1782055819,1582585010,83271000000,13.53,13.49,0.249,283812000000,284563000000,5224938545,24489657369,15,13.742,60277000000,12.285,54.319,113591000000,0.304,56470000000,2693000000,217498000000,222470000000,3263000000,72253000000,72202000000,51000000,154747000000,144740000000,10007000000,24833437902,6128000000,-15643000000,9000000,10350000000,-17080000000,-6721000000,-57573000000,-39161000000,70422000000,789000000,66359000000,66359000000,1221659749,-5012000000,659000000,0.177,46245000000,67346000000,48067000000,0.241,4.753,20.328,20.274,50525000000,0,5.05,3.604,3.596,108623000000,259178000000,374256000000,6889999719,0,0.152,0.233,0.386,0.23,643000000,46245000000,1.0,4917512456,4906437518,4918368642,1.404,383260000000,21951000000,16912000000,15862000000,78.114,162663000000
WIT,MRY,2014-12-31,2014-03-31,2014-03-31,2017-08-18,0,502304000000,471017000000,354686000000,147618000000,0.922,69.966,-7822000000,114201000000,1907646018,295488000000,78405000000,2.605,0.458,51592000000,40683000000,10909000000,861807457,12767000000,11106000000,0,0.01,0.07,103458000000,114564000000,0.264,1913709674,1728191888,100567000000,15.88,15.83,0.265,343499000000,313655500000,5737905095,32642475447,18,17.057,60075000000,12.237,59.865,138781000000,0.32,65358000000,2891000000,238185000000,227841500000,2293000000,67180000000,64218000000,2962000000,157418000000,136152000000,21266000000,33003325382,30151000000,-6078000000,6000000,-11705000000,-23273000000,-34972000000,-2774000000,-249000000,67897000000,-69000000,77967000000,77967000000,1302382966,0,438000000,0.18,52786000000,85995000000,51917000000,0.264,5.752,25.341,25.258,51449000000,0,6.7,4.55,4.534,124726000000,314952000000,434269000000,7254153019,0,0.166,0.249,0.454,0.238,513000000,52786000000,1.0,4925869460,4909490868,4925253478,1.478,436946000000,23328000000,22600000000,17726000000,89.0,218534000000
WIT,MRY,2015-12-31,2015-03-31,2015-03-31,2017-08-18,0,600033000000,551168500000,436492000000,163541000000,0.852,83.103,-11272000000,158940000000,2539373145,321284000000,87059000000,2.661,0.467,78913000000,66206000000,12707000000,1260787422,16549000000,12823000000,0,0.03,0.2,111152000000,123975000000,0.264,1980739811,1775867647,111152000000,17.63,17.57,0.282,407982000000,375740500000,6518299575,31782729231,17,16.046,66990000000,13.645,62.59,148261000000,0.316,76009000000,0,279968000000,259076500000,4849000000,63588000000,58985000000,4603000000,190405000000,164029000000,26376000000,32851346076,43923000000,-11331000000,1005000000,19962000000,-29490000000,-8766000000,-25573000000,-15176000000,78262000000,589000000,86528000000,86528000000,1382451739,0,531000000,0.184,56475000000,91786000000,58745000000,0.71,5.04,23.763,23.644,54206000000,0,6.66,4.379,4.358,133869000000,372248000000,469545000000,7501887274,0,0.157,0.23,0.429,0.237,1138000000,56475000000,1.0,4932634546,4909363300,4925158322,1.528,524024000000,20844000000,24624000000,17971000000,106.74,272463000000
WIT,MRY,2016-12-31,2016-03-31,2016-03-31,2017-08-18,0,724003000000,662018000000,502825000000,221178000000,0.774,94.68,-13172000000,99049000000,1494217673,356724000000,89567000000,2.301,0.552,125221000000,107860000000,17361000000,1889039074,18076000000,14965000000,0,0.014,0.09,114441000000,129406000000,0.253,1952172483,1726415862,114441000000,18.13,18.09,0.274,465172000000,436577000000,7017417881,29800703006,17,15.265,65701000000,13.373,66.288,155716000000,0.304,117832000000,0,413782000000,346875000000,5390000000,214960000000,209793000000,5167000000,256619000000,218561000000,38058000000,31060561418,-60870000000,-39373000000,4000000,33903000000,-35494000000,-1587000000,-138156000000,-103979000000,78873000000,549000000,89075000000,89075000000,1343753488,0,492000000,0.174,62723000000,92993000000,68187000000,0.329,4.426,23.115,22.998,64952000000,0,6.29,4.018,3.998,149249000000,425118000000,512440000000,7730485968,0,0.135,0.204,0.33,0.223,1534000000,62723000000,1.0,4938086076,4913118800,4923379816,1.573,606171000000,23849000000,25366000000,20354000000,123.378,284264000000
WIT,MRY,2017-12-31,2017-03-31,2017-03-31,2017-08-18,0,793516000000,758759500000,538898000000,254618000000,0.725,107.123,-19646000000,52710000000,811734811,391544000000,85143000000,2.348,0.521,142412000000,122801000000,19611000000,2193146993,16150000000,23107000000,0,0.004,0.02,110108000000,133215000000,0.242,2051513051,1695664895,110108000000,17.48,17.43,0.269,520304000000,492738000000,8012689612,25665409523,15,12.51,73127000000,15.056,64.935,158858000000,0.289,141718000000,0,511957000000,462869500000,3915000000,308986000000,301777000000,7209000000,270821000000,229543000000,41278000000,25275396956,-46262000000,-29236000000,-25000000000,11120000000,-8734000000,-22752000000,-116283000000,-83599000000,92773000000,-1412000000,84895000000,84895000000,1307384307,0,248000000,0.154,68756000000,90102000000,65486000000,0.074,3.154,19.333,19.001,69794000000,0,5.115,2.982,2.931,143939000000,490930000000,550402000000,8476199276,0,0.112,0.172,0.238,0.2,1742000000,72838000000,1.0,4941426580,4857081010,4871347138,1.745,651798000000,24910000000,25213000000,24262000000,134.195,309355000000
