ticker,dimension,calendardate,datekey,reportperiod,lastupdated,accoci,assets,assetsavg,assetsc,assetsnc,assetturnover,bvps,capex,cashneq,cashnequsd,cor,consolinc,currentratio,de,debt,debtc,debtnc,debtusd,deferredrev,depamor,deposits,divyield,dps,ebit,ebitda,ebitdamargin,ebitdausd,ebitusd,ebt,eps,epsdil,epsusd,equity,equityavg,equityusd,ev,evebit,evebitda,fcf,fcfps,fxusd,gp,grossmargin,intangibles,intexp,invcap,invcapavg,inventory,investments,investmentsc,investmentsnc,liabilities,liabilitiesc,liabilitiesnc,marketcap,ncf,ncfbus,ncfcommon,ncfdebt,ncfdiv,ncff,ncfi,ncfinv,ncfo,ncfx,netinc,netinccmn,netinccmnusd,netincdis,netincnci,netmargin,opex,opinc,payables,payoutratio,pb,pe,pe1,ppnenet,prefdivis,price,ps,ps1,receivables,retearn,revenue,revenueusd,rnd,roa,roe,roic,ros,sbcomp,sgna,sharefactor,sharesbas,shareswa,shareswadil,sps,tangibles,taxassets,taxexp,taxliabilities,tbvps,workingcapital
WLDN,MRY,2011-12-31,2011-12-28,2011-12-28,2018-05-05,0,64311000,56392500,42354000,21957000,1.9,4.714,-389000,3001000,3001000,64727000,1830000,1.447,0.875,3543000,2796000,747000,3543000,752000,944000,0,0.0,0.0,3407000,4351000,0.041,4351000,3407000,3330000,0.25,0.24,0.25,34293000,33508000,34293000,25650934,7,5.895,-1072000,-0.148,1.0,42438000,0.396,15257000,77000,20325000,17080500,0,0,0,0,30018000,29271000,747000,28942934,-3641000,-2733000,100000,64000,0,164000,-3122000,0,-683000,0,1830000,1830000,1830000,0,0,0.017,39037000,3401000,8182000,0.0,0.844,15.816,15.92,1217000,0,3.98,0.27,0.27,37629000,155000,107165000,107165000,0,0.032,0.055,0.199,0.032,201000,39037000,1.0,7272094,7262000,7485000,14.757,49054000,5100000,1500000,7349000,6.744,13083000
WLDN,MRY,2012-12-31,2012-12-28,2012-12-28,2018-05-05,0,41977000,49468000,37227000,4750000,1.889,2.367,-339000,10006000,10006000,58959000,-17300000,1.543,1.419,5466000,4968000,498000,5466000,3419000,737000,0,0.0,0.0,-19277000,-18540000,-0.198,-18540000,-19277000,-19383000,-2.37,-2.37,-2.37,17351000,20869500,17351000,12419863,0,-0.67,4343000,0.594,1.0,34484000,0.369,12000,106000,13297000,15774000,0,0,0,0,24626000,24128000,498000,16357863,7005000,0,131000,2531000,0,2662000,-339000,0,4682000,0,-17300000,-17300000,-17300000,0,0,-0.185,53739000,-19255000,6983000,0.0,0.943,-0.946,-0.941,979000,0,2.23,0.175,0.174,25439000,-17145000,93443000,93443000,0,-0.35,-0.829,-1.222,-0.206,227000,53739000,1.0,7335365,7310000,7310000,12.783,41965000,3452000,-2083000,3452000,5.724,13099000
WLDN,MRY,2013-12-31,2013-12-27,2013-12-27,2018-05-05,0,38237000,37474250,33525000,4712000,2.282,2.741,-279000,8134000,8134000,48929000,2630000,1.881,0.892,2324000,2119000,205000,2324000,2247000,585000,0,0.0,0.0,2856000,3441000,0.04,3441000,2856000,2762000,0.36,0.35,0.36,20213000,19024750,20213000,27429605,9,7.971,934000,0.127,1.0,36581000,0.428,0,94000,14608000,12513500,0,0,0,0,18024000,17819000,205000,36209605,-2157000,0,82000,-3173000,0,-3091000,-279000,0,1213000,0,2630000,2630000,2630000,0,0,0.031,33973000,2608000,3957000,0.0,1.791,13.768,13.639,691000,0,4.91,0.423,0.422,23014000,-14515000,85510000,85510000,0,0.07,0.138,0.228,0.033,150000,33973000,1.0,7374665,7355000,7495000,11.626,38237000,3688000,132000,3688000,5.186,15706000
WLDN,MRY,2014-12-31,2015-01-02,2015-01-02,2018-05-05,0,49330000,46334250,45984000,3346000,2.333,3.985,-487000,18173000,18173000,63818000,9416000,2.493,0.622,1149000,679000,470000,1149000,3863000,460000,0,0.0,0.0,8442000,8902000,0.082,8902000,8442000,8426000,1.26,1.22,1.26,30413000,25948250,30413000,98870862,11,11.107,11409000,1.524,1.0,44262000,0.41,0,16000,13859000,14071500,0,0,0,0,18917000,18447000,470000,110591862,11512000,0,526000,-423000,0,103000,-487000,0,11896000,0,9416000,9416000,9416000,0,0,0.087,35953000,8309000,3237000,0.0,3.636,11.745,11.508,1384000,0,14.5,1.023,1.005,25567000,-5099000,108080000,108080000,0,0.203,0.363,0.6,0.078,258000,35953000,1.0,7627025,7488000,7739000,14.434,49330000,1427000,-990000,0,6.464,27537000
WLDN,MRY,2015-12-31,2016-01-01,2016-01-01,2018-05-05,0,72345000,75040250,50515000,21830000,1.8,4.771,-2468000,16487000,16487000,82080000,4259000,1.803,0.923,6560000,4483000,2077000,6560000,6218000,2072000,0,0.0,0.0,7548000,9620000,0.071,9620000,7548000,7341000,0.54,0.52,0.54,37616000,35926500,37616000,57290647,7,5.955,5634000,0.719,1.0,53023000,0.392,17642000,207000,16760000,17066500,0,0,0,0,34729000,28016000,6713000,66135647,-1686000,-8168000,682000,166000,0,848000,-10636000,0,8102000,0,4259000,4259000,4259000,0,0,0.032,45493000,7530000,11286000,0.0,1.758,15.528,15.519,3684000,0,8.38,0.49,0.486,31946000,-840000,135103000,135103000,0,0.057,0.119,0.442,0.056,777000,45493000,1.0,7892082,7834000,8113000,17.246,54703000,0,3082000,331000,6.938,22499000
WLDN,MRY,2016-12-31,2016-12-30,2016-12-30,2018-05-05,0,108347000,102737750,75241000,33106000,2.034,5.99,-1647000,22668000,22668000,143260000,8299000,1.474,1.17,7304000,4306000,2998000,7304000,8377000,3220000,0,0.0,0.0,11546000,14766000,0.071,14766000,11546000,11367000,1.01,0.97,1.01,49918000,45907000,49918000,177288995,15,12.007,19953000,2.428,1.0,65681000,0.314,27888000,179000,14043000,19418000,0,0,0,0,58429000,51052000,7377000,188069995,6181000,-8857000,536000,-4167000,0,-4915000,-10504000,0,21600000,0,8299000,8299000,8299000,0,0,0.04,54137000,11544000,21857000,0.0,3.768,22.662,22.366,4511000,0,22.59,0.9,0.889,49972000,7459000,208941000,208941000,0,0.081,0.181,0.595,0.055,1239000,54137000,1.0,8325365,8219000,8565000,25.422,80459000,0,3068000,1842000,9.655,24189000
WLDN,MRY,2017-12-31,2017-12-29,2017-12-29,2018-05-05,0,138172000,126677500,83190000,54982000,2.158,8.387,-2178000,14424000,14424000,196662000,12129000,1.476,0.956,3946000,672000,3274000,3946000,0,4082000,0,0.0,0.0,13802000,17884000,0.065,17884000,13802000,13691000,1.42,1.32,1.42,70652000,62686500,70652000,208109547,15,11.637,8891000,1.041,1.0,76690000,0.281,48850000,111000,22486000,21852500,0,0,0,0,67520000,56358000,11162000,209802547,-8244000,-14603000,2731000,-3554000,0,-2532000,-16781000,0,11069000,0,12129000,12129000,12129000,0,0,0.044,62986000,13704000,30134000,0.0,2.97,17.298,16.859,5306000,0,23.94,0.768,0.748,40274000,19588000,273352000,273352000,0,0.096,0.193,0.632,0.05,2774000,62986000,1.0,8763682,8541000,9155000,32.005,89322000,0,1562000,2463000,10.603,26832000
