ticker,dimension,calendardate,datekey,reportperiod,lastupdated,accoci,assets,assetsavg,assetsc,assetsnc,assetturnover,bvps,capex,cashneq,cashnequsd,cor,consolinc,currentratio,de,debt,debtc,debtnc,debtusd,deferredrev,depamor,deposits,divyield,dps,ebit,ebitda,ebitdamargin,ebitdausd,ebitusd,ebt,eps,epsdil,epsusd,equity,equityavg,equityusd,ev,evebit,evebitda,fcf,fcfps,fxusd,gp,grossmargin,intangibles,intexp,invcap,invcapavg,inventory,investments,investmentsc,investmentsnc,liabilities,liabilitiesc,liabilitiesnc,marketcap,ncf,ncfbus,ncfcommon,ncfdebt,ncfdiv,ncff,ncfi,ncfinv,ncfo,ncfx,netinc,netinccmn,netinccmnusd,netincdis,netincnci,netmargin,opex,opinc,payables,payoutratio,pb,pe,pe1,ppnenet,prefdivis,price,ps,ps1,receivables,retearn,revenue,revenueusd,rnd,roa,roe,roic,ros,sbcomp,sgna,sharefactor,sharesbas,shareswa,shareswadil,sps,tangibles,taxassets,taxexp,taxliabilities,tbvps,workingcapital
WMK,MRY,2011-12-31,2011-12-31,2011-12-31,2018-05-10,5448000,1029004000,1011319500,415562000,613442000,2.722,27.73,-108420000,37392000,37392000,2016649000,75584000,2.166,0.38,0,0,0,0,6197000,59383000,0,0.079,3.17,117606000,176989000,0.064,176989000,117606000,117606000,2.81,2.81,2.81,745886000,749425000,745886000,996048813,8,5.628,43989000,1.635,1.0,735855000,0.267,38439000,0,761353000,722353500,226191000,89348000,89348000,0,283118000,191820000,91298000,1074323813,-71870000,0,0,0,-58370000,-58370000,-165909000,-57368000,152409000,0,75584000,75584000,75584000,0,0,0.027,621575000,114280000,132092000,1.128,1.44,14.214,14.214,575003000,0,39.94,0.39,0.39,52410000,881346000,2752504000,2752504000,0,0.075,0.101,0.163,0.043,0,621575000,1.0,26898443,26898443,26898443,102.329,990565000,1226000,42022000,77211000,36.826,223742000
WMK,MRY,2012-12-31,2012-12-29,2012-12-29,2018-05-10,5019000,1090440000,1069234750,413157000,677283000,2.526,29.581,-107232000,14381000,14381000,1958852000,82511000,2.253,0.37,0,0,0,0,6635000,50651000,0,0.031,1.2,130914000,181565000,0.067,181565000,130914000,130914000,3.07,3.07,3.07,795690000,777323000,795690000,1003149946,7,5.525,16729000,0.622,1.0,742553000,0.275,38649000,0,854001000,802650000,245243000,82501000,82501000,0,294750000,183409000,111341000,1037472946,-16118000,-6116000,0,0,-32278000,-32278000,-107801000,5986000,123961000,0,82511000,82511000,82511000,0,0,0.031,615521000,127032000,126258000,0.391,1.304,12.574,12.564,638634000,0,38.57,0.384,0.384,53842000,931579000,2701405000,2701405000,0,0.077,0.106,0.163,0.048,0,615521000,1.0,26898443,26898443,26898443,100.43,1051791000,0,48403000,93888000,39.102,229748000
WMK,MRY,2013-12-31,2013-12-28,2013-12-28,2018-05-10,3939000,1148242000,1131157750,404748000,743494000,2.38,31.007,-123604000,17965000,17965000,1947120000,73186000,2.095,0.377,0,0,0,0,7056000,58275000,0,0.023,1.2,118356000,176631000,0.066,176631000,118356000,118356000,2.72,2.72,2.72,834053000,822782250,834053000,1347900343,11,7.631,19028000,0.707,1.0,745468000,0.277,38509000,0,898548000,873685500,240452000,63093000,63093000,0,314189000,193220000,120969000,1376124343,3584000,780000,0,0,-32278000,-32278000,-106770000,16991000,142632000,0,73186000,73186000,73186000,0,0,0.027,631796000,113672000,133568000,0.441,1.65,18.803,18.809,704985000,0,51.16,0.511,0.511,57193000,971022000,2692588000,2692588000,0,0.065,0.089,0.135,0.044,0,631796000,1.0,26898443,26898443,26898443,100.102,1109733000,0,45170000,103781000,41.256,211528000
WMK,MRY,2014-12-31,2014-12-27,2014-12-27,2018-05-10,4829000,1191119000,1163614500,434393000,756726000,2.386,31.406,-75563000,22986000,22986000,2023721000,54381000,2.121,0.41,0,0,0,0,6720000,66869000,0,0.025,1.2,83662000,150531000,0.054,150531000,83662000,83662000,2.02,2.02,2.02,844763000,846328250,844763000,1247590322,14,8.288,47547000,1.768,1.0,752962000,0.271,39866000,0,923469000,905918000,239641000,73959000,73959000,0,346356000,204798000,141558000,1272834322,5021000,0,0,0,-32278000,-32278000,-85811000,-8769000,123110000,0,54381000,54381000,54381000,0,0,0.02,671587000,81375000,144812000,0.594,1.507,23.406,23.426,716860000,0,47.32,0.458,0.458,70642000,980842000,2776683000,2776683000,0,0.047,0.064,0.092,0.03,0,671587000,1.0,26898443,26898443,26898443,103.228,1151253000,612000,29281000,97280000,42.8,229595000
WMK,MRY,2015-12-31,2015-12-26,2015-12-26,2018-05-10,4761000,1235959000,1203500750,454650000,781309000,2.39,32.409,-88281000,17596000,17596000,2090016000,59330000,2.049,0.418,0,0,0,0,6898000,70114000,0,0.026,1.2,92331000,162445000,0.056,162445000,92331000,92331000,2.21,2.21,2.21,871747000,867174500,871747000,1211567486,13,7.458,48452000,1.801,1.0,786732000,0.273,42324000,0,954111000,933965250,229399000,91629000,91629000,0,364212000,221928000,142284000,1235445486,-5390000,0,0,0,-32278000,-32278000,-109845000,-18915000,136733000,0,59330000,59330000,59330000,0,0,0.021,695953000,90779000,160441000,0.543,1.417,20.823,20.783,738985000,0,45.93,0.429,0.429,88083000,1007894000,2876748000,2876748000,0,0.049,0.068,0.099,0.032,0,695953000,1.0,26898443,26898443,26898443,106.948,1193635000,1666000,33001000,97020000,44.376,232722000
WMK,MRY,2016-12-31,2016-12-31,2016-12-31,2018-05-10,4852000,1431304000,1298275250,483866000,947438000,2.416,34.453,-141702000,14653000,14653000,2264565000,87162000,1.752,0.544,64476000,0,64476000,64476000,6730000,76862000,0,0.018,1.2,124661000,201523000,0.064,201523000,124661000,124661000,3.24,3.24,3.24,926722000,899418000,926722000,1825482930,14,9.058,9891000,0.368,1.0,872155000,0.278,69243000,0,1135718000,1011775750,276783000,67171000,67171000,0,504582000,276166000,228416000,1797891930,-2943000,-63432000,0,64476000,-32278000,32198000,-186734000,20968000,151593000,0,87162000,87162000,87162000,0,0,0.028,773830000,98325000,199159000,0.37,1.94,20.627,20.63,878195000,0,66.84,0.573,0.573,96170000,1062778000,3136720000,3136720000,0,0.067,0.097,0.123,0.04,0,773830000,1.0,26898443,26898443,26898443,116.613,1362061000,1625000,37499000,119445000,50.637,207700000
WMK,MRY,2017-12-31,2017-12-30,2017-12-30,2018-05-10,5880000,1441739000,1409943500,483314000,958425000,2.459,36.911,-93611000,47917000,47917000,2540348000,98414000,1.762,0.452,34988000,0,34988000,34988000,7217000,85415000,0,0.029,1.2,79023000,164438000,0.047,164438000,79023000,79023000,3.66,3.66,3.66,992844000,950395000,992844000,1145258555,14,6.965,72203000,2.684,1.0,926459000,0.267,72182000,0,1082286000,1124298500,279509000,63665000,63665000,0,448895000,274342000,174553000,1113326555,6652000,0,0,-29488000,-32278000,-61766000,-97396000,-220000,165814000,0,98414000,98414000,98414000,0,0,0.028,850034000,76425000,216252000,0.328,1.121,11.313,11.309,886243000,0,41.39,0.321,0.321,56265000,1127872000,3466807000,3466807000,0,0.07,0.104,0.07,0.023,0,850034000,1.0,26898443,26898443,26898443,128.885,1369557000,2047000,-19391000,87422000,50.916,208972000
