ticker,dimension,calendardate,datekey,reportperiod,lastupdated,accoci,assets,assetsavg,assetsc,assetsnc,assetturnover,bvps,capex,cashneq,cashnequsd,cor,consolinc,currentratio,de,debt,debtc,debtnc,debtusd,deferredrev,depamor,deposits,divyield,dps,ebit,ebitda,ebitdamargin,ebitdausd,ebitusd,ebt,eps,epsdil,epsusd,equity,equityavg,equityusd,ev,evebit,evebitda,fcf,fcfps,fxusd,gp,grossmargin,intangibles,intexp,invcap,invcapavg,inventory,investments,investmentsc,investmentsnc,liabilities,liabilitiesc,liabilitiesnc,marketcap,ncf,ncfbus,ncfcommon,ncfdebt,ncfdiv,ncff,ncfi,ncfinv,ncfo,ncfx,netinc,netinccmn,netinccmnusd,netincdis,netincnci,netmargin,opex,opinc,payables,payoutratio,pb,pe,pe1,ppnenet,prefdivis,price,ps,ps1,receivables,retearn,revenue,revenueusd,rnd,roa,roe,roic,ros,sbcomp,sgna,sharefactor,sharesbas,shareswa,shareswadil,sps,tangibles,taxassets,taxexp,taxliabilities,tbvps,workingcapital
WMS,MRY,2012-12-31,2012-03-31,2012-03-31,2018-02-09,,,,,,,,-29863000,,,818398000,44431000,,,,,,,,55171000,,,0.0,92161000,147332000,0.145,147332000,92161000,70324000,0.63,0.62,0.63,,,,,,,27134000,0.586,1.0,195358000,0.193,,21837000,,,,,,,,,,,-69000,-8772000,-663000,-4074000,-4931000,-21233000,-35833000,0,56997000,0,43260000,29060000,29060000,0,1171000,0.029,100305000,95053000,,0.0,,,,,14200000,,,,,,1013756000,1013756000,0,,,,0.091,6382000,133552000,,,46293000,47051000,21.899,,,27064000,,,
WMS,MRY,2013-12-31,2013-03-31,2013-03-31,2018-02-09,-856000,907739000,,387421000,520318000,,-6.617,-39835000,1361000,1361000,829141000,23180000,2.318,-1.894,349990000,11942000,338048000,349990000,0,63102000,0,,0.0,55121000,118223000,0.116,118223000,55121000,36595000,0.28,0.27,0.28,-308987000,,-308987000,,,,35518000,0.761,1.0,187961000,0.185,164976000,18526000,924247000,,232409000,0,0,0,585115000,167145000,417970000,,-721000,-3995000,-249000,-30024000,-6155000,-31338000,-44796000,0,75353000,60000,20660000,12877000,12877000,0,2520000,0.013,130483000,57478000,110251000,0.0,,,,294901000,7783000,,,,146478000,87331000,1017102000,1017102000,0,,,,0.054,9363000,121406000,1.0,,46698000,47249000,21.78,742763000,7173000,15935000,83625000,15.906,220276000
WMS,MRY,2014-12-31,2014-03-31,2014-03-31,2018-02-09,-6830000,989567000,948653000,426558000,563009000,1.126,-8.993,-40933000,3931000,3931000,875232000,7974000,2.299,-1.757,500778000,23517000,477261000,500778000,0,63674000,0,,0.0,42825000,106499000,0.1,106499000,42825000,24018000,-0.21,-0.21,-0.21,-433286000,-371136500,-433286000,,,,31477000,0.666,1.0,192548000,0.18,147211000,18807000,1153649000,1038948000,259891000,0,0,0,761318000,185554000,575764000,,2570000,2927000,-1063000,89550000,-115058000,-31109000,-38712000,0,72410000,-19000,4381000,-9762000,-9762000,0,3593000,-0.009,144221000,48327000,110972000,0.0,,,,350351000,14143000,,,,148271000,-2412000,1067780000,1067780000,0,-0.01,0.026,0.041,0.04,37432000,136939000,1.0,,47277000,47277000,22.586,842356000,14465000,19637000,74313000,17.484,241004000
WMS,MRY,2015-12-31,2015-03-31,2015-03-31,2018-02-09,-15521000,1038124000,1033895000,444410000,593714000,1.141,3.015,-32080000,3623000,3623000,974960000,-3696000,2.063,4.685,461129000,25311000,435818000,461129000,0,65472000,0,0.003,0.08,17825000,83297000,0.071,83297000,17825000,-1543000,-0.38,-0.38,-0.38,160712000,3671750,160712000,1922263705,107,23.077,42299000,0.824,1.0,205113000,0.174,156734000,19368000,1123433000,1149868250,260550000,0,0,0,752978000,215463000,537515000,1594591705,-308000,-43413000,81114000,-63431000,-7869000,1791000,-76093000,0,74379000,-385000,-7827000,-19553000,-19553000,0,4131000,-0.017,166452000,38661000,111893000,-0.211,9.922,-81.552,-78.789,375813000,11726000,29.94,1.351,1.303,154294000,-114590000,1180073000,1180073000,0,-0.019,-5.325,0.016,0.015,37402000,156336000,1.0,53259576,51344000,51344000,22.984,881390000,25943000,6284000,69131000,16.535,228947000
WMS,MRY,2016-12-31,2016-03-31,2016-03-31,2018-02-09,-21261000,1037316000,1066129500,439562000,597754000,1.211,3.454,-44942000,6555000,6555000,1005326000,30567000,1.743,3.857,424124000,55101000,369023000,424124000,0,71009000,0,0.009,0.2,67010000,138019000,0.107,138019000,67010000,48550000,0.4,0.39,0.4,187456000,185509500,187456000,1612754078,24,11.685,90400000,1.675,1.0,285352000,0.221,160754000,18460000,1041947000,1123934750,230466000,0,0,0,723080000,252184000,470896000,1155248078,2932000,-3188000,1765000,-68460000,-16240000,-82964000,-49018000,0,135342000,-428000,25052000,21401000,21401000,0,5515000,0.017,191018000,94334000,119606000,0.5,6.163,53.981,53.25,391744000,3651000,21.3,0.895,0.891,186883000,-101778000,1290678000,1290678000,0,0.02,0.115,0.06,0.052,4382000,180982000,1.0,54236999,53978000,55176000,23.911,876562000,15658000,23498000,66212000,16.151,187378000
WMS,MRY,2017-12-31,2017-03-31,2017-03-31,2018-02-09,-24815000,1046285000,1040739500,440566000,605719000,1.208,3.934,-51296000,6450000,6450000,961451000,35908000,1.723,3.125,428798000,59239000,369559000,428798000,0,72355000,0,0.011,0.24,75032000,147387000,0.117,147387000,75032000,57565000,0.51,0.5,0.51,222703000,224526000,222703000,1576955671,21,10.699,52943000,0.964,1.0,295810000,0.235,152324000,17467000,1060555000,1059961750,258430000,0,0,0,695850000,255754000,440096000,1206979671,-105000,-8573000,4011000,-22210000,-16820000,-42825000,-61259000,0,104239000,-260000,32950000,27971000,27971000,0,2958000,0.022,219482000,76328000,121922000,0.471,5.42,43.151,42.941,406858000,4979000,21.9,0.96,0.957,168943000,-83678000,1257261000,1257261000,0,0.027,0.125,0.071,0.06,17875000,202425000,1.0,55113227,54919000,55624000,22.893,893961000,0,24615000,52214000,15.79,184812000
