ticker,dimension,calendardate,datekey,reportperiod,lastupdated,accoci,assets,assetsavg,assetsc,assetsnc,assetturnover,bvps,capex,cashneq,cashnequsd,cor,consolinc,currentratio,de,debt,debtc,debtnc,debtusd,deferredrev,depamor,deposits,divyield,dps,ebit,ebitda,ebitdamargin,ebitdausd,ebitusd,ebt,eps,epsdil,epsusd,equity,equityavg,equityusd,ev,evebit,evebitda,fcf,fcfps,fxusd,gp,grossmargin,intangibles,intexp,invcap,invcapavg,inventory,investments,investmentsc,investmentsnc,liabilities,liabilitiesc,liabilitiesnc,marketcap,ncf,ncfbus,ncfcommon,ncfdebt,ncfdiv,ncff,ncfi,ncfinv,ncfo,ncfx,netinc,netinccmn,netinccmnusd,netincdis,netincnci,netmargin,opex,opinc,payables,payoutratio,pb,pe,pe1,ppnenet,prefdivis,price,ps,ps1,receivables,retearn,revenue,revenueusd,rnd,roa,roe,roic,ros,sbcomp,sgna,sharefactor,sharesbas,shareswa,shareswadil,sps,tangibles,taxassets,taxexp,taxliabilities,tbvps,workingcapital
WMT,MRY,2011-12-31,2012-01-31,2012-01-31,2018-03-30,-1410000000,193406000000,192186750000,54975000000,138431000000,2.323,20.846,-12930000000,6550000000,6550000000,334993000000,16387000000,0.882,1.65,53427000000,6348000000,47079000000,53427000000,0,8106000000,0,0.024,1.46,25943000000,34049000000,0.076,34049000000,25943000000,23623000000,4.54,4.52,4.54,71315000000,67856250000,71315000000,262312430378,10,7.704,11325000000,3.273,1.0,111516000000,0.25,20651000000,2320000000,157332000000,156664250000,40714000000,0,0,0,117645000000,62300000000,55345000000,210139430378,-845000000,-3548000000,-6298000000,3485000000,-5048000000,-8458000000,-16609000000,0,24255000000,-33000000,15699000000,15699000000,15699000000,21000000,688000000,0.035,85025000000,26491000000,36608000000,0.322,2.947,13.386,13.515,112324000000,0,61.36,0.471,0.475,5937000000,68691000000,446509000000,446509000000,0,0.082,0.231,0.166,0.058,0,85025000000,1.0,3424697366,3460000000,3474000000,129.049,172755000000,0,7924000000,9026000000,50.498,-7325000000
WMT,MRY,2012-12-31,2013-01-31,2013-01-31,2018-03-30,-587000000,203105000000,200421000000,59940000000,143165000000,2.338,22.85,-12366000000,7781000000,7781000000,352297000000,17756000000,0.835,1.59,54136000000,12719000000,41417000000,54136000000,0,8478000000,0,0.023,1.59,27206000000,35684000000,0.076,35684000000,27206000000,24957000000,5.04,5.02,5.04,76343000000,72369000000,76343000000,282813387258,10,7.925,13225000000,3.92,1.0,116354000000,0.248,20497000000,2249000000,157145000000,155485250000,43803000000,0,0,0,121367000000,71818000000,49549000000,233999387258,1231000000,0,-7600000000,1487000000,-5361000000,-11946000000,-12637000000,0,25591000000,223000000,16999000000,16999000000,16999000000,-52000000,757000000,0.036,88629000000,27725000000,38080000000,0.315,3.065,13.765,13.879,116681000000,0,69.95,0.499,0.504,6768000000,72978000000,468651000000,468651000000,0,0.085,0.235,0.175,0.058,0,88629000000,1.0,3345237845,3374000000,3389000000,138.901,182608000000,0,7958000000,9824000000,54.657,-11878000000
WMT,MRY,2013-12-31,2014-01-31,2014-01-31,2018-03-30,-2996000000,204751000000,204445750000,61185000000,143566000000,2.33,23.543,-12388000000,7281000000,7281000000,358069000000,16695000000,0.882,1.618,56641000000,12082000000,44559000000,56641000000,0,8870000000,0,0.025,1.88,26462000000,35332000000,0.074,35332000000,26462000000,24127000000,4.9,4.88,4.9,76255000000,72889500000,76255000000,294733485072,11,8.342,10869000000,3.325,1.0,118225000000,0.248,19510000000,2335000000,165256000000,161570500000,44858000000,0,0,0,123412000000,69345000000,54067000000,241647485072,-500000000,0,-6683000000,3015000000,-6139000000,-10789000000,-12526000000,0,23257000000,-442000000,16022000000,16022000000,16022000000,-144000000,673000000,0.034,91353000000,26872000000,37415000000,0.384,3.169,15.082,15.241,117907000000,0,74.68,0.507,0.513,6677000000,76566000000,476294000000,476294000000,0,0.078,0.22,0.164,0.056,0,91353000000,1.0,3235772430,3269000000,3283000000,145.7,185241000000,0,8105000000,8983000000,57.191,-8160000000
WMT,MRY,2014-12-31,2015-01-31,2015-01-31,2018-03-30,-7168000000,203490000000,204359250000,63278000000,140212000000,2.376,25.223,-11604000000,9135000000,9135000000,365086000000,17099000000,0.97,1.444,50165000000,6670000000,43495000000,50165000000,0,9173000000,0,0.023,1.92,26809000000,35982000000,0.074,35982000000,26809000000,24348000000,5.07,5.05,5.07,81394000000,77834250000,81394000000,322870677277,12,8.973,16960000000,5.251,1.0,120565000000,0.248,18102000000,2461000000,161165000000,164043250000,45141000000,0,0,0,117553000000,65253000000,52300000000,273906677277,1854000000,671000000,-1015000000,-5018000000,-6185000000,-15071000000,-11125000000,0,28564000000,-514000000,16363000000,16363000000,16363000000,-285000000,736000000,0.034,93418000000,27147000000,38410000000,0.379,3.365,16.739,16.761,116655000000,0,84.98,0.564,0.565,6778000000,85777000000,485651000000,485651000000,0,0.08,0.21,0.163,0.055,0,93418000000,1.0,3223189895,3230000000,3243000000,150.356,185388000000,0,7985000000,9826000000,57.449,-1975000000
WMT,MRY,2015-12-31,2016-01-31,2016-01-31,2018-03-30,-11597000000,199581000000,201023000000,60239000000,139342000000,2.398,25.449,-10842000000,8705000000,8705000000,360984000000,15080000000,0.932,1.44,50034000000,6004000000,44030000000,50034000000,0,9454000000,0,0.03,1.96,23800000000,33254000000,0.069,33254000000,23800000000,21252000000,4.58,4.57,4.58,80546000000,78890500000,80546000000,257949635008,10,7.757,16710000000,5.21,1.0,121146000000,0.251,16695000000,2548000000,159596000000,159399000000,44469000000,0,0,0,115970000000,64619000000,51351000000,212477635008,-430000000,246000000,-4112000000,-3158000000,-6294000000,-16285000000,-10675000000,0,27552000000,-1022000000,14694000000,14694000000,14694000000,0,386000000,0.03,97041000000,24105000000,38487000000,0.428,2.638,14.46,14.489,116516000000,0,66.36,0.441,0.441,5624000000,90021000000,482130000000,482130000000,0,0.073,0.186,0.149,0.049,0,97041000000,1.0,3201893234,3207000000,3217000000,150.337,182886000000,0,6558000000,7842000000,57.784,-4380000000
WMT,MRY,2016-12-31,2017-01-31,2017-01-31,2018-03-30,-14232000000,198825000000,200568250000,57689000000,141136000000,2.422,25.408,-10163000000,6867000000,6867000000,361256000000,14293000000,0.862,1.52,45938000000,3920000000,42018000000,45938000000,0,10080000000,0,0.03,2.0,22214000000,32294000000,0.066,32294000000,22214000000,19847000000,4.4,4.38,4.4,77798000000,76799750000,77798000000,249170721022,11,7.716,21510000000,6.936,1.0,124617000000,0.256,17037000000,2367000000,153931000000,155067250000,43046000000,0,0,0,118290000000,66928000000,51362000000,205104721022,-1838000000,-1801000000,-8298000000,-3591000000,-6216000000,-19072000000,-13987000000,-1901000000,31673000000,-452000000,13643000000,13643000000,13643000000,0,650000000,0.028,101853000000,22764000000,41433000000,0.455,2.636,15.034,15.168,114178000000,0,66.74,0.422,0.426,5835000000,89354000000,485873000000,485873000000,0,0.068,0.178,0.143,0.046,0,101853000000,1.0,3073190306,3101000000,3112000000,156.683,181788000000,0,6204000000,10265000000,59.369,-9239000000
WMT,MRY,2017-12-31,2018-01-31,2018-01-31,2018-03-30,-10181000000,204522000000,203805000000,59664000000,144858000000,2.455,26.343,-9673000000,6756000000,6756000000,373396000000,10523000000,0.76,1.589,46487000000,9662000000,36825000000,46487000000,0,10529000000,0,0.019,2.04,16792000000,27321000000,0.055,27321000000,16792000000,14462000000,3.29,3.28,3.29,77869000000,76023500000,77869000000,358690862037,21,13.129,18664000000,6.232,1.0,126947000000,0.254,18242000000,2330000000,147490000000,150240000000,43783000000,0,0,0,123700000000,78521000000,45179000000,315789862037,-111000000,671000000,-8296000000,-4496000000,-6124000000,-19875000000,-9060000000,0,28337000000,487000000,9862000000,9862000000,9862000000,0,661000000,0.02,106510000000,20437000000,46092000000,0.62,4.055,32.021,32.401,114818000000,0,106.6,0.631,0.638,5614000000,85107000000,500343000000,500343000000,0,0.048,0.13,0.112,0.034,0,106510000000,1.0,2962381445,2995000000,3010000000,167.059,186280000000,0,4600000000,8999000000,63.018,-18857000000
