ticker,dimension,calendardate,datekey,reportperiod,lastupdated,accoci,assets,assetsavg,assetsc,assetsnc,assetturnover,bvps,capex,cashneq,cashnequsd,cor,consolinc,currentratio,de,debt,debtc,debtnc,debtusd,deferredrev,depamor,deposits,divyield,dps,ebit,ebitda,ebitdamargin,ebitdausd,ebitusd,ebt,eps,epsdil,epsusd,equity,equityavg,equityusd,ev,evebit,evebitda,fcf,fcfps,fxusd,gp,grossmargin,intangibles,intexp,invcap,invcapavg,inventory,investments,investmentsc,investmentsnc,liabilities,liabilitiesc,liabilitiesnc,marketcap,ncf,ncfbus,ncfcommon,ncfdebt,ncfdiv,ncff,ncfi,ncfinv,ncfo,ncfx,netinc,netinccmn,netinccmnusd,netincdis,netincnci,netmargin,opex,opinc,payables,payoutratio,pb,pe,pe1,ppnenet,prefdivis,price,ps,ps1,receivables,retearn,revenue,revenueusd,rnd,roa,roe,roic,ros,sbcomp,sgna,sharefactor,sharesbas,shareswa,shareswadil,sps,tangibles,taxassets,taxexp,taxliabilities,tbvps,workingcapital
WNS,MRY,2011-12-31,2011-03-31,2011-03-31,2018-05-16,0,522595000,533307000,181455000,341140000,1.156,6.055,-14954000,27090000,27090000,490021000,17913000,0.927,0.973,106874000,63985000,42889000,106874000,12938000,49429000,0,0.0,0.0,30851000,80280000,0.13,80280000,30851000,19405000,0.4,0.4,0.4,264856000,255600000,264856000,557101704,18,6.939,20852000,0.477,1.0,126230000,0.205,250120000,11446000,156425000,173977000,0,13478000,11194000,2284000,257739000,195834000,61905000,461498704,-5221000,-494000,779000,-30340000,0,-28992000,-15416000,34000,35806000,3381000,17913000,17913000,17913000,0,0,0.029,110502000,15728000,43748000,0.0,1.742,25.763,26.375,47178000,0,10.55,0.749,0.749,109423000,46589000,616251000,616251000,0,0.034,0.07,0.177,0.05,2649000,79817000,1.0,43743953,43743953,,14.088,272475000,42020000,1492000,8234000,6.229,-14379000
WNS,MRY,2012-12-31,2012-03-31,2012-03-31,2018-05-16,0,525158000,523876500,225623000,299535000,0.905,6.383,-21006000,46725000,46725000,340951000,12533000,1.199,0.851,86670000,49996000,36674000,86670000,10252000,45436000,0,0.0,0.0,28006000,73442000,0.155,73442000,28006000,23989000,0.28,0.27,0.28,283690000,274273000,283690000,608799898,21,8.29,36241000,0.815,1.0,133171000,0.281,201836000,4017000,175092000,165758500,0,31660000,30108000,1552000,241468000,188175000,53293000,535546898,19635000,-2132000,50081000,-20252000,0,27435000,-50696000,-27558000,57247000,-14351000,12533000,12533000,12533000,0,0,0.026,107113000,26058000,47878000,0.0,1.888,42.731,43.036,45418000,0,12.05,1.13,1.13,102299000,58685000,474122000,474122000,0,0.024,0.046,0.169,0.059,4067000,77680000,1.0,44443726,44443726,,10.668,323322000,43849000,11456000,12280000,7.275,37448000
WNS,MRY,2013-12-31,2013-03-31,2013-03-31,2018-05-16,0,534893000,530025500,203806000,331087000,0.868,6.002,-20856000,27878000,27878000,311006000,21399000,1.117,0.779,96363000,62622000,33741000,96363000,9816000,41059000,0,0.0,0.0,34896000,75955000,0.165,75955000,34896000,31263000,0.43,0.41,0.43,300597000,292143500,300597000,778107705,22,10.244,43955000,0.878,1.0,149257000,0.324,179236000,3633000,241757000,208424500,0,101034000,54062000,46972000,234296000,182385000,51911000,738162705,-18847000,-7053000,278000,12840000,0,13157000,-89546000,-61637000,64811000,-7269000,21399000,21399000,21399000,0,0,0.046,108865000,40392000,29321000,0.0,2.456,34.495,34.279,48440000,0,14.74,1.604,1.604,89968000,80084000,460263000,460263000,0,0.04,0.073,0.167,0.076,5288000,87282000,1.0,50078881,50078881,,9.191,355657000,41642000,9864000,8794000,7.102,21421000
WNS,MRY,2014-12-31,2014-03-31,2014-03-31,2018-05-16,0,538425000,536659000,253860000,284565000,0.937,6.424,-19504000,33691000,33691000,327680000,41647000,1.373,0.657,84729000,71220000,13509000,84729000,7048000,37749000,0,0.0,0.0,58884000,96633000,0.192,96633000,58884000,55936000,0.82,0.79,0.82,324970000,312783500,324970000,979069792,16,10.132,61887000,1.223,1.0,174941000,0.348,152876000,2948000,251743000,246750000,0,123414000,90609000,32805000,213455000,184844000,28611000,910584792,5813000,-7608000,279000,-15319000,0,-14934000,-50895000,-23783000,81391000,-9749000,41647000,41647000,41647000,0,0,0.083,104884000,70057000,29059000,0.0,2.802,21.864,21.951,45165000,0,18.0,1.812,1.812,96699000,121731000,502621000,502621000,0,0.078,0.133,0.239,0.117,6829000,90620000,1.0,50588044,50588044,,9.936,385549000,37066000,14289000,6218000,7.621,69016000
WNS,MRY,2015-12-31,2015-03-31,2015-03-31,2018-05-16,0,530301000,534363000,315080000,215221000,0.999,7.578,-22362000,32448000,32448000,342715000,58614000,2.461,0.363,25709000,25709000,0,25709000,4283000,38579000,0,0.0,0.0,82363000,120942000,0.227,120942000,82363000,81031000,1.14,1.1,1.14,389106000,357038000,389106000,1299810124,15,10.747,73176000,1.425,1.0,191178000,0.358,122332000,1332000,273186000,262464500,0,163409000,157694000,5715000,141195000,128044000,13151000,1248772124,-1243000,-328000,534000,-55528000,0,-54895000,-40245000,-17555000,95538000,-1641000,58614000,58614000,58614000,0,0,0.11,113366000,77812000,22706000,0.0,3.209,21.305,21.333,48230000,0,24.32,2.339,2.339,95443000,180345000,533893000,533893000,0,0.11,0.164,0.314,0.154,9400000,101086000,1.0,51347538,51347538,,10.398,407969000,21331000,22417000,4260000,7.945,187036000
WNS,MRY,2016-12-31,2016-03-31,2016-03-31,2018-05-16,0,525451000,527876000,322458000,202993000,1.065,7.857,-27126000,41854000,41854000,365360000,59880000,3.121,0.287,0,0,0,0,3180000,40633000,0,0.0,0.0,81338000,121971000,0.217,121971000,81338000,81060000,1.17,1.12,1.17,408189000,398647500,408189000,1585029283,19,12.995,75741000,1.458,1.0,196819000,0.35,103359000,278000,276907000,275046500,0,151726000,146879000,4847000,117262000,103331000,13931000,1591768283,9406000,-2572000,-29158000,-26221000,0,-55150000,-30122000,-424000,102867000,-8189000,59880000,59880000,59880000,0,0,0.107,126450000,70369000,19862000,0.0,3.9,26.583,26.188,50417000,0,30.64,2.831,2.831,99229000,240225000,562179000,562179000,0,0.113,0.15,0.296,0.145,17690000,109746000,1.0,51950662,51950662,,10.821,422092000,22522000,21180000,3535000,8.125,219127000
WNS,MRY,2017-12-31,2017-03-31,2017-03-31,2018-05-16,0,704123000,614787000,363054000,341069000,0.98,7.92,-22424000,69803000,69803000,403324000,37763000,2.44,0.696,116743000,27613000,89130000,116743000,5856000,37442000,0,0.0,0.0,55840000,93282000,0.155,93282000,55840000,55293000,0.75,0.71,0.75,415066000,411627500,415066000,1457490357,26,15.625,69711000,1.33,1.0,199222000,0.331,230632000,547000,371667000,324287000,0,154403000,147393000,7010000,289057000,148764000,140293000,1499344357,27949000,-101280000,-55283000,116572000,0,61559000,-131267000,-2731000,92135000,5522000,37763000,37763000,37763000,0,0,0.063,157896000,41326000,14239000,0.0,3.612,39.704,38.147,54796000,0,28.61,2.488,2.488,109338000,277988000,602546000,602546000,0,0.061,0.092,0.172,0.093,22766000,124373000,1.0,52406304,52406304,,11.498,473491000,16687000,17530000,22122000,9.035,214290000
WNS,MRY,2018-12-31,2018-03-31,2018-03-31,2018-05-16,0,759563000,731843000,400549000,359014000,1.036,9.897,-33317000,99829000,99829000,503130000,86436000,2.395,0.535,89131000,27740000,61391000,89131000,3479000,35459000,0,0.0,0.0,106131000,141590000,0.187,141590000,106131000,101867000,1.72,1.63,1.72,494956000,455011000,494956000,2314009299,21,16.343,102991000,2.059,1.0,254826000,0.336,224838000,4264000,356766000,364216500,0,136485000,132698000,3787000,264607000,167261000,97346000,2267069299,30026000,-5592000,-38199000,-28454000,0,-66020000,-43583000,-4977000,136308000,3321000,86436000,86436000,86436000,0,0,0.114,163668000,91158000,19703000,0.0,4.58,26.228,26.355,60606000,0,45.33,2.991,2.991,133109000,364424000,757956000,757956000,0,0.118,0.19,0.291,0.14,29880000,159393000,1.0,50012559,50012559,,15.155,534725000,27395000,15431000,13074000,10.692,233288000
