ticker,dimension,calendardate,datekey,reportperiod,lastupdated,accoci,assets,assetsavg,assetsc,assetsnc,assetturnover,bvps,capex,cashneq,cashnequsd,cor,consolinc,currentratio,de,debt,debtc,debtnc,debtusd,deferredrev,depamor,deposits,divyield,dps,ebit,ebitda,ebitdamargin,ebitdausd,ebitusd,ebt,eps,epsdil,epsusd,equity,equityavg,equityusd,ev,evebit,evebitda,fcf,fcfps,fxusd,gp,grossmargin,intangibles,intexp,invcap,invcapavg,inventory,investments,investmentsc,investmentsnc,liabilities,liabilitiesc,liabilitiesnc,marketcap,ncf,ncfbus,ncfcommon,ncfdebt,ncfdiv,ncff,ncfi,ncfinv,ncfo,ncfx,netinc,netinccmn,netinccmnusd,netincdis,netincnci,netmargin,opex,opinc,payables,payoutratio,pb,pe,pe1,ppnenet,prefdivis,price,ps,ps1,receivables,retearn,revenue,revenueusd,rnd,roa,roe,roic,ros,sbcomp,sgna,sharefactor,sharesbas,shareswa,shareswadil,sps,tangibles,taxassets,taxexp,taxliabilities,tbvps,workingcapital
WSCI,MRY,2011-12-31,2011-08-28,2011-08-28,2018-03-21,0,18156821,17406286,8710308,9446513,1.434,3.698,-462588,2920078,2920078,20527925,899423,2.541,0.732,4924903,989191,3935712,4924903,0,1171259,0,0.03,0.16,1694457,2865716,0.115,2865716,1694457,1405349,0.32,0.31,0.32,10485625,10086899,10485625,17973132,10,6.272,2227548,0.788,1.0,4435310,0.178,2368452,289108,14365771,15078222,2016325,0,0,0,7671196,3427423,4243773,15457209,572965,0,32510,-1256857,-452137,-1654583,-462588,0,2690136,0,899423,899423,899423,0,0,0.036,2759493,1675817,1302958,0.5,1.474,17.186,16.718,7078061,0,5.35,0.619,0.606,3292227,7322100,24963235,24963235,0,0.052,0.089,0.112,0.068,183331,2759493,1.0,2889252,2825921,2877064,8.834,15788369,254439,505926,308061,5.568,5282885
WSCI,MRY,2012-12-31,2012-08-26,2012-08-26,2018-03-21,0,23074091,20727833,11390813,11683278,1.566,4.085,-573304,2911961,2911961,26692413,1473362,2.29,0.978,6840149,1377295,5462854,6840149,0,1459617,0,0.022,0.16,2617825,4077442,0.126,4077442,2617825,2302131,0.52,0.51,0.52,11666700,10973434,11666700,25859611,9,6.342,1614412,0.567,1.0,5763540,0.178,2368452,315694,19659542,18342559,2920390,0,0,0,11407391,4974285,6433106,20904326,-8117,0,0,-1198832,-456081,-1622529,-573304,0,2187716,0,1473362,1473362,1473362,0,0,0.045,3160092,2603448,2345709,0.308,1.792,14.188,13.838,9314826,0,7.196,0.644,0.632,5198987,8339381,32455953,32455953,0,0.071,0.134,0.143,0.081,165625,3160092,1.0,2905033,2849066,2902903,11.392,20705639,140843,828769,970252,7.249,6416528
WSCI,MRY,2013-12-31,2013-08-25,2013-08-25,2018-03-21,0,28618652,25928447,10932771,17685881,1.31,4.2,-4214878,1906218,1906218,29785439,729687,2.191,1.358,12090305,1921708,10168597,12090305,0,1865968,0,0.026,0.16,1493215,3359183,0.099,3359183,1493215,1140136,0.25,0.25,0.25,12137930,12047093,12137930,26452117,17,7.875,-2194090,-0.761,1.0,4179833,0.123,2387168,353079,31425889,25868244,3279506,0,0,0,16480722,4989682,11491040,18008389,-1005743,0,21560,1622618,-461841,-1188347,-4214878,0,2020788,0,729687,729687,729687,0,0,0.021,2695723,1484110,2605249,0.64,1.484,24.68,24.8,15298713,0,6.2,0.53,0.526,5318285,8607227,33965272,33965272,0,0.028,0.061,0.058,0.044,221329,2695723,1.0,2904579,2882949,2942827,11.781,26231484,118280,410449,1322443,9.078,5943089
WSCI,MRY,2014-12-31,2014-08-31,2014-08-31,2018-03-21,0,28991160,28615952,13304489,15686671,1.493,4.515,-228747,3233436,3233436,37319981,1224124,2.492,1.211,10170284,1615041,8555243,10170284,0,2227957,0,0.021,0.16,2323000,4550957,0.107,4550957,2323000,1912835,0.42,0.41,0.42,13114275,12744782,13114275,29198410,12,6.416,3697171,1.275,1.0,5394259,0.126,2383157,410165,28206881,28997376,3767027,0,0,0,15876885,5337970,10538915,22104303,1327218,0,13840,-1920021,-463772,-2369953,-228747,0,3925918,0,1224124,1224124,1224124,0,0,0.029,3076663,2317596,2869029,0.381,1.686,18.057,18.095,13303514,0,7.6,0.517,0.516,5963498,9367580,42714240,42714240,0,0.043,0.096,0.08,0.054,241662,3076663,1.0,2908461,2899576,2964384,14.731,26608003,112829,688711,1983672,9.161,7966519
WSCI,MRY,2015-12-31,2015-08-30,2015-08-30,2018-03-21,0,29026622,28878448,13746575,15280047,1.488,4.759,-192009,4149645,4149645,38658881,997068,2.795,1.092,9870614,1527688,8342926,9870614,0,1990523,0,0.029,0.16,1358081,3348604,0.078,3348604,1358081,1011784,0.34,0.34,0.34,13874732,13673327,13874732,23253238,17,6.944,3048701,1.048,1.0,4324056,0.101,2379147,346297,27449674,27895009,5951706,0,0,0,15151890,4918770,10233120,16338805,916209,0,8520,-1691560,-465337,-2132492,-192009,0,3240710,0,997068,997068,997068,0,0,0.023,2971576,1352480,2793948,0.471,1.178,16.387,16.5,12900900,0,5.61,0.38,0.38,2985256,9899311,42982937,42982937,0,0.035,0.073,0.049,0.032,219323,2971576,1.0,2912443,2910426,2960398,14.769,26647475,117904,14716,1890194,9.139,8827805
WSCI,MRY,2016-12-31,2016-08-28,2016-08-28,2018-03-21,0,25982586,27160696,10896632,15085954,1.297,4.788,-377311,4989324,4989324,32291726,173048,2.856,0.859,8343233,1557801,6785432,8343233,0,1836404,0,0.022,0.08,-65787,1770617,0.05,1770617,-65787,-374248,0.06,0.06,0.06,13979233,13940354,13979233,12942353,-196,7.31,2600620,0.891,1.0,2924258,0.083,2375136,308461,23146173,23995884,3047512,0,0,0,12003353,3815186,8188167,10597785,-410321,0,0,-1527381,-233560,-3010941,-377311,0,2977931,0,173048,173048,173048,0,0,0.005,3011651,-87393,1729251,1.333,0.758,61.242,60.5,11460818,0,3.63,0.301,0.301,3823545,9838799,35215984,35215984,0,0.006,0.012,-0.003,-0.002,165013,3011651,1.0,2919500,2919500,2928126,12.062,23607450,0,-547296,1402735,8.086,7081446
WSCI,MRY,2017-12-31,2017-08-27,2017-08-27,2018-03-21,0,24485368,24654386,11796108,12689260,1.243,4.54,-806345,5846933,5846933,28195168,-814297,2.514,0.822,6879905,1438057,5441848,6879905,0,1807504,0,0.0,0.0,-1028835,778669,0.025,778669,-1028835,-1304329,-0.28,-0.28,-0.28,13436574,13435502,13436574,10995292,-10,14.121,2322904,0.793,1.0,2445914,0.08,2368452,275494,18458010,19542656,3131679,0,0,0,11048794,4691878,6356916,9323291,2107609,0,0,-1425959,0,-215295,-806345,0,3129249,0,-814297,-814297,-814297,0,0,-0.027,3493304,-1047390,2058992,0.0,0.694,-11.449,-11.25,10320808,0,3.15,0.304,0.301,2739087,9024502,30641082,30641082,0,-0.033,-0.061,-0.053,-0.034,301726,3345802,1.0,2959775,2930580,2930580,10.456,22116916,0,-490032,915068,7.472,7104230
