ticker,dimension,calendardate,datekey,reportperiod,lastupdated,accoci,assets,assetsavg,assetsc,assetsnc,assetturnover,bvps,capex,cashneq,cashnequsd,cor,consolinc,currentratio,de,debt,debtc,debtnc,debtusd,deferredrev,depamor,deposits,divyield,dps,ebit,ebitda,ebitdamargin,ebitdausd,ebitusd,ebt,eps,epsdil,epsusd,equity,equityavg,equityusd,ev,evebit,evebitda,fcf,fcfps,fxusd,gp,grossmargin,intangibles,intexp,invcap,invcapavg,inventory,investments,investmentsc,investmentsnc,liabilities,liabilitiesc,liabilitiesnc,marketcap,ncf,ncfbus,ncfcommon,ncfdebt,ncfdiv,ncff,ncfi,ncfinv,ncfo,ncfx,netinc,netinccmn,netinccmnusd,netincdis,netincnci,netmargin,opex,opinc,payables,payoutratio,pb,pe,pe1,ppnenet,prefdivis,price,ps,ps1,receivables,retearn,revenue,revenueusd,rnd,roa,roe,roic,ros,sbcomp,sgna,sharefactor,sharesbas,shareswa,shareswadil,sps,tangibles,taxassets,taxexp,taxliabilities,tbvps,workingcapital
WWW,MRY,2011-12-31,2011-12-31,2011-12-31,2018-05-09,-71029000,851652000,852492500,634496000,217156000,1.653,5.991,-19300000,140012000,140012000,852300000,123300000,4.268,0.472,11515000,11515000,0,11515000,0,15900000,0,0.013,0.24,169900000,185800000,0.132,185800000,169900000,168900000,1.27,1.24,1.27,578650000,589896500,578650000,1683326625,9,9.06,59500000,0.616,1.0,556800000,0.395,57394000,1000000,517083000,540551750,231738000,0,0,0,273002000,148678000,124324000,1721197625,-10400000,0,-53400000,10500000,-22700000,-62300000,-22600000,0,78800000,-4300000,123300000,123300000,123300000,0,0,0.088,386900000,169900000,57099000,0.189,2.975,13.959,14.031,78489000,0,17.82,1.221,1.221,219963000,889765000,1409100000,1409100000,0,0.145,0.209,0.314,0.121,10800000,386600000,1.0,96587970,96587970,,14.589,794258000,52150000,45600000,10915000,8.223,485818000
WWW,MRY,2012-12-31,2012-12-29,2012-12-29,2018-05-09,-87500000,2614400000,1340325000,1074900000,1539500000,1.224,6.553,-14900000,171400000,171400000,1012600000,80800000,3.366,3.068,1250000000,30700000,1219300000,1250000000,0,27700000,0,0.012,0.24,113300000,141000000,0.086,141000000,113300000,94100000,0.84,0.81,0.84,642400000,635925000,642400000,1852102977,16,13.135,76700000,0.782,1.0,628200000,0.383,1293200000,19200000,2080500000,955950000,466200000,0,0,0,1970700000,319300000,1651400000,1969448977,31400000,-1228800000,-2500000,1198400000,-23600000,1183400000,-1246100000,0,91600000,2500000,80700000,80700000,80700000,0,100000,0.049,514800000,113400000,160900000,0.286,3.066,24.405,23.917,149700000,0,20.09,1.2,1.2,353600000,633400000,1640800000,1640800000,0,0.06,0.127,0.119,0.069,5100000,482000000,1.0,98031308,98031308,,16.738,1321200000,28900000,13400000,240500000,13.477,755600000
WWW,MRY,2013-12-31,2013-12-28,2013-12-28,2018-05-09,-9200000,2622200000,2643550000,1118000000,1504200000,1.018,8.327,-38900000,214200000,214200000,1626600000,101000000,3.395,2.126,1150000000,53300000,1096700000,1150000000,0,56200000,0,0.004,0.15,179100000,235300000,0.087,235300000,179100000,127100000,1.01,0.99,1.01,837600000,744850000,837600000,4353755099,24,18.503,163400000,1.625,1.0,1064500000,0.396,1262500000,52000000,1966200000,2044300000,428200000,0,0,0,1780800000,329300000,1451500000,3359455099,42800000,-2500000,7800000,-102300000,-23700000,-112800000,-44700000,0,202300000,-2000000,100400000,100400000,100400000,0,600000,0.037,871700000,192800000,135200000,0.149,4.011,33.461,33.069,151900000,0,33.4,1.248,1.248,398100000,743100000,2691100000,2691100000,0,0.038,0.135,0.088,0.067,24800000,830000000,1.0,100582488,100582488,,26.755,1359700000,32500000,26700000,253900000,13.518,788700000
WWW,MRY,2014-12-31,2015-01-03,2015-01-03,2018-05-09,-49500000,2504500000,2648200000,1042200000,1462300000,1.043,9.191,-30000000,223800000,223800000,1674800000,133900000,3.059,1.678,900800000,46700000,854100000,900800000,0,53300000,0,0.008,0.3,226100000,279400000,0.101,279400000,226100000,180700000,1.33,1.3,1.33,933500000,916825000,933500000,3813578427,16,13.649,284600000,2.802,1.0,1086300000,0.393,1241400000,45400000,1599400000,1911625000,414000000,0,0,0,1566500000,340700000,1225800000,2948478427,9600000,-1100000,-3200000,-249800000,-24000000,-270400000,-34800000,0,314600000,200000,133100000,133100000,133100000,0,800000,0.048,858100000,228200000,149400000,0.18,3.159,22.152,21.827,136800000,0,29.03,1.068,1.068,312700000,852200000,2761100000,2761100000,0,0.05,0.145,0.118,0.082,19500000,815200000,1.0,101566601,101566601,,27.185,1263100000,30900000,47600000,217000000,12.436,701500000
WWW,MRY,2015-12-31,2016-01-02,2016-01-02,2018-05-09,-56100000,2434400000,2495675000,1013800000,1420600000,1.079,9.366,-46400000,194100000,194100000,1639900000,123200000,2.87,1.52,809800000,16900000,792900000,809800000,0,48700000,0,0.014,0.24,202400000,251100000,0.093,251100000,202400000,164200000,1.22,1.2,1.22,963700000,987200000,963700000,2348482876,11,9.353,169100000,1.644,1.0,1051700000,0.391,1211800000,38200000,1485000000,1561125000,466600000,0,0,0,1464700000,353300000,1111400000,1719282876,-29700000,0,-87000000,-83300000,-24400000,-187300000,-50000000,0,215500000,-7900000,122800000,122800000,122800000,0,400000,0.046,847300000,204400000,199700000,0.197,1.784,14.001,13.697,131600000,0,16.71,0.639,0.639,298900000,950800000,2691600000,2691600000,0,0.049,0.124,0.13,0.075,13800000,816000000,1.0,102889460,102889460,,26.16,1222600000,3700000,41400000,178600000,11.883,660500000
WWW,MRY,2016-12-31,2016-12-31,2016-12-31,2018-05-09,-81100000,2431700000,2517200000,1031400000,1400300000,0.991,9.796,-55300000,369800000,369800000,1534700000,87500000,3.091,1.508,820700000,40400000,780300000,820700000,0,43500000,0,0.011,0.24,145500000,189000000,0.076,189000000,145500000,110700000,0.9,0.89,0.9,966500000,991975000,966500000,2687096065,18,14.217,241000000,2.443,1.0,959900000,0.385,1186600000,34800000,1362300000,1455000000,348700000,0,0,0,1457600000,333700000,1123900000,2165596065,175700000,7300000,-50200000,-8600000,-23500000,-79500000,-38400000,0,296300000,-2700000,87700000,87700000,87700000,0,-200000,0.035,796500000,163400000,150800000,0.267,2.241,24.693,24.389,146100000,0,21.95,0.868,0.868,263300000,1015100000,2494600000,2494600000,0,0.035,0.088,0.1,0.058,22200000,758000000,1.0,98660413,98660413,,25.285,1245100000,2300000,23000000,161000000,12.62,697700000
WWW,MRY,2017-12-31,2017-12-30,2017-12-30,2018-05-09,-75200000,2399000000,2426375000,1074300000,1324700000,0.969,9.925,-32400000,481000000,481000000,1435600000,-700000,2.965,1.52,782600000,38000000,744600000,782600000,0,37200000,0,0.008,0.24,22500000,59700000,0.025,59700000,22500000,-9600000,0.0,0.0,0.0,949600000,984625000,949600000,3504301289,155,58.699,170300000,1.78,1.0,914400000,0.389,1111300000,32100000,1227000000,1334050000,276700000,0,0,0,1443800000,362300000,1081500000,3050301289,111200000,36500000,-35600000,-40200000,-23000000,-98000000,-1000000,0,202700000,7500000,300000,300000,300000,0,-1000000,0.0,892900000,21500000,162300000,,3.212,10167.671,,136700000,0,31.88,1.298,1.298,271300000,992200000,2350000000,2350000000,0,0.0,0.0,0.017,0.01,25400000,713700000,1.0,95680718,95680718,,24.561,1287700000,4300000,-9900000,84200000,13.458,712000000
