ticker,dimension,calendardate,datekey,reportperiod,lastupdated,accoci,assets,assetsavg,assetsc,assetsnc,assetturnover,bvps,capex,cashneq,cashnequsd,cor,consolinc,currentratio,de,debt,debtc,debtnc,debtusd,deferredrev,depamor,deposits,divyield,dps,ebit,ebitda,ebitdamargin,ebitdausd,ebitusd,ebt,eps,epsdil,epsusd,equity,equityavg,equityusd,ev,evebit,evebitda,fcf,fcfps,fxusd,gp,grossmargin,intangibles,intexp,invcap,invcapavg,inventory,investments,investmentsc,investmentsnc,liabilities,liabilitiesc,liabilitiesnc,marketcap,ncf,ncfbus,ncfcommon,ncfdebt,ncfdiv,ncff,ncfi,ncfinv,ncfo,ncfx,netinc,netinccmn,netinccmnusd,netincdis,netincnci,netmargin,opex,opinc,payables,payoutratio,pb,pe,pe1,ppnenet,prefdivis,price,ps,ps1,receivables,retearn,revenue,revenueusd,rnd,roa,roe,roic,ros,sbcomp,sgna,sharefactor,sharesbas,shareswa,shareswadil,sps,tangibles,taxassets,taxexp,taxliabilities,tbvps,workingcapital
YGE,MRY,2011-12-31,2011-12-31,2011-12-31,2018-04-30,138999000,27483413000,25835953500,12738295000,14745118000,0.568,45.156,-5561398000,5613320000,890417477,12228286000,-3265777000,0.984,2.896,14222711000,8364421000,5858290000,2256089169,894021000,909384000,0,0.0,0.0,-2715587000,-1806203000,-0.123,-286510428,-430762209,-3342324000,-204.6,-204.6,-32.455,7053661000,8663638500,1118892747,1047296675,-2,-3.655,-5220569000,-33.421,6.304,2449679000,0.167,633605000,626737000,22509587000,19533935500,2670919000,0,0,0,20429752000,12949612000,7480140000,593580189,-1675094000,54851000,-123237000,4694223000,0,3554893000,-5504655000,-123707000,340829000,-66161000,-3208911000,-3208911000,-509016132,0,-56866000,-0.219,5144747000,-2695068000,3219805000,0.0,0.531,-1.166,-1.171,12389184000,0,38.0,0.255,2.549,2130377000,-1342098000,14677965000,2328304207,284909000,-0.124,-0.37,-0.139,-0.185,73858000,1420750000,0.1,156205313,156205313,,14.905,26849808000,948982000,-133413000,0,171.888,-211317000
YGE,MRY,2012-12-31,2012-12-31,2012-12-31,2018-04-30,237384000,27153586000,27318499500,11112874000,16040712000,0.417,26.957,-2041767000,3051743000,489388656,11760729000,-3191887000,0.859,5.439,15514378000,7526015000,7988363000,2487942337,813679000,1196240000,0,0.0,0.0,-2373030000,-1176790000,-0.103,-188714343,-380547760,-3270154000,-195.9,-195.9,-31.415,4216771000,5635216000,676216803,1726021946,-4,-9.146,-4097461000,-26.194,6.236,-368801000,-0.032,772995000,897124000,25902257000,24205922000,2523550000,0,0,0,22936815000,12940969000,9995846000,358688410,-2096173000,0,-3493000,1417494000,0,2003847000,-2027791000,-200000000,-2055694000,-16535000,-3064412000,-3064412000,-491420303,0,-127475000,-0.269,2154515000,-2523316000,4033817000,0.0,0.53,-0.73,-0.748,13218200000,0,23.5,0.196,2.012,3634151000,-4406510000,11391928000,1826851193,187538000,-0.112,-0.544,-0.098,-0.208,35503000,1697919000,0.1,152633366,156425307,156425307,11.679,26380591000,559815000,-205742000,0,168.647,-1828095000
YGE,MRY,2013-12-31,2013-12-31,2013-12-31,2018-04-30,289889000,27449544000,27301565000,11356528000,16093016000,0.491,13.581,-1109575000,2797808000,461244935,11959239000,-2054898000,0.794,11.905,15070033000,6765004000,8305029000,2484436531,1364408000,1298379000,0,0.0,0.0,-941803000,356576000,0.027,58784903,-155265073,-1913400000,-124.1,-124.1,-20.459,2127065000,3171918000,350666650,2801670867,-18,47.66,-757024000,-4.834,6.066,1458854000,0.109,761794000,971597000,24657423000,25279840000,2164902000,216276000,0,216276000,25322479000,14302552000,11019927000,790754351,-36424000,0,517272000,-706086000,0,-182686000,-670585000,88962000,352551000,28154000,-1944425000,-1944425000,-320556730,0,-110473000,-0.145,2577236000,-1118382000,6097594000,0.0,2.255,-2.467,-2.468,13128479000,0,50.5,0.357,3.575,4255730000,-6350935000,13418093000,2212098701,288558000,-0.071,-0.613,-0.037,-0.07,15885000,1805431000,0.1,156585020,156619791,156619791,14.124,26687750000,1257884000,31025000,4856000,170.398,-2946024000
YGE,MRY,2014-12-31,2014-12-31,2014-12-31,2018-04-30,312110000,27108450000,27278997000,11324297000,15784153000,0.474,7.498,-158843000,2401458000,387709138,10689132000,-1401335000,0.626,19.826,15051973000,10183658000,4868315000,2430101834,1727723000,1410125000,0,0.0,0.0,-194215000,1215910000,0.094,196305502,-31355505,-1210086000,-74.9,-74.9,-12.092,1301681000,1714373000,210153006,2293349254,-73,11.683,275110000,1.585,6.194,2238245000,0.173,662124000,1015871000,21020115000,22838769000,2099082000,423301000,0,423301000,25806769000,18076726000,7730043000,368394859,171695000,1941000,0,-3043746000,0,-2249652000,-315845000,-239792000,433953000,23222000,-1299809000,-1299809000,-209850777,0,-101526000,-0.101,2453439000,-215194000,6430738000,0.0,1.753,-1.756,-1.943,12110794000,0,23.5,0.177,1.955,4101027000,-7650744000,12927377000,2087091344,573792000,-0.048,-0.758,-0.009,-0.015,34932000,1710276000,0.1,156763770,173613085,173613085,12.022,26446326000,1262379000,89723000,4301000,152.329,-6752429000
YGE,MRY,2015-12-31,2015-12-31,2015-12-31,2018-04-30,180025000,17640282000,22374366000,8403382000,9236900000,0.445,-32.678,1327292000,1587675000,244583929,8778456000,-5898836000,0.537,-3.763,12161065000,9199076000,2961989000,1873431946,1537958000,1185257000,0,0.0,0.0,-3892159000,-2706902000,-0.272,-417002678,-599593457,-4869335000,-308.1,-308.1,-47.463,-5939684000,-2319001500,-915018031,2129370411,-3,-5.106,2311959000,12.72,6.491,1187330000,0.119,470092000,977176000,12082863000,16551489000,1484314000,459721000,0,459721000,22352433000,15660717000,6691716000,82338987,-734107000,67403000,0,-370334000,0,29211000,1413458000,-55818000,984667000,50264000,-5600526000,-5600526000,-862770187,0,-298310000,-0.562,5415355000,-4228025000,5751071000,0.0,-0.09,-0.095,-0.095,6846482000,0,4.53,0.054,0.536,3223980000,-13252929000,9965786000,1535245627,396991000,-0.25,2.415,-0.235,-0.391,11950000,1377465000,0.1,181763770,181763770,181763770,8.446,17170190000,424246000,731191000,4093000,94.464,-7257335000
YGE,MRY,2016-12-31,2016-12-31,2016-12-31,2018-04-30,-54651000,13499814000,15570048000,6629713000,6870101000,0.538,-45.93,-110031000,868439000,125048813,7224226000,-2118969000,0.47,-2.479,11866793000,9064820000,2801973000,1708730704,1077234000,896694000,0,0.0,0.0,-1421542000,-524848000,-0.063,-75574242,-204691567,-2084759000,-115.4,-115.4,-16.617,-8348377000,-7144030500,-1202104740,1667458400,-8,-22.064,-525435000,-2.891,6.945,1151873000,0.138,460790000,663217000,9940304000,11011583500,1314834000,355192000,0,355192000,20692013000,14097074000,6594939000,47258580,-128588000,43720000,0,36115000,0,29568000,-398178000,-352848000,-415404000,-26035000,-2097654000,-2097654000,-302046711,0,-21315000,-0.25,2836738000,-1684865000,4110290000,0.0,-0.039,-0.156,-0.156,4879086000,0,2.6,0.039,0.392,2128915000,-15428426000,8376099000,1206096503,146850000,-0.135,0.294,-0.129,-0.17,1480000,1173631000,0.1,181763770,181763770,181763770,6.636,13039024000,396364000,12895000,13019000,71.736,-7467361000
YGE,MRY,2017-12-31,2017-12-31,2017-12-31,2018-04-30,119592000,10342835000,11921324500,6369070000,3973765000,0.702,-63.174,-261837000,720741000,108945673,8058960000,-3450858000,0.397,-1.814,11665991000,10516484000,1149507000,1763406342,1172763000,495834000,0,0.0,0.0,-2654090000,-2158256000,-0.258,-326237378,-401186589,-3317808000,-182.5,-182.5,-27.586,-11482713000,-9915545000,-1735702430,1628317542,-4,-4.991,-161070000,-0.886,6.616,304764000,0.036,451469000,663718000,4800907000,7370605500,1133486000,226115000,37220000,188895000,20835301000,16035709000,4799592000,30718077,-19763000,38031000,0,5551000,0,4545000,-232888000,-12381000,100767000,-4001000,-3318028000,-3318028000,-501546042,0,-132830000,-0.397,3247627000,-2942863000,3942652000,0.0,-0.018,-0.061,-0.061,2687909000,0,1.69,0.024,0.243,2174188000,-18746454000,8363724000,1264242699,138262000,-0.278,0.335,-0.36,-0.317,1073000,822864000,0.1,181763770,181763770,181763770,6.955,9891366000,424575000,220000,13305000,54.419,-9666639000
